4516 6318
550 327 643 415 106
996 326 1078 412 Dia
1112 324 1171 412 l5
1203 322 1429 412 Februarii
1461 321 1600 412 1879.

550 450 738 554 litatem,
755 479 811 562 ne
833 449 929 536 lites
952 463 1274 549 enascerentur,
1302 447 1434 534 etiam
1457 446 1627 564 collegii
1656 464 1786 564 caput
1808 446 2070 537 interveni·

552 605 601 662 re
623 573 806 677 debere;
830 570 1000 661 addidit
1033 571 1108 659 scd
1133 599 1237 658 vcro
1265 609 1282 650 ι
1312 573 1493 688 qualora
1516 570 1589 658 dal
1621 573 1810 660 Parroco
1833 573 1869 658 si
1887 571 2069 662 lacesse

558 739 575 777 ι
614 695 897 816 opposicione
931 725 1008 810 per
1042 694 1289 782 interventa
1322 693 1396 782 del
1427 709 1613 782 connato
1646 698 1766 810 Capo
1805 695 2061 812 Collegiale

558 861 575 900 ι
613 851 660 909 se
694 849 748 906 ne
783 817 961 936 redigga
995 816 1025 904 it
1059 817 1381 906 circostanziato
1415 834 1623 935 rapporto
1646 818 1717 907 dal
1751 816 1958 922 Sindaco,
1984 815 2067 907 aui

558 983 575 1020 ι
615 941 881 1058 suspenderit
929 940 971 1027 la
1013 940 1300 1058 stipulacione
1333 938 1429 1028 sino
1479 939 1535 1028 ad
1577 940 1773 1028 ulteriori
1811 938 2066 1058 provvedi·

558 1105 575 1144 c
615 1063 770 1152 menti.
816 1103 833 1142 ι
871 1063 941 1152 ΝἰΙ
978 1063 1138 1152 mirum
1174 1062 1366 1152 subinde
1397 1062 1432 1148 si
1465 1062 1690 1181 delegatus
1724 1063 2064 1152 Communista·

553 1219 651 1274 rum
686 1186 765 1274 bac
782 1203 956 1303 arrepta
979 1188 1206 1276 occasione
1229 1203 1272 1274 et
1295 1185 1407 1274 lorte
1431 1185 1577 1274 bonae
1609 1185 1713 1275 fidei
1737 1182 1920 1274 Parocbi
1943 1217 2064 1274 con-

554 1308 656 1398 fisus
690 1309 805 1399 illico
837 1308 1079 1428 quamdam
1112 1308 1317 1398 cessionis
1351 1307 1492 1398 dictae
1536 1340 1736 1398 summae
1768 1311 1960 1426 speciem
1996 1307 2065 1406 ab

554 1433 714 1522 eudem
751 1433 913 1548 exegit,
950 1432 1171 1548 spondens
1219 1463 1274 1520 ex
1306 1431 1443 1519 altera
1478 1450 1603 1548 parte
1636 1463 1937 1549 «paparo...
1969 1497 1981 1518 .
2016 1431 2066 1518 la

555 1587 711 1642 somma
744 1554 792 1642 di
824 1587 926 1644 onze
962 1573 1170 1672 perarante
1209 1553 1386 1642 annuali
1418 1555 1464 1640 al
1496 1553 1716 1644 mcdcsimo
1738 1553 1888 1642 donate
1909 1555 2064 1670 plasta

555 1679 573 1766 i
606 1677 784 1796 capitoli
817 1677 932 1765 della
962 1677 1218 1798 fundacione
1236 1675 1349 1764 della
1374 1676 1487 1766 detta
1520 1678 1758 1766 Reverendo
1774 1677 2001 1766 Cumania.
2033 1716 2054 1756 ι

681 1803 863 1890 Sextum
898 1800 1158 1916 aggrediens
1190 1800 1377 1888 dubium
1415 1803 1551 1890 anus
1583 1801 1762 1892 Praesul
1785 1815 2063 1917 praemonet

553 1925 625 2016 dic
660 1927 719 2012 19
753 1923 864 2012 lunii
910 1925 1031 2010 1761
1075 1924 1402 2014 Communistas
1446 1924 1687 2012 obtinuisse
1727 1925 1785 2012 ab
1832 1924 2058 2042 Episcopo

557 2049 806 2136 auctoritate
838 2046 1067 2134 ordinaria
1100 2045 1350 2136 facultatem
1387 2046 1586 2165 gestandi
1609 2046 1982 2165 superpelliceum
2013 2059 2063 2134 et

558 2171 788 2260 almutium
806 2171 916 2288 nigri
931 2168 1101 2272 coloris,
1116 2167 1237 2288 quod
1253 2169 1358 2258 dein
1376 2170 1419 2256 in
1436 2171 1679 2260 violaceum
1694 2201 1955 2259 conversum
1969 2168 2064 2256 luit

558 2293 803 2412 Episcopali
837 2291 1106 2396 auctoritate,
1123 2293 1243 2381 adito
1267 2292 1309 2380 ia
1330 2295 1376 2382 S.
1402 2292 1658 2382 Visitatione
1691 2295 1866 2383 decreto
1893 2291 1967 2380 die
1997 2291 2061 2382 17

555 2415 829 2536 Septembris
854 2414 992 2504 1801.
1015 2419 1149 2504 Porro
1185 2415 1385 2532 Episcopi
1409 2415 1452 2502 in
1477 2417 1559 2506 hac
1588 2417 1775 2506 materia
1814 2416 2060 2504 habituum

557 2555 602 2630 ot
633 2539 873 2657 insignium
908 2539 950 2625 in
985 2539 1117 2626 choro
1159 2568 1239 2655 per
1282 2538 1395 2655 ipsos
1428 2540 1658 2628 santonicos
1695 2539 2054 2657 gestandorum,

556 2663 770 2752 aretiam
804 2663 917 2750 circa
952 2661 1124 2750 illorum
1159 2659 1325 2750 colores
1359 2662 1524 2750 nullam
1545 2695 1720 2779 prorsus
1738 2662 2055 2752 auctoritatem

555 2786 734 2890 babent,
772 2815 872 2872 cum
905 2785 1054 2872 omnia
1087 2788 1232 2903 Papae
1264 2785 1349 2872 sint
1385 2802 1625 2892 reservata,
1646 2817 1728 2876 ceu
1762 2785 1894 2874 tradit
1926 2785 2059 2874 Scar-

556 2910 667 3030 fant.
717 2905 775 2994 acl
823 2908 1040 3022 Cercoper.
1076 2907 1257 2996 ercabr.
1295 2907 1456 2996 Canon.
1496 2908 1570 2996 tit.
1609 2909 1628 2995 1
1673 2911 1740 2998 n't.
1779 2912 1806 2998 7
1840 2941 1953 2996 trum.
1999 2908 2049 3005 3,

554 3034 672 3122 llice.
708 3030 836 3118 decis.
875 3032 965 3120 332
998 3063 1112 3118 utrm.
1150 3035 1177 3119 3
1212 3029 1258 3151 S.
1295 3030 1528 3134 Cacteram,
1574 3033 1665 3120 Pit.
1712 3031 1888 3147 discept.
1924 3029 2051 3119 Eccl.

554 3157 776 3244 lldaam.
798 3155 857 3242 17
884 3171 980 3242 taut.
1009 3155 1055 3259 1,
1092 3155 1169 3244 ubi
1210 3154 1344 3242 babet
1377 3155 1496 3273 quod
1532 3156 1610 3244 iste
1649 3154 1872 3244 babitus«
1909 3183 2060 3274 neque

561 3321 578 3357 ι
617 3279 775 3397 gestari
813 3277 971 3381 licitus,
1009 3275 1091 3365 nisi
1125 3292 1357 3366 concurrat
1402 3278 1592 3392 speciale
1631 3278 1910 3396 privilegium
1934 3282 2056 3393 Apo·

560 3441 577 3480 ι
617 3402 833 3504 stolioum,
870 3400 1129 3517 praesertim
1165 3401 1391 3490 resistente
1416 3402 1540 3490 titulo
1564 3403 1795 3491 erectionis
1813 3401 2050 3504 Ecclesiae,

559 3563 578 3606 ι
616 3555 729 3646 quae
763 3555 849 3612 non
883 3523 1090 3614 concessit
1126 3525 1255 3612 talem
1290 3525 1488 3612 habitum
1525 3527 1757 3644 proprium
1785 3525 2056 3640 Collegiatac

559 3686 577 3728 ι
618 3647 828 3764 iusignia,
867 3661 914 3734 ut
948 3647 992 3734 in
1026 3647 1260 3734 Garanden.
1298 3648 1587 3736 Alututiaram
1622 3651 1680 3736 l3
1723 3647 1817 3736 lan.
1858 3649 1980 3736 t690
2014 3661 2057 3738 el

561 3812 577 3850 ι
618 3771 663 3857 in
696 3771 889 3858 Iauarnsi
905 3769 1140 3884 Insipninm
1162 3771 1192 3858 1
1213 3769 1335 3858 Febr.
1363 3771 1501 3858 t705.
1530 3814 1546 3848 ι
1581 3771 1762 3860 Minime
1786 3767 2051 3860 autem'sul-

559 3892 754 4009 lragatur
784 3891 1068 3996 cousuetudo,
1090 3923 1206 4010 quae
1225 3894 1267 3980 in
1286 3894 1553 3984 contrarium
1586 3894 1837 4000 adducitur,
1863 3891 2057 4014 antiqui·

421 4019 425 4026 ’
556 4031 619 4106 tas
641 4017 759 4104 enim
796 4035 841 4105 et
874 4016 1003 4134 longa
1025 4015 1295 4104 cousuetudo
1320 4047 1406 4105 nou
1428 4016 1504 4106 dat
1524 4017 1830 4135 privilegium,
1856 4018 1976 4136 quod
1994 4015 2054 4108 do

553 4137 649 4228 iure
687 4139 912 4229 communi
942 4137 1157 4256 possideri
1193 4169 1277 4226 non
1315 4153 1456 4257 potest
1483 4141 1714 4257 Pipnatell.
1751 4157 1850 4229 tam.
1888 4142 1918 4227 6
1948 4173 2062 4228 can·.

555 4261 657 4350 rull.
679 4261 870 4350 oetam.
909 4262 985 4360 lO,
1022 4262 1231 4380 quodque
1265 4263 1439 4350 nonnisi
1474 4293 1530 4352 ex
1564 4263 1773 4382 Principis
1805 4263 2051 4354 concessio·

557 4414 614 4476 ue
647 4383 801 4474 baberi
837 4383 1007 4502 nequit.

679 4509 996 4596 Verumtamen
1029 4505 1063 4594 si
1097 4507 1180 4596 boc
1213 4539 1344 4625 super
1376 4508 1515 4599 dubio
1545 4509 1588 4595 iu
1617 4509 1865 4627 negativam
1890 4509 2054 4598 abeant

557 4629 820 4720 sententiam
843 4635 928 4719 EE.
954 4632 1050 4719 VV.
1081 4629 1277 4735 videant,
1306 4663 1411 4748 prae
1434 4647 1600 4722 assueta
1626 4665 1711 4750 qua
1738 4635 1906 4751 pollent
1939 4663 2052 4749 pru-

558 4753 726 4853 dentia,
761 4769 804 4840 et
840 4752 948 4842 iuris
979 4755 1178 4842 canonici
1213 4756 1384 4870 peritia,
1422 4787 1556 4858 uum,
1596 4757 1812 4872 praesenti
1847 4756 1890 4844 in
1926 4785 2043 4859 casu,

559 4895 607 4965 ut
636 4875 808 4996 quaerit
841 4878 1091 4994 Episcopus,
1109 4879 1386 4992 Apostolicae
1418 4879 1684 4968 concessioni
1709 4882 1827 4969 locus
1849 4879 1945 4968 lieri
1970 4877 2049 4966 de·

554 4999 677 5108 beat,
704 4998 895 5120 praeviis
929 4999 1568 5122 Communistarumprecibus.
1603 5005 1753 5118 prouti
1790 5005 1831 5090 in
1858 5000 2046 5120 septimo

554 5123 694 5215 dubio
716 5123 977 5242 exquiritur,
994 5123 1104 5212 dum
1126 5155 1206 5240 pro
1230 5155 1329 5212 meo
1353 5155 1536 5216 munere
1560 5125 1773 5217 diluenda
1797 5155 1998 5246 propono
2089 5210 2093 5220 .

1209 5307 1389 5397 DUBlA

679 5491 715 5578 l.
750 5488 823 5578 An
848 5489 1041 5581 Parocbo
1085 5495 1151 5584 ius
1188 5509 1390 5610 competat
1426 5493 1659 5612 deputandi
1692 5497 1826 5586 aliam
1850 5495 2049 5588 Sacerdo-
