4350 6326
611 307 696 406 Dic
727 309 789 396 20
819 306 1056 398 Decembris
1093 309 1230 400 t879.
1575 319 1667 408 5t3

186 484 201 522 ι
242 467 311 526 res
348 499 358 518 .
398 499 410 520 .
454 499 463 520 .
502 463 588 520 non
634 431 774 518 solum
810 431 1000 552 experiri
1038 431 1205 522 debent
1238 435 1498 526 eorumdem
1533 440 1672 530 scien·

184 607 200 644 ι
241 563 363 664 tiam,
401 555 479 644 sed
514 570 558 642 et
590 555 872 672 praecipuam
898 556 1110 644 rationem
1135 557 1301 646 tabere
1325 560 1559 676 probitatis
1583 595 1680 653 mu·

184 729 200 764 ι
242 717 361 784 rum,
400 679 678 796 prudentiae,
714 679 868 766 aetatis
901 697 942 765 et
975 684 1548 799 conterarumquulitatum,
1584 691 1684 806 qui·

183 849 200 890 e
243 808 326 892 bus
364 802 612 920 praeditum
648 833 741 888 esse
774 819 952 919 oportet
973 805 1041 889 cui
1064 805 1314 892 animarum
1341 805 1538 923 regimen
1563 842 1680 900 com·

184 973 201 1014 ι
243 928 431 1017 mittitur
470 967 510 1014 ι.
548 924 628 1014 Cui
659 926 848 1012 concinit
897 924 1097 1014 eiusdem
1143 927 1362 1018 Pontificis
1412 932 1675 1024 Constitutiu

178 1052 393 1169 incipiens
427 1049 530 1134 Cum
565 1047 695 1148 illud,
721 1049 781 1136 sic
809 1049 1057 1138 enicuinibi
1082 1048 1127 1170 S.
1153 1053 1524 1172 maurgins:
1558 1099 1572 1133 e
1598 1059 1682 1146 Pa-

182 1217 198 1256 ·
242 1203 355 1276 rem,
397 1171 441 1260 ni
466 1171 576 1259 lorte
599 1174 813 1260 maiorem
837 1172 1060 1262 solertiam
1084 1175 1408 1264 examinatores
1432 1178 1678 1270 adhibeant

182 1342 199 1380 ι
241 1300 283 1388 in
321 1295 646 1415 perscrutandis
696 1295 790 1382 aliis
838 1296 1129 1413 qualitatibus
1175 1297 1378 1413 regimini
1425 1302 1674 1392 animarum

184 1467 199 1502 ι
240 1419 574 1521 cottseutancis;
606 1450 778 1506 morum
804 1419 1076 1508 honestatem
1102 1423 1358 1538 inquirant,
1385 1423 1672 1542 gnaritatem,

182 1587 198 1626 ι
241 1544 540 1665 prudentiam,
580 1543 789 1658 praestita
813 1545 1021 1630 hactenus
1047 1545 1261 1632 Ecclesiae
1278 1547 1508 1664 obsequia,
1525 1551 1674 1667 acqui·

183 1711 199 1748 ι
241 1669 370 1757 sitam
408 1669 452 1752 in
489 1665 584 1752 aliis
618 1667 877 1754 muneribus
906 1665 1111 1769 laudem,
1152 1667 1329 1786 aliaque
1362 1672 1675 1788 spectabilium

185 1835 201 1872 ι
243 1793 454 1879 virtutum
489 1808 763 1894 ornamenta,
800 1791 1026 1880 doctrinae
1060 1807 1181 1878 arcto
1217 1791 1392 1880 loedere
1423 1797 1675 1886 consocian-

183 1957 198 1994 ι
241 1917 314 2017 da;
367 1914 484 2002 hisce
520 1913 731 2000 omnibus
786 1913 1053 2016 coniunctim
1087 1916 1307 2032 expensis,
1344 1915 1561 2006 inhabiles
1595 1951 1676 2036 per

182 2080 198 2118 ι
242 2069 320 2127 sua
352 2035 560 2152 suffragia
596 2035 810 2136 reficiant,
838 2053 882 2124 ct
906 2037 1087 2125 idoneos
1110 2039 1324 2158 Episcopo
1348 2041 1606 2130 renuncient
1630 2079 1669 2128 ι.

303 2165 394 2248 lam
433 2191 535 2246 vero
569 2159 603 2245 si
647 2159 891 2249 Concilium
926 2158 1237 2248 Tridentinum
1275 2178 1318 2250 et
1335 2164 1543 2252 Summus
1563 2170 1674 2253 Pon-

177 2284 285 2374 tilex
317 2283 586 2374 Benedictus
620 2285 720 2372 xlv
761 2283 959 2372 lormiter
1004 2285 1221 2374 iudicium
1266 2287 1591 2376 cumulativum
1628 2303 1673 2376 et

176 2409 503 2498 coniunctivum
539 2407 749 2494 scientiae
799 2425 843 2493 et
888 2407 1197 2527 requisiturum
1250 2408 1556 2512 induxerunt,
1595 2411 1674 2500 ltac

176 2533 320 2620 lorma
353 2549 516 2648 spreta,
556 2531 650 2647 ipse
683 2561 916 2618 concursus
949 2549 1120 2618 corruat
1154 2561 1328 2619 necesse
1349 2550 1432 2620 est.
1457 2532 1675 2624 Audiatur

176 2687 280 2746 sanc
315 2654 529 2743 Reclusins
564 2656 623 2740 De
660 2653 937 2740 Concursibus
965 2684 1016 2768 p.
1061 2657 1077 2738 l
1134 2655 1199 2741 tit.
1239 2655 1402 2740 5nccnr.
1442 2657 1668 2775 l6ctseq.

181 2821 197 2858 ι
240 2779 347 2866 Mala
381 2778 581 2866 similiter
604 2779 688 2865 erit
725 2779 1076 2866 examinatorum
1112 2779 1283 2880 relatio,
1309 2780 1674 2896 quotiescumque

181 2946 196 2980 ι
240 2905 353 2990 iutra
373 2901 599 2991 doctrinae
619 2901 777 2990 limites
811 2932 905 2988 sese
938 2901 1251 3001 continuerint,
1284 2901 1339 2988 dc
1372 2904 1571 2990 muribus
1595 2934 1673 2990 au·

184 3068 199 3104 ι
242 3047 328 3116 tem
363 3026 548 3143 aliisque
591 3025 649 3113 ad
672 3026 920 3113 animarum
957 3024 1149 3142 regimen
1186 3026 1444 3141 opportunis
1479 3027 1670 3143 qualita-

178 3191 196 3230 ι
238 3152 355 3238 tibus
391 3147 577 3236 minime
607 3147 984 3264 investigaverint:
1022 3148 1267 3234 Benedictus
1305 3147 1419 3236 xtV
1456 3217 1465 3235 .
1507 3215 1517 3234 .
1561 3217 1570 3236 .
1608 3149 1668 3236 ita

181 3313 198 3350 c
241 3290 287 3362 ut
322 3271 575 3360 huiusmodi
630 3272 745 3360 mala
780 3272 1127 3360 examinatorum
1162 3271 1314 3358 relatio
1362 3272 1421 3358 ob
1457 3301 1545 3358 non
1576 3303 1670 3359 ser·

179 3435 196 3474 ι
239 3415 385 3484 vatam
422 3395 734 3514 praescriptam
772 3397 1108 3512 ordinatamque
1141 3395 1328 3482 lormam
1364 3393 1516 3482 afficiat
1550 3394 1673 3484 insa-

180 3561 196 3596 ·
238 3519 433 3608 nabilem
489 3551 727 3609 concursus
782 3519 1026 3606 nullitatem
1084 3549 1137 3606 ex
1188 3517 1330 3604 citatis
1390 3517 1672 3607 auctoritati-

181 3683 197 3720 «
237 3646 432 3732 busetc.
477 3685 493 3720 ι
1563 3741 1566 3752 ,

299 3769 378 3858 Cui
413 3765 640 3854 doctrinae
671 3783 919 3856 constanter
950 3765 1091 3852 lerme
1124 3764 1317 3852 adhaesit
1335 3767 1382 3855 S.
1404 3765 1456 3850 ll.
1475 3767 1527 3854 C.
1555 3795 1670 3881 quae

42 3974 49 3988 ,
176 3891 217 3980 in
261 3923 389 3980 causa
424 3891 579 3978 lllontis
616 3889 787 4006 Regalis
831 3887 919 3976 dici
949 3887 1332 4003 uxuyuuitssor
1367 3889 1504 3976 relata
1536 3888 1667 3974 aFo·

174 4047 310 4131 qnano
344 4017 389 4100 in
429 4014 536 4128 Cup.
580 4013 686 4100 Earn
727 4029 762 4100 tc
789 4013 957 4102 Deact,
1003 4028 1041 4099 ct
1077 4010 1231 4126 qualit.
1270 4010 1412 4129 praes.
1451 4041 1566 4097 ntem.
1606 4010 1669 4096 l5

177 4140 360 4226 censuit:
388 4181 404 4218 ι
433 4137 480 4224 Si
500 4140 802 4224 comminaturus
835 4168 915 4224 non
949 4134 1168 4222 retulerint
1190 4133 1360 4220 idoneos
1393 4133 1531 4250 quoad
1569 4165 1655 4220 orn·
1724 4132 1728 4147 ’

173 4293 241 4348 nes
277 4261 501 4380 qualitates
528 4274 656 4375 prout
691 4259 927 4347 Concilium
975 4259 1172 4376 requirit,
1229 4255 1391 4343 nullum
1425 4286 1665 4342 concursum
1801 4355 1805 4368 ⁵

175 4417 254 4472 csse
283 4427 321 4472 ι.
344 4387 515 4497 Quibus
542 4383 770 4472 concinere
795 4385 1001 4472 videntur
1035 4383 1319 4470 resolutiones
1350 4379 1395 4466 in
1416 4381 1663 4466 Beneuenta·

173 4539 228 4594 nn
256 4509 490 4598 Concursus
528 4507 599 4594 die
629 4509 691 4596 26
707 4506 905 4594 lancearii
927 4507 1066 4608 t878,
1094 4520 1137 4594 et
1160 4507 1204 4592 iu
1231 4504 1277 4594 V
1276 4501 1466 4592 iterbien.
1491 4503 1522 4589 lt
1549 4499 1659 4588 Maii

175 4631 355 4720 eiusdem
377 4637 495 4722 unni.
851 4675 856 4687 ¹

281 4758 430 4868 Quum
450 4758 582 4875 igitur
600 4758 643 4845 in
662 4789 876 4848 concursu
893 4755 1144 4874 Snlgatbae
1159 4753 1403 4844 Gothorum
1424 4747 1542 4838 nulla
1560 4747 1669 4838 ratio

173 4880 229 4968 ab
251 4881 629 4970 examinatoribus
661 4883 812 4971 habita
841 4882 973 4970 luerit
1011 4879 1067 4967 de
1091 4875 1259 4967 meritis
1282 4877 1341 4962 D.
1362 4873 1519 4991 Angeli
1553 4871 1670 4960 della

173 5005 302 5092 Ratta
334 5023 378 5092 et
408 5005 566 5096 actoris
594 5006 815 5095 Calandra
837 5001 1214 5124 quemadmodum
1245 4999 1427 5088 exactis
1457 5009 1659 5114 apparet,

175 5127 404 5218 manilesta
422 5160 661 5249 erumpere
693 5129 870 5218 videtur
901 5155 1135 5218 concursus
1159 5123 1351 5227 nullitas,
1378 5120 1665 5238 ideoqueuo·

174 5277 279 5337 vum
312 5283 569 5342 concursum
604 5251 890 5344 indicendum
925 5283 1036 5356 esse,
1075 5250 1210 5337 vetito
1246 5262 1394 5335 tamen
1438 5239 1666 5335 Sacerdoti

171 5373 376 5466 lannucci
413 5378 469 5466 ad
503 5407 764 5468 concursum
799 5407 972 5466 accessu
997 5375 1060 5464 ob
1082 5371 1295 5462 simoniae
1313 5369 1477 5472 labem,
1499 5367 1661 5484 dequa

174 5495 356 5590 inlerius
388 5503 474 5592 erit
504 5533 664 5593 sermo.
699 5500 816 5618 Quin
842 5499 1111 5621 praesidium
1133 5493 1297 5614 captari
1332 5492 1465 5612 possit
1486 5487 1663 5580 eruut·
