4350 6326
569 467 572 474 ⁴
732 375 1164 467 CONCLUSIONUM
1595 383 1686 472 577

300 531 503 648 Capellae
538 532 580 644 in
637 530 912 633 Seminariis,
980 529 1199 649 probatio,
1238 545 1282 621 ct
1314 532 1522 624 carronica
1545 567 1691 627 serva-

207 655 525 760 Xenodocbiis,
570 653 917 742 Conservatoriis
981 669 1020 741 ta
1056 653 1195 746 lorma
1244 685 1351 770 pop.
1388 656 1481 742 291
1524 657 1567 777 3.
1604 658 1688 750 Ac.
1756 757 1760 766 .

205 795 250 868 et
295 777 558 868 carceribus
606 777 819 878 erectae‚'
854 775 916 862 uti
1073 777 1341 867 Praecedere
1364 775 1529 867 idcirco
1552 779 1691 874 debet

205 900 410 1020 publicae
431 899 665 988 habendae
688 913 790 988 sunt
806 929 913 1015 pap.
980 898 1092 987 trina
1125 897 1325 1004 monitio,
1363 900 1431 993 vel
1465 903 1500 988 si
1540 934 1692 996 neces·

208 1025 268 1114 81
302 1021 347 1144 3.
385 1021 553 1110 Altero.
978 1021 1079 1112 sitas
1103 1020 1305 1137 postulat,
1334 1053 1418 1110 una
1435 1044 1688 1144 perempto·

293 1149 441 1259 Quare
494 1173 580 1232 non
627 1143 917 1261 eomprehen·
978 1143 1321 1263 riaquaetrinae
1343 1145 1593 1264 aequivalet
1615 1150 1673 1237 ib.

208 1270 371 1359 duntur
393 1269 476 1358 sub
501 1265 796 1384 prohibitione
818 1265 915 1354 'lsi-
1071 1269 1140 1357 tlb
1173 1267 1541 1386 parochianorum
1566 1301 1689 1360 aver-

204 1391 372 1481 dentini
437 1392 580 1480 Missas
634 1389 677 1476 iu
732 1387 916 1508 privatis
976 1389 1162 1494 sionem,
1222 1389 1300 1476 nisi
1356 1389 1486 1480 luerit
1534 1393 1687 1486 innixa

174 1513 416 1604 ,Oratoriis
464 1510 676 1603 celebrari
725 1511 914 1600 vetantis
975 1513 1121 1632 pravis
1155 1511 1335 1599 Parocbi
1370 1515 1584 1620 moribus,¹
1620 1548 1687 1606 re·

206 1635 313 1724 ibid.
977 1634 1145 1725 moveri
1181 1664 1267 1722 non
1301 1650 1442 1750 potest
1467 1667 1570 1754 pap.
1595 1639 1688 1729 296

294 1761 346 1845 Et
379 1757 422 1844 in
457 1757 507 1844 iis
541 1757 707 1844 licitum
733 1770 797 1844 est
820 1756 911 1842 cui·
977 1755 1021 1878 3.
1056 1757 1222 1845 Posito.

42 1901 45 1910 '
203 1881 267 1967 vis
316 1879 542 1972 Sacerdoti
586 1880 823 1981 celebrare,
871 1893 916 1967 et
1068 1879 1156 1971 Sed
1178 1878 1213 1966 si
1238 1879 1618 1971 timeanturrixae
1642 1885 1686 1972 in

202 2001 408 2090 fidelibus
463 2002 712 2090 audiendae
762 2001 914 2088 Missae
977 2003 1139 2122 populo
1173 2032 1227 2090 ex
1262 2003 1439 2091 Paroobi
1486 2035 1688 2122 praesen-

200 2155 309 2213 onus
342 2123 529 2239 implere
562 2123 673 2212 ibid.
977 2127 1050 2230 tia,
1088 2125 1144 2214 de
1163 2124 1457 2242 aequivalenti
1472 2127 1687 2217 beneficio

975 2245 1303 2366 providendum
1344 2279 1449 2366 pap.
1503 2251 1595 2338 296
1636 2250 1682 2373 3.

295 2368 409 2460 Vide
444 2367 591 2457 Missa.
975 2371 1181 2459 Ceterum.

1037 2498 1128 2581 lmo
1163 2495 1196 2582 si
1231 2495 1341 2582 inira
1384 2525 1548 2582 annum
1599 2495 1683 2583 ini-

405 2614 705 2706 PllllOCllUS
975 2616 1166 2706 miciliae
1198 2617 1341 2705 sedari
1378 2633 1612 2736 nequeant,
1636 2649 1685 2707 ac

975 2738 1212 2828 verisimile
1245 2741 1298 2827 sit
1320 2771 1391 2828 eas
1408 2739 1570 2827 diutius
1588 2771 1688 2856 pro-

288 2857 359 2946 Ad
393 2858 632 2976 paredrum
660 2860 702 2947 in
731 2862 909 2980 propria
975 2861 1087 2950 trabi
1132 2893 1270 2979 posse,
1325 2862 1542 2950 Parocbus
1585 2862 1686 2950 licet

200 2979 391 3070 Ecclesia
443 2996 607 3098 spectat
670 2982 912 3074 lunationes
974 2983 1181 3072 innocens
1203 2985 1357 3074 modis
1379 2985 1587 3072 omnibus
1623 2985 1685 3072 iu·

199 3132 352 3191 omncs
400 3135 609 3226 peragere
656 3135 762 3220 pop.
822 3107 902 3196 101
974 3107 1200 3196 ducendus
1234 3124 1298 3195 est
1333 3107 1386 3194 ad
1422 3106 1561 3194 libore
1612 3138 1686 3222 pe-

201 3224 248 3346 3.
291 3223 464 3336 Quibus.
974 3229 1489 3347 roeciemresignandam
1518 3227 1684 3315 velim-

281 3349 508 3438 Contraria
532 3349 713 3437 minime
735 3351 911 3440 obstan·
973 3351 1231 3440 molendam
1252 3382 1350 3439 eum
1371 3351 1456 3438 alia
1470 3383 1577 3468 pap.
1592 3351 1684 3438 299

208 3487 250 3558 te
274 3471 588 3560 cousuetudine
622 3471 730 3560 ibid.
974 3473 1017 3594 3.
1061 3475 1191 3583 Quae.

290 3592 468 3680 Minime
501 3603 607 3683 ‘vero
643 3597 687 3682 in
710 3597 908 3684 Ecclesiis

195 3715 312 3805 intra
346 3747 448 3803 suae
481 3718 714 3806 Paroeciae
749 3719 908 3807 limites
1128 3719 1527 3809 PAROCHlANUS

197 3836 305 3940 sitis,
351 3867 456 3954 pop.
500 3840 591 3928 208
619 3841 663 3961 3.
699 3840 908 3928 Auiruod-

195 3993 331 4047 uerso.
1066 3965 1120 4051 Ut
1152 3964 1249 4082 quis
1284 3963 1572 4081 parochianus
1606 3964 1683 4052 ali-

288 4083 376 4170 Nisi
409 4099 563 4202 agatur
596 4085 906 4175 defunctioni·
971 4088 1096 4204 ouius
1131 4086 1346 4176 Ecclesiae
1387 4087 1558 4192 existat,
1611 4119 1679 4174 re·

192 4207 280 4293 bus
297 4234 421 4294 mere
443 4209 767 4298 Parecbialibus
791 4208 900 4297 idid.
969 4209 1159 4328 quiritur
1196 4226 1241 4296 ut
1273 4207 1440 4296 ibidem
1475 4240 1520 4296 se
1542 4225 1681 4296 trans·

287 4329 466 4440 Quoties
515 4332 732 4420 Parocbus
785 4331 904 4421 bono
969 4331 1121 4420 tulerit
1154 4333 1212 4418 ob
1245 4362 1419 4418 causam
1449 4361 1561 4450 quae
1588 4331 1683 4418 talis

193 4450 441 4540 animarum
465 4483 567 4541 suae
589 4455 817 4572 paroeciae
842 4457 903 4541 in·
967 4487 1054 4542 non
1089 4453 1159 4557 sit,
1196 4471 1243 4541 ut
1277 4453 1410 4569 possit
1435 4452 1682 4578 probabili·

193 4575 405 4662 cumbere
447 4575 564 4665 haud
615 4576 745 4682 valet,
797 4579 903 4668 Coa·
966 4593 1032 4666 ter
1066 4608 1118 4665 ex
1154 4577 1440 4664 incontinenti
1490 4606 1675 4664 cessare.

193 4694 392 4784 diutores
425 4713 468 4785 et
501 4699 660 4788 Vicarii
689 4699 902 4818 deputan-
961 4729 1066 4818 pap.
1105 4700 1196 4788 128
1229 4696 1274 4820 3.
1312 4698 1408 4786 Nec.

194 4834 265 4906 tur
295 4851 397 4936 pop.
423 4821 514 4910 297
537 4819 582 4942 3.
615 4822 899 4941 Quapropter.

288 4942 359 5030 Ad
392 4961 654 5062 perpetuam
701 4946 908 5064 privatio·
1189 4943 1475 5033 PAllOllCld

195 5095 296 5153 nem
333 5067 401 5154 vel
425 5068 752 5184 suspensionem
779 5073 909 5157 Paro·

194 5187 261 5277 ehi
296 5187 378 5276 tria
413 5193 710 5309 requiruntur,
744 5221 904 5308 nempe
1061 5188 1320 5281 Tridentina
1352 5189 1553 5308 Synodus
1586 5223 1684 5280 sess.

196 5310 495 5428 causagravis,
513 5312 774 5404 concludens
793 5314 906 5404 illius
969 5315 1031 5402 21
1064 5345 1158 5430 cop.
1198 5315 1255 5402 13
1304 5311 1546 5401 demandat
1591 5313 1688 5401 uoi-

1504 5439 1584 5527 73'
