4530 6336
726 362 812 454 Die
839 365 891 453 at
933 366 1050 456 lunii
1081 367 1221 459 l879.
1625 373 1722 468 w

229 489 343 582 datis
361 485 650 606 -tomponbus
682 483 977 578 visitationem
1009 489 1078 580 adr
1104 491 1365 582 Sun'etorum
1396 492 1713 612 Apostolorum

217 613 383 704 ‘limina
430 608 661 712 lecerunt,
697 608 866 727 quique
911 611 1182 702 cathedralis
1225 612 1629 710 Ecclesiaetstatum
1663 639 1707 712 et

229 731 573 826 consuetudines
604 729 709 822 Sodi
743 733 1019 874 Apostolieae
1051 733 1301 876 patefacere
1335 737 1605 845 debuerunt,
1643 745 1714 833 ni-

229 859 292 950 bil
324 873 529 950 attamen
577 854 691 946 eirca
739 884 792 948 ea
830 872 910 944 aut
939 856 1273 950 immutaverint
1293 875 1381 948 aut
1418 859 1709 974 definierint,

227 982 416 1076 meotes
446 974 670 1072 aliunde
656 993 952 1120 aeramentum
985 1009 1010 1068 a
1043 979 1247 1102 quolibet
1279 981 1505 1076 canonico
1536 989 1723 1103 praesti·

230 1119 325 1193 tum
360 1101 404 1188 in
439 1097 720 1215 adipiscenda
753 1100 1025 1217 possessione
1056 1101 1339 1194 Praebenduc
1371 1108 1577 1196 servandi
1602 1141 1723 1200 uem·

225 1255 285 1368 pc
317 1220 654 1314 consuetudines
687 1238 730 1310 et
764 1221 990 1342 privilegia
1044 1223 1260 1314 Ecclesiae
1303 1228 1591 1335 Cathedralis,
1651 1265 1724 1322 eu·

212 1349 301 1446 ,ius
331 1343 668 1486 relaxationem
681 1361 799 1438 certe
831 1347 1157 1463 impetrassent,
1183 1347 1220 1438 si
1241 1364 1316 1436 aut
1350 1349 1435 1441 inri
1471 1355 1717 1460 communi,

209 1486 308 1564 aut
339 1466 578 1562 nouissimo
610 1466 836 1558 Ecclesiae
858 1468 1119 1588 Hispanicae
1160 1469 1255 1565 talis
1287 1473 1563 1562 consuetudo
1617 1507 1723 1614 con-

229 1591 364 1682 traria
398 1589 568 1678 luisset.

357 1711 582 1830 Denique,
619 1711 888 1801 concludunt
920 1713 1142 1817 Canonici,
1180 1743 1279 1802 cum
1313 1715 1503 1832 speciale
1543 1717 1727 1835 privile·

229 1835 355 1956 gium
389 1865 475 1922 non
511 1833 750 1976 abrogetur
771 1836 868 1952 lege
891 1834 1100 1952 generali,
1129 1836 1208 1924 nisi
1231 1867 1434 1954 expressa
1458 1837 1576 1928 illius
1602 1870 1728 1928 men·

232 1959 354 2048 tione
387 1957 514 2058 lacta,
559 1957 628 2046 vel
664 1957 747 2044 nisi
791 1973 944 2076 aperte
979 1988 1028 2046 ae
1059 1959 1176 2048 clare
1222 1957 1284 2047 illi
1328 1960 1638 2066 contradicat,
1678 1979 1723 2051 et

229 2112 332 2171 cum
366 2077 648 2200 privilegium
683 2078 898 2168 Ecclesiae
930 2079 1256 2197 Segobricensis
1289 2111 1434 2200 neque
1472 2114 1495 2170 ιι
1530 2085 1727 2172 Concor·

229 2203 335 2296 duto
360 2229 572 2322 expresse
604 2202 867 2320 abrogatum
901 2199 1048 2308 luerit,
1086 2234 1233 2322 neque
1265 2203 1329 2292 illi
1353 2203 1626 2308 adversetur,
1656 2205 1722 2293 vi·

230 2315 366 2414 detur
396 2321 592 2411 firmum
609 2339 843 2444 ratumque
875 2339 991 2412 stare
1007 2271 1187 2430 lindie,
1223 2325 1333 2413 sieut
1366 2326 1485 2416 stetit
1516 2353 1605 2414 nun
1640 2329 1722 2415 ob·

227 2447 446 2538 stantibus
478 2444 657 2562 Synodo
678 2445 938 2536 Tridentina
960 2463 1004 2535 et
1022 2448 1341 2538 Constitutione
1365 2447 1596 2536 Benedicti
1618 2451 1724 2538 xtv

239 2569 400 2657 «Cum
434 2597 593 2683 seraper
625 2567 802 2673 oblatam
845 2608 863 2647 ι
901 2600 1002 2656 nam
1029 2569 1724 2690 Missadonventualisluitque·
1868 2619 1871 2626 ·

229 2691 385 2781 tidie
374 2721 420 2778 ιιι
452 2690 701 2780 Cathedrali
725 2691 945 2779 celebrata
965 2723 1047 2810 pro
1069 2692 1441 2794 benefactoribus,
1469 2694 1569 2782 licet
1589 2693 1724 2784 modo

226 2811 440 2904 conformi
474 2812 867 2903 consuetudinibus
900 2831 943 2902 et
961 2814 1328 2928 institutionibus
1361 2813 1559 2928 eiusdem
1578 2817 1723 2942 Ecclef

226 2937 322 3080 siae
349 2933 698 3053 Segobricensis.

194 3073 196 3078 ‘
321 3056 679 3146 encaustae
722 3055 908 3146 afferunt
961 3057 1169 3148 Canoniei
1216 3059 1530 3149 resolutionem
1584 3055 1718 3148 latum
2031 3100 2035 3110 ·
2096 3043 2101 3051 ¹

231 3180 493 3299 aquodam
538 3180 767 3285 tribunali,
819 3179 941 3295 quod
994 3197 1253 3300 nuncupant
1307 3183 1491 3273 Sacram
1540 3181 1730 3280 ll'otamr

228 3301 297 3408 in,
324 3301 456 3391 simili
504 3333 606 3391 casu
652 3301 872 3391 Ecelesiae
920 3306 1285 3422 Metropolitanus
1333 3301 1598 3392 Valentinus
1646 3301 1725 3392 dte

229 3425 613 3530 22,Nuvcmbris
656 3425 794 3529 4875,
841 3455 956 3545 quac
1004 3425 1065 3513 sic
1113 3457 1158 3514 sc
1192 3428 1360 3516 habet:
1418 3462 1431 3504 ι
1469 3429 1619 3516 Onera
1651 3457 1725 3516 ear-

234 3585 252 3632 ι
294 3547 426 3636 nendi
459 3548 609 3639 llissas
639 3547 962 3637 Conventual'es
1010 3563 1054 3634 et
1095 3547 1426 3638 hebdomadam
1472 3547 1518 3634 in
1567 3549 1712 3638 Chore

231 3705 249 3753 ι
287 3669 492 3773 luciendi,
529 3669 629 3758 aliis
658 3671 863 3788 imposita
911 3699 1046 3814 quam
1089 3669 1447 3814 capitularibus,
1487 3699 1575 3757 nun
1611 3687 1722 3758 sunt

232 3793 502 3882 contraria
535 3791 618 3880 iuri
652 3794 889 3894 Canonium
917 3791 1080 3880 etenim
1107 3821 1186 3882 nee
1209 3795 1251 3880 in
1278 3789 1599 3892 Decretalibus‚
1629 3821 1724 3880 nec

231 3955 249 3996 ι
287 3915 332 4003 in
364 3917 528 4006 Sancta
556 3914 734 4032 Synodo
766 3915 1053 4018 taiaenttna,
1084 3945 1164 4036 uec
1197 3917 1240 4003 in
1275 3915 1497 4031 Encyclieu
1523 3917 1643 4000 Ecnt
1633 3913 1723 4005 dt

194 4056 196 4060 ’
232 4053 260 4118 ι·
289 4038 344 4126 eti
379 4039 538 4130 xtv·
577 4013 679 4124 duta
712 4067 925 4156 resipere
902 4029 1107 4125 oblatos
1121 4067 1241 4140 nec
1263 4069 1309 4126 ιιι
1334 4036 1715 4126 declarationibus

232 4189 251 4242 ι
288 4161 335 4251 S.
374 4162 554 4250 llituum
589 4159 948 4278 Congregutionis
980 4191 1035 4248 ac
1053 4104 1264 4248 Eriiorum
1283 4157 1585 4251 Caralinulium
1605 4159 1720 4248 (lun-

233 4315 254 4361 c
289 4283 376 4373 eilii
409 4282 718 4398 interpretum,
756 4281 968 4400 aliquid
957 4281 1196 4385 invenitur,
1238 4313 1294 4370 ex
1328 4313 1418 4399 quo
1448 4279 1591 4368 colli'
1537 4311 1591 4397 gr
1617 4311 1720 4421 pes-³

231 4441 249 4484 ι
288 4405 358 4506 sit,
394 4407 476 4493 ltoc
511 4436 620 4491 unus
662 4406 808 4494 llissas
840 4407 1162 4494 conventuales
1194 4404 1402 4504 canendi,
1442 4417 1612 4489 tanturn
1650 4401 1715 4488 in-

235 4559 252 4606 a
289 4529 498 4616 cumbere
528 4529 776 4630 CanoniciS,
811 4557 910 4616 ιιιιιι
932 4541 1111 4615 anteat
1134 4545 1228 4646 post
1252 4525 1499 4617 Concilium·
1517 4521 1707 4610 'luiden-

234 4665 252 4730 t
290 4651 429 4739 tinum
462 4665 507 4738 et
539 4651 599 4738 ab
630 4649 944 4790 antiquissimis
987 4651 1261 4766 temporibus
1301 4648 1422 4736 varia
1460 4645 1593 4733 suet-it
1624 4646 1710 4732 Ee

232 4806 254 4854 a
288 4773 521 4862 elesiarum
553 4771 824 4861 consuetudo
856 4773 970 4860 cirea
1005 4773 1115 4860 ltanc
1148 4801 1296 4860 rem»

213 4918 246 4932 ‘⁴
349 4896 483 4985 lflsee·
506 4895 701 4984 breviter
699 4896 943 5036 'utrinque
971 4895 1191 4997 delibatis,
1224 4892 1405 4982 rideant
1436 4888 1712 4978 Etiril’atrcs

227 5047 282 5107 ea
309 5049 396 5138 qtra
431 5017 640 5160 psallent
628 5017 732 5106 ruri's
765 5019 923 5136 peritia
952 5047 1002 5106 ac
979 5016 1260 5176 prudentia·
1290 5043 1484 5174 quonam
1508 5037 1714 5192 responsu

223 5139 498 5308 dimittenda
523 5143 619 5232 sint
752 5187 757 5195 ·

809 5259 1135 5398 *midila¹

188 5437 190 5444 Ι
352 5509 388 5598 l.
428 5509 497 5598 Art
536 5451 742 5598 Gunonict'
783 5447 1395 5628 cattredrattonafftrtoerare
1419 5501 1612 5593 ³th
1630 5519 1714 5620 pet·

1527 5657 1585 5746 37
