<?xml version="1.0" encoding="UTF-8"?>
<!DOCTYPE html PUBLIC "-//W3C//DTD XHTML 1.0 Transitional//EN"
    "http://www.w3.org/TR/xhtml1/DTD/xhtml1-transitional.dtd">
<html xmlns="http://www.w3.org/1999/xhtml" xml:lang="en" lang="en">
 <head>
  <title>
</title>
<meta http-equiv="Content-Type" content="text/html;charset=utf-8" />
  <meta name='ocr-system' content='tesseract 3.04.00' />
  <meta name='ocr-capabilities' content='ocr_page ocr_carea ocr_par ocr_line ocrx_word'/>
</head>
<body>
  <div class='ocr_page' id='page_1' title='image "./thesaurusresolu00churgoog_0192.png"; bbox 0 0 4516 6318; ppageno 0'>
   <div class='ocr_carea' id='block_1_1' title="bbox 89 359 1829 5180">
    <p class='ocr_par' dir='ltr' id='par_1_1' title="bbox 89 359 1829 5180">
     <span class='ocr_line' id='line_1_1' title="bbox 691 359 1687 457; baseline 0.003 -4"><span class='ocrx_word' id='word_1_1' title='bbox 691 363 776 454; x_wconf 84' lang='lat' dir='ltr'>Dic</span> <span class='ocrx_word' id='word_1_2' title='bbox 811 364 867 451; x_wconf 90' lang='grc'>13</span> <span class='ocrx_word' id='word_1_3' title='bbox 900 359 1054 450; x_wconf 80' lang='lat' dir='ltr'>Martii</span> <span class='ocrx_word' id='word_1_4' title='bbox 1088 359 1223 450; x_wconf 82' lang='lat' dir='ltr'>t879.</span> <span class='ocrx_word' id='word_1_5' title='bbox 1603 365 1687 457; x_wconf 87' lang='grc'>181</span> 
     </span>
     <span class='ocr_line' id='line_1_2' title="bbox 209 481 1699 608; baseline 0.004 -34"><span class='ocrx_word' id='word_1_6' title='bbox 209 531 233 574; x_wconf 75' lang='grc' dir='ltr'>ι</span> <span class='ocrx_word' id='word_1_7' title='bbox 271 489 434 594; x_wconf 77' lang='lat' dir='ltr'>valida,</span> <span class='ocrx_word' id='word_1_8' title='bbox 476 485 523 576; x_wconf 96' lang='lat' dir='ltr'>id</span> <span class='ocrx_word' id='word_1_9' title='bbox 561 486 930 608; x_wconf 78' lang='lat' dir='ltr'>impedimentum</span> <span class='ocrx_word' id='word_1_10' title='bbox 952 483 1156 603; x_wconf 87' lang='lat' dir='ltr'>publicae</span> <span class='ocrx_word' id='word_1_11' title='bbox 1185 481 1423 574; x_wconf 87' lang='lat' dir='ltr'>honestatis</span> <span class='ocrx_word' id='word_1_12' title='bbox 1459 515 1545 574; x_wconf 93' lang='lat' dir='ltr'>non</span> <span class='ocrx_word' id='word_1_13' title='bbox 1585 493 1699 581; x_wconf 89' lang='lat' dir='ltr'>orie·</span> 
     </span>
     <span class='ocr_line' id='line_1_3' title="bbox 212 629 1520 702; baseline -0.004 -7"><span class='ocrx_word' id='word_1_14' title='bbox 212 655 232 694; x_wconf 72' lang='lat' dir='ltr'>c</span> <span class='ocrx_word' id='word_1_15' title='bbox 274 629 359 702; x_wconf 66' lang='lat' dir='ltr'>lut,</span> <span class='ocrx_word' id='word_1_16' title='bbox 403 651 421 692; x_wconf 71' lang='lat' dir='ltr'>o</span> <span class='ocrx_word' id='word_1_17' title='bbox 457 655 490 687; x_wconf 95' lang='lat'><strong><em>=</em></strong></span> <span class='ocrx_word' id='word_1_18' title='bbox 541 667 543 674; x_wconf 39' lang='grc' dir='ltr'><em>ι</em></span> <span class='ocrx_word' id='word_1_19' title='bbox 1517 639 1520 645; x_wconf 87' lang='grc'><strong>’</strong></span> 
     </span>
     <span class='ocr_line' id='line_1_4' title="bbox 337 729 1694 856; baseline 0.001 -30"><span class='ocrx_word' id='word_1_20' title='bbox 337 735 489 826; x_wconf 83' lang='lat' dir='ltr'>Latius</span> <span class='ocrx_word' id='word_1_21' title='bbox 520 765 628 825; x_wconf 90' lang='lat' dir='ltr'>vero</span> <span class='ocrx_word' id='word_1_22' title='bbox 648 732 845 824; x_wconf 89' lang='lat' dir='ltr'>Pitonius</span> <span class='ocrx_word' id='word_1_23' title='bbox 866 731 912 820; x_wconf 91' lang='lat' dir='ltr'>iu</span> <span class='ocrx_word' id='word_1_24' title='bbox 929 731 1003 847; x_wconf 84' lang='lat' dir='ltr'>cit.</span> <span class='ocrx_word' id='word_1_25' title='bbox 1024 731 1131 820; x_wconf 79' lang='lat' dir='ltr'>disc.</span> <span class='ocrx_word' id='word_1_26' title='bbox 1158 729 1298 820; x_wconf 84' lang='lat' dir='ltr'>eccles.</span> <span class='ocrx_word' id='word_1_27' title='bbox 1328 763 1442 819; x_wconf 84' lang='lat' dir='ltr'>num.</span> <span class='ocrx_word' id='word_1_28' title='bbox 1468 732 1530 822; x_wconf 82' lang='lat'>98</span> <span class='ocrx_word' id='word_1_29' title='bbox 1551 751 1590 822; x_wconf 88' lang='lat' dir='ltr'>ct</span> <span class='ocrx_word' id='word_1_30' title='bbox 1611 769 1694 856; x_wconf 86' lang='lat' dir='ltr'>seq.</span> 
     </span>
     <span class='ocr_line' id='line_1_5' title="bbox 216 854 1700 975; baseline -0.001 -23"><span class='ocrx_word' id='word_1_31' title='bbox 216 901 233 940; x_wconf 91' lang='lat'>⁸</span> <span class='ocrx_word' id='word_1_32' title='bbox 273 859 362 952; x_wconf 85' lang='lat' dir='ltr'>Sed</span> <span class='ocrx_word' id='word_1_33' title='bbox 397 857 587 947; x_wconf 76' lang='lat' dir='ltr'><strong>arbitror</strong></span> <span class='ocrx_word' id='word_1_34' title='bbox 618 888 706 946; x_wconf 93' lang='lat' dir='ltr'>oon</span> <span class='ocrx_word' id='word_1_35' title='bbox 738 857 925 946; x_wconf 83' lang='lat' dir='ltr'>existere</span> <span class='ocrx_word' id='word_1_36' title='bbox 958 856 1044 946; x_wconf 87' lang='lat' dir='ltr'>tale</span> <span class='ocrx_word' id='word_1_37' title='bbox 1077 854 1444 972; x_wconf 78' lang='lat' dir='ltr'>impedimentum</span> <span class='ocrx_word' id='word_1_38' title='bbox 1470 855 1700 975; x_wconf 87' lang='lat' dir='ltr'>(publicae</span> 
     </span>
     <span class='ocr_line' id='line_1_6' title="bbox 213 979 1698 1102; baseline -0.001 -30"><span class='ocrx_word' id='word_1_39' title='bbox 213 1023 235 1063; x_wconf 77' lang='grc' dir='ltr'>ι</span> <span class='ocrx_word' id='word_1_40' title='bbox 273 981 540 1102; x_wconf 86' lang='lat' dir='ltr'>honestatis)</span> <span class='ocrx_word' id='word_1_41' title='bbox 574 981 679 1100; x_wconf 83' lang='lat' dir='ltr'>quia</span> <span class='ocrx_word' id='word_1_42' title='bbox 711 979 962 1096; x_wconf 88' lang='lat' dir='ltr'>huiusmodi</span> <span class='ocrx_word' id='word_1_43' title='bbox 994 979 1230 1098; x_wconf 79' lang='lat' dir='ltr'>sponsalia,</span> <span class='ocrx_word' id='word_1_44' title='bbox 1267 1011 1291 1067; x_wconf 90' lang='lat' dir='ltr'>a</span> <span class='ocrx_word' id='word_1_45' title='bbox 1323 979 1486 1098; x_wconf 89' lang='lat' dir='ltr'>quibus</span> <span class='ocrx_word' id='word_1_46' title='bbox 1517 999 1698 1071; x_wconf 83' lang='lat' dir='ltr'>eontra-</span> 
     </span>
     <span class='ocr_line' id='line_1_7' title="bbox 213 1102 1702 1224; baseline 0.001 -30"><span class='ocrx_word' id='word_1_47' title='bbox 213 1147 233 1188; x_wconf 77' lang='grc' dir='ltr'>ι</span> <span class='ocrx_word' id='word_1_48' title='bbox 272 1107 425 1196; x_wconf 88' lang='lat' dir='ltr'>bentes</span> <span class='ocrx_word' id='word_1_49' title='bbox 456 1105 544 1194; x_wconf 90' lang='lat' dir='ltr'>iam</span> <span class='ocrx_word' id='word_1_50' title='bbox 568 1120 853 1208; x_wconf 87' lang='lat' dir='ltr'>recesserunt,</span> <span class='ocrx_word' id='word_1_51' title='bbox 879 1118 982 1194; x_wconf 91' lang='lat' dir='ltr'>sunt</span> <span class='ocrx_word' id='word_1_52' title='bbox 1003 1103 1135 1192; x_wconf 90' lang='lat' dir='ltr'>etiam</span> <span class='ocrx_word' id='word_1_53' title='bbox 1160 1105 1343 1208; x_wconf 89' lang='lat' dir='ltr'>occulta,</span> <span class='ocrx_word' id='word_1_54' title='bbox 1371 1102 1475 1201; x_wconf 59' lang='lat' dir='ltr'>licet,</span> <span class='ocrx_word' id='word_1_55' title='bbox 1493 1133 1573 1220; x_wconf 89' lang='lat' dir='ltr'>per</span> <span class='ocrx_word' id='word_1_56' title='bbox 1595 1137 1702 1224; x_wconf 87' lang='lat' dir='ltr'>apo·</span> 
     </span>
     <span class='ocr_line' id='line_1_8' title="bbox 215 1226 1701 1346; baseline -0.003 -26"><span class='ocrx_word' id='word_1_57' title='bbox 215 1269 234 1310; x_wconf 90' lang='lat'>⁸</span> <span class='ocrx_word' id='word_1_58' title='bbox 273 1231 401 1320; x_wconf 84' lang='lat' dir='ltr'>obem</span> <span class='ocrx_word' id='word_1_59' title='bbox 434 1227 652 1346; x_wconf 86' lang='lat' dir='ltr'>privatam</span> <span class='ocrx_word' id='word_1_60' title='bbox 700 1228 992 1345; x_wconf 75' lang='lat' dir='ltr'>subscriptam</span> <span class='ocrx_word' id='word_1_61' title='bbox 1027 1260 1052 1316; x_wconf 89' lang='lat' dir='ltr'>a</span> <span class='ocrx_word' id='word_1_62' title='bbox 1084 1227 1258 1317; x_wconf 90' lang='lat' dir='ltr'>duobus</span> <span class='ocrx_word' id='word_1_63' title='bbox 1292 1226 1474 1315; x_wconf 89' lang='lat' dir='ltr'>testibus</span> <span class='ocrx_word' id='word_1_64' title='bbox 1507 1243 1551 1314; x_wconf 91' lang='lat' dir='ltr'>et</span> <span class='ocrx_word' id='word_1_65' title='bbox 1583 1229 1701 1318; x_wconf 90' lang='lat' dir='ltr'>lutu-</span> 
     </span>
     <span class='ocr_line' id='line_1_9' title="bbox 213 1349 1700 1470; baseline 0 -30"><span class='ocrx_word' id='word_1_66' title='bbox 213 1391 232 1431; x_wconf 90' lang='lat'>⁸</span> <span class='ocrx_word' id='word_1_67' title='bbox 274 1353 333 1444; x_wconf 90' lang='lat' dir='ltr'>ris</span> <span class='ocrx_word' id='word_1_68' title='bbox 363 1351 549 1469; x_wconf 86' lang='lat' dir='ltr'>sponsis.</span> <span class='ocrx_word' id='word_1_69' title='bbox 586 1353 698 1440; x_wconf 87' lang='lat' dir='ltr'>Cum</span> <span class='ocrx_word' id='word_1_70' title='bbox 733 1352 869 1455; x_wconf 91' lang='lat' dir='ltr'>enim,</span> <span class='ocrx_word' id='word_1_71' title='bbox 908 1366 955 1440; x_wconf 94' lang='lat' dir='ltr'>nt</span> <span class='ocrx_word' id='word_1_72' title='bbox 987 1349 1229 1468; x_wconf 88' lang='lat' dir='ltr'>supradixi,</span> <span class='ocrx_word' id='word_1_73' title='bbox 1272 1350 1522 1439; x_wconf 86' lang='lat' dir='ltr'>huiusmodi</span> <span class='ocrx_word' id='word_1_74' title='bbox 1558 1349 1700 1470; x_wconf 87' lang='lat' dir='ltr'>impe·</span> 
     </span>
     <span class='ocr_line' id='line_1_10' title="bbox 214 1471 1692 1593; baseline 0 -28"><span class='ocrx_word' id='word_1_75' title='bbox 214 1513 235 1555; x_wconf 91' lang='lat'>⁸</span> <span class='ocrx_word' id='word_1_76' title='bbox 273 1475 523 1566; x_wconf 89' lang='lat' dir='ltr'>dimentum</span> <span class='ocrx_word' id='word_1_77' title='bbox 557 1503 645 1564; x_wconf 91' lang='lat' dir='ltr'>non</span> <span class='ocrx_word' id='word_1_78' title='bbox 678 1476 845 1563; x_wconf 90' lang='lat' dir='ltr'>oriatur</span> <span class='ocrx_word' id='word_1_79' title='bbox 878 1505 932 1564; x_wconf 91' lang='lat' dir='ltr'>ex</span> <span class='ocrx_word' id='word_1_80' title='bbox 953 1475 1328 1593; x_wconf 82' lang='lat' dir='ltr'>consanguinitate</span> <span class='ocrx_word' id='word_1_81' title='bbox 1359 1473 1428 1563; x_wconf 92' lang='lat' dir='ltr'>vel</span> <span class='ocrx_word' id='word_1_82' title='bbox 1465 1471 1692 1581; x_wconf 89' lang='lat' dir='ltr'>affinitate,</span> 
     </span>
     <span class='ocr_line' id='line_1_11' title="bbox 99 1596 1700 1718; baseline -0.001 -31"><span class='ocrx_word' id='word_1_83' title='bbox 99 1667 102 1674; x_wconf 76' lang='grc'>.</span> <span class='ocrx_word' id='word_1_84' title='bbox 217 1637 235 1678; x_wconf 89' lang='lat'>⁸</span> <span class='ocrx_word' id='word_1_85' title='bbox 274 1629 390 1716; x_wconf 85' lang='lat' dir='ltr'>quae</span> <span class='ocrx_word' id='word_1_86' title='bbox 421 1613 522 1688; x_wconf 87' lang='lat' dir='ltr'>ante</span> <span class='ocrx_word' id='word_1_87' title='bbox 553 1599 755 1716; x_wconf 84' lang='lat' dir='ltr'>copulam</span> <span class='ocrx_word' id='word_1_88' title='bbox 800 1631 888 1688; x_wconf 90' lang='lat' dir='ltr'>nou</span> <span class='ocrx_word' id='word_1_89' title='bbox 939 1599 1139 1718; x_wconf 85' lang='lat' dir='ltr'>insurgit,</span> <span class='ocrx_word' id='word_1_90' title='bbox 1189 1629 1270 1686; x_wconf 89' lang='lat' dir='ltr'>nec</span> <span class='ocrx_word' id='word_1_91' title='bbox 1317 1596 1460 1684; x_wconf 90' lang='lat' dir='ltr'>minus</span> <span class='ocrx_word' id='word_1_92' title='bbox 1508 1597 1700 1688; x_wconf 89' lang='lat' dir='ltr'>adscribi</span> 
     </span>
     <span class='ocr_line' id='line_1_12' title="bbox 217 1720 1702 1841; baseline 0 -31"><span class='ocrx_word' id='word_1_93' title='bbox 217 1759 236 1800; x_wconf 91' lang='lat'>⁸</span> <span class='ocrx_word' id='word_1_94' title='bbox 275 1720 412 1839; x_wconf 91' lang='lat' dir='ltr'>possit</span> <span class='ocrx_word' id='word_1_95' title='bbox 442 1721 573 1812; x_wconf 91' lang='lat' dir='ltr'>alicui</span> <span class='ocrx_word' id='word_1_96' title='bbox 606 1723 854 1841; x_wconf 72' lang='lat' dir='ltr'>cognationi</span> <span class='ocrx_word' id='word_1_97' title='bbox 885 1721 1122 1839; x_wconf 87' lang='lat' dir='ltr'>spirituali,</span> <span class='ocrx_word' id='word_1_98' title='bbox 1149 1721 1279 1840; x_wconf 89' lang='lat' dir='ltr'>legali</span> <span class='ocrx_word' id='word_1_99' title='bbox 1314 1737 1388 1808; x_wconf 91' lang='lat' dir='ltr'>aut</span> <span class='ocrx_word' id='word_1_100' title='bbox 1421 1722 1613 1823; x_wconf 81' lang='lat' dir='ltr'>oarrrali,</span> <span class='ocrx_word' id='word_1_101' title='bbox 1653 1737 1702 1810; x_wconf 90' lang='lat' dir='ltr'>nt</span> 
     </span>
     <span class='ocr_line' id='line_1_13' title="bbox 215 1843 1700 1936; baseline -0.001 -2"><span class='ocrx_word' id='word_1_102' title='bbox 215 1883 234 1924; x_wconf 90' lang='lat'>⁸</span> <span class='ocrx_word' id='word_1_103' title='bbox 273 1843 426 1934; x_wconf 91' lang='lat' dir='ltr'>dieunt</span> <span class='ocrx_word' id='word_1_104' title='bbox 460 1843 768 1934; x_wconf 76' lang='lat' dir='ltr'>canonistas...</span> <span class='ocrx_word' id='word_1_105' title='bbox 804 1845 883 1934; x_wconf 88' lang='lat' dir='ltr'>scd</span> <span class='ocrx_word' id='word_1_106' title='bbox 915 1845 995 1934; x_wconf 91' lang='lat' dir='ltr'>soli</span> <span class='ocrx_word' id='word_1_107' title='bbox 1034 1861 1243 1936; x_wconf 88' lang='lat' dir='ltr'>externae</span> <span class='ocrx_word' id='word_1_108' title='bbox 1276 1844 1504 1934; x_wconf 89' lang='lat' dir='ltr'>decentiae</span> <span class='ocrx_word' id='word_1_109' title='bbox 1539 1845 1700 1933; x_wconf 81' lang='lat' dir='ltr'>innita-</span> 
     </span>
     <span class='ocr_line' id='line_1_14' title="bbox 217 1967 1700 2088; baseline 0.005 -40"><span class='ocrx_word' id='word_1_110' title='bbox 217 2006 237 2048; x_wconf 81' lang='lat'><strong>«</strong></span> <span class='ocrx_word' id='word_1_111' title='bbox 275 1984 379 2071; x_wconf 89' lang='lat' dir='ltr'>tur,</span> <span class='ocrx_word' id='word_1_112' title='bbox 416 1997 533 2086; x_wconf 86' lang='lat' dir='ltr'>quae</span> <span class='ocrx_word' id='word_1_113' title='bbox 564 1968 703 2085; x_wconf 90' lang='lat' dir='ltr'>magis</span> <span class='ocrx_word' id='word_1_114' title='bbox 737 1970 781 2057; x_wconf 92' lang='lat' dir='ltr'>in</span> <span class='ocrx_word' id='word_1_115' title='bbox 814 1969 1024 2088; x_wconf 90' lang='lat' dir='ltr'>opinione</span> <span class='ocrx_word' id='word_1_116' title='bbox 1057 1999 1189 2087; x_wconf 90' lang='lat' dir='ltr'>quam</span> <span class='ocrx_word' id='word_1_117' title='bbox 1224 1969 1270 2056; x_wconf 92' lang='lat' dir='ltr'>in</span> <span class='ocrx_word' id='word_1_118' title='bbox 1309 1967 1371 2056; x_wconf 93' lang='lat' dir='ltr'>rei</span> <span class='ocrx_word' id='word_1_119' title='bbox 1394 1969 1578 2056; x_wconf 86' lang='lat' dir='ltr'>veritate</span> <span class='ocrx_word' id='word_1_120' title='bbox 1600 2000 1700 2056; x_wconf 91' lang='lat' dir='ltr'>cou-</span> 
     </span>
     <span class='ocr_line' id='line_1_15' title="bbox 219 2087 1706 2211; baseline -0.002 -29"><span class='ocrx_word' id='word_1_121' title='bbox 219 2129 237 2169; x_wconf 94' lang='lat'>⁸</span> <span class='ocrx_word' id='word_1_122' title='bbox 275 2090 403 2194; x_wconf 91' lang='lat' dir='ltr'>sistit,</span> <span class='ocrx_word' id='word_1_123' title='bbox 440 2089 568 2180; x_wconf 89' lang='lat' dir='ltr'>docet</span> <span class='ocrx_word' id='word_1_124' title='bbox 608 2093 748 2210; x_wconf 87' lang='lat' dir='ltr'>glossa</span> <span class='ocrx_word' id='word_1_125' title='bbox 794 2107 877 2182; x_wconf 87' lang='lat' dir='ltr'>etc.</span> <span class='ocrx_word' id='word_1_126' title='bbox 904 2087 1026 2181; x_wconf 84' lang='lat' dir='ltr'>iuxta</span> <span class='ocrx_word' id='word_1_127' title='bbox 1047 2123 1181 2211; x_wconf 89' lang='lat' dir='ltr'>quam</span> <span class='ocrx_word' id='word_1_128' title='bbox 1205 2094 1250 2178; x_wconf 92' lang='lat' dir='ltr'>in</span> <span class='ocrx_word' id='word_1_129' title='bbox 1275 2092 1588 2181; x_wconf 87' lang='lat' dir='ltr'>contrahendis</span> <span class='ocrx_word' id='word_1_130' title='bbox 1608 2121 1706 2180; x_wconf 90' lang='lat' dir='ltr'>ma·</span> 
     </span>
     <span class='ocr_line' id='line_1_16' title="bbox 216 2213 1702 2336; baseline 0.006 -41"><span class='ocrx_word' id='word_1_131' title='bbox 216 2253 236 2295; x_wconf 76' lang='lat'><strong>·</strong></span> <span class='ocrx_word' id='word_1_132' title='bbox 275 2214 493 2304; x_wconf 85' lang='lat' dir='ltr'>trimoniis</span> <span class='ocrx_word' id='word_1_133' title='bbox 542 2215 812 2336; x_wconf 89' lang='lat' dir='ltr'>quandoque</span> <span class='ocrx_word' id='word_1_134' title='bbox 845 2218 985 2336; x_wconf 88' lang='lat' dir='ltr'>magis</span> <span class='ocrx_word' id='word_1_135' title='bbox 1017 2217 1233 2320; x_wconf 82' lang='lat' dir='ltr'>honestas,</span> <span class='ocrx_word' id='word_1_136' title='bbox 1271 2245 1405 2332; x_wconf 91' lang='lat' dir='ltr'>quam</span> <span class='ocrx_word' id='word_1_137' title='bbox 1445 2213 1505 2304; x_wconf 88' lang='lat' dir='ltr'>rei</span> <span class='ocrx_word' id='word_1_138' title='bbox 1541 2216 1702 2304; x_wconf 89' lang='lat' dir='ltr'>veritas</span> 
     </span>
     <span class='ocr_line' id='line_1_17' title="bbox 89 2337 1706 2460; baseline 0 -34"><span class='ocrx_word' id='word_1_139' title='bbox 89 2433 102 2452; x_wconf 53' lang='lat'><strong><em>‚</em></strong></span> <span class='ocrx_word' id='word_1_140' title='bbox 219 2377 237 2417; x_wconf 88' lang='lat'>⁸</span> <span class='ocrx_word' id='word_1_141' title='bbox 277 2337 545 2428; x_wconf 88' lang='lat' dir='ltr'>considerari</span> <span class='ocrx_word' id='word_1_142' title='bbox 579 2337 732 2443; x_wconf 78' lang='lat' dir='ltr'>debet,</span> <span class='ocrx_word' id='word_1_143' title='bbox 768 2340 819 2428; x_wconf 76' lang='lat'>1..</span> <span class='ocrx_word' id='word_1_144' title='bbox 855 2371 1016 2458; x_wconf 73' lang='lat' dir='ltr'>seraper</span> <span class='ocrx_word' id='word_1_145' title='bbox 1046 2339 1099 2460; x_wconf 81' lang='lat' dir='ltr'>ff.</span> <span class='ocrx_word' id='word_1_146' title='bbox 1138 2340 1189 2429; x_wconf 85' lang='lat' dir='ltr'>do</span> <span class='ocrx_word' id='word_1_147' title='bbox 1230 2341 1320 2426; x_wconf 79' lang='lat' dir='ltr'>rita</span> <span class='ocrx_word' id='word_1_148' title='bbox 1341 2353 1536 2454; x_wconf 77' lang='lat' dir='ltr'>captet</span> <span class='ocrx_word' id='word_1_149' title='bbox 1569 2339 1706 2426; x_wconf 88' lang='lat' dir='ltr'>bonc-</span> 
     </span>
     <span class='ocr_line' id='line_1_18' title="bbox 217 2461 1707 2585; baseline 0.001 -37"><span class='ocrx_word' id='word_1_150' title='bbox 217 2497 236 2539; x_wconf 92' lang='lat'>⁸</span> <span class='ocrx_word' id='word_1_151' title='bbox 277 2477 392 2548; x_wconf 89' lang='lat' dir='ltr'>stum</span> <span class='ocrx_word' id='word_1_152' title='bbox 427 2490 515 2548; x_wconf 91' lang='lat' dir='ltr'>uon</span> <span class='ocrx_word' id='word_1_153' title='bbox 549 2461 620 2566; x_wconf 92' lang='lat' dir='ltr'>sit,</span> <span class='ocrx_word' id='word_1_154' title='bbox 656 2463 776 2580; x_wconf 92' lang='lat' dir='ltr'>quod</span> <span class='ocrx_word' id='word_1_155' title='bbox 809 2465 905 2585; x_wconf 88' lang='lat' dir='ltr'>quis</span> <span class='ocrx_word' id='word_1_156' title='bbox 939 2466 1099 2552; x_wconf 90' lang='lat' dir='ltr'>habeat</span> <span class='ocrx_word' id='word_1_157' title='bbox 1131 2464 1174 2551; x_wconf 93' lang='lat' dir='ltr'>ia</span> <span class='ocrx_word' id='word_1_158' title='bbox 1212 2491 1394 2551; x_wconf 88' lang='lat' dir='ltr'>uxorem</span> <span class='ocrx_word' id='word_1_159' title='bbox 1425 2463 1563 2567; x_wconf 92' lang='lat' dir='ltr'>illam,</span> <span class='ocrx_word' id='word_1_160' title='bbox 1589 2493 1707 2581; x_wconf 88' lang='lat' dir='ltr'>qnae</span> 
     </span>
     <span class='ocr_line' id='line_1_19' title="bbox 216 2583 1707 2706; baseline 0.001 -34"><span class='ocrx_word' id='word_1_161' title='bbox 216 2619 243 2676; x_wconf 79' lang='lat'>⁸.</span> <span class='ocrx_word' id='word_1_162' title='bbox 274 2583 358 2672; x_wconf 92' lang='lat' dir='ltr'>luit</span> <span class='ocrx_word' id='word_1_163' title='bbox 390 2613 552 2703; x_wconf 85' lang='lat' dir='ltr'>sponsa</span> <span class='ocrx_word' id='word_1_164' title='bbox 584 2588 922 2706; x_wconf 80' lang='lat' dir='ltr'>consanguinei,</span> <span class='ocrx_word' id='word_1_165' title='bbox 968 2587 1248 2706; x_wconf 89' lang='lat' dir='ltr'>consequitur</span> <span class='ocrx_word' id='word_1_166' title='bbox 1279 2617 1399 2704; x_wconf 86' lang='lat' dir='ltr'>ergo,</span> <span class='ocrx_word' id='word_1_167' title='bbox 1436 2586 1590 2704; x_wconf 93' lang='lat' dir='ltr'>quod,</span> <span class='ocrx_word' id='word_1_168' title='bbox 1618 2616 1707 2674; x_wconf 88' lang='lat' dir='ltr'>ces·</span> 
     </span>
     <span class='ocr_line' id='line_1_20' title="bbox 218 2709 1704 2830; baseline -0.002 -32"><span class='ocrx_word' id='word_1_169' title='bbox 218 2743 237 2784; x_wconf 99' lang='lat'>⁸</span> <span class='ocrx_word' id='word_1_170' title='bbox 272 2721 401 2798; x_wconf 84' lang='lat' dir='ltr'>sante</span> <span class='ocrx_word' id='word_1_171' title='bbox 433 2725 616 2798; x_wconf 87' lang='lat' dir='ltr'>externa</span> <span class='ocrx_word' id='word_1_172' title='bbox 651 2712 927 2830; x_wconf 84' lang='lat' dir='ltr'>apparentia,</span> <span class='ocrx_word' id='word_1_173' title='bbox 965 2743 1132 2800; x_wconf 85' lang='lat' dir='ltr'>cessare</span> <span class='ocrx_word' id='word_1_174' title='bbox 1165 2711 1327 2800; x_wconf 88' lang='lat' dir='ltr'>debeat</span> <span class='ocrx_word' id='word_1_175' title='bbox 1358 2709 1493 2798; x_wconf 91' lang='lat' dir='ltr'>etiam</span> <span class='ocrx_word' id='word_1_176' title='bbox 1518 2709 1704 2824; x_wconf 92' lang='lat' dir='ltr'>impedi·</span> 
     </span>
     <span class='ocr_line' id='line_1_21' title="bbox 217 2831 1704 2952; baseline 0.001 -34"><span class='ocrx_word' id='word_1_177' title='bbox 217 2868 237 2908; x_wconf 91' lang='lat'>⁸</span> <span class='ocrx_word' id='word_1_178' title='bbox 277 2845 495 2934; x_wconf 90' lang='lat' dir='ltr'>mentum,</span> <span class='ocrx_word' id='word_1_179' title='bbox 522 2835 645 2951; x_wconf 93' lang='lat' dir='ltr'>quod</span> <span class='ocrx_word' id='word_1_180' title='bbox 677 2835 736 2922; x_wconf 92' lang='lat' dir='ltr'>ab</span> <span class='ocrx_word' id='word_1_181' title='bbox 769 2835 846 2924; x_wconf 88' lang='lat' dir='ltr'>illa</span> <span class='ocrx_word' id='word_1_182' title='bbox 879 2836 1022 2923; x_wconf 92' lang='lat' dir='ltr'>oritur</span> <span class='ocrx_word' id='word_1_183' title='bbox 1055 2854 1099 2923; x_wconf 90' lang='lat' dir='ltr'>et</span> <span class='ocrx_word' id='word_1_184' title='bbox 1133 2835 1330 2952; x_wconf 90' lang='lat' dir='ltr'>procedit</span> <span class='ocrx_word' id='word_1_185' title='bbox 1353 2849 1435 2921; x_wconf 87' lang='lat' dir='ltr'>etc.</span> <span class='ocrx_word' id='word_1_186' title='bbox 1462 2835 1524 2920; x_wconf 86' lang='lat' dir='ltr'>Ex</span> <span class='ocrx_word' id='word_1_187' title='bbox 1543 2831 1704 2951; x_wconf 91' lang='lat' dir='ltr'>quibus</span> 
     </span>
     <span class='ocr_line' id='line_1_22' title="bbox 219 2948 1706 3078; baseline 0.001 -36"><span class='ocrx_word' id='word_1_188' title='bbox 219 2991 237 3032; x_wconf 90' lang='lat'>⁸</span> <span class='ocrx_word' id='word_1_189' title='bbox 275 2948 535 3044; x_wconf 86' lang='lat' dir='ltr'>sufficienter</span> <span class='ocrx_word' id='word_1_190' title='bbox 566 2957 785 3074; x_wconf 84' lang='lat' dir='ltr'>colligitur</span> <span class='ocrx_word' id='word_1_191' title='bbox 818 2989 965 3078; x_wconf 91' lang='lat' dir='ltr'>neque</span> <span class='ocrx_word' id='word_1_192' title='bbox 998 2989 1258 3048; x_wconf 89' lang='lat' dir='ltr'>consensum</span> <span class='ocrx_word' id='word_1_193' title='bbox 1293 2987 1438 3078; x_wconf 89' lang='lat' dir='ltr'>neque</span> <span class='ocrx_word' id='word_1_194' title='bbox 1459 2955 1706 3045; x_wconf 87' lang='lat' dir='ltr'>dissensum</span> 
     </span>
     <span class='ocr_line' id='line_1_23' title="bbox 217 3077 1705 3202; baseline 0 -37"><span class='ocrx_word' id='word_1_195' title='bbox 217 3113 235 3152; x_wconf 98' lang='lat'>⁸</span> <span class='ocrx_word' id='word_1_196' title='bbox 275 3077 467 3191; x_wconf 85' lang='lat' dir='ltr'>partium</span> <span class='ocrx_word' id='word_1_197' title='bbox 501 3081 758 3200; x_wconf 88' lang='lat' dir='ltr'>simpliciter</span> <span class='ocrx_word' id='word_1_198' title='bbox 788 3101 1015 3202; x_wconf 87' lang='lat' dir='ltr'>sumptum</span> <span class='ocrx_word' id='word_1_199' title='bbox 1049 3085 1093 3170; x_wconf 93' lang='lat' dir='ltr'>in</span> <span class='ocrx_word' id='word_1_200' title='bbox 1126 3079 1283 3184; x_wconf 89' lang='lat' dir='ltr'>ordine</span> <span class='ocrx_word' id='word_1_201' title='bbox 1308 3081 1365 3170; x_wconf 91' lang='lat' dir='ltr'>ad</span> <span class='ocrx_word' id='word_1_202' title='bbox 1387 3079 1586 3170; x_wconf 89' lang='lat' dir='ltr'>laturum</span> <span class='ocrx_word' id='word_1_203' title='bbox 1611 3109 1705 3166; x_wconf 91' lang='lat' dir='ltr'>ma·</span> 
     </span>
     <span class='ocr_line' id='line_1_24' title="bbox 217 3199 1705 3320; baseline 0.004 -36"><span class='ocrx_word' id='word_1_204' title='bbox 217 3235 237 3275; x_wconf 85' lang='lat'>⁸</span> <span class='ocrx_word' id='word_1_205' title='bbox 278 3199 531 3292; x_wconf 75' lang='lat' dir='ltr'>trimontium</span> <span class='ocrx_word' id='word_1_206' title='bbox 572 3203 701 3294; x_wconf 86' lang='lat' dir='ltr'>luisse</span> <span class='ocrx_word' id='word_1_207' title='bbox 736 3237 910 3294; x_wconf 90' lang='lat' dir='ltr'>causam</span> <span class='ocrx_word' id='word_1_208' title='bbox 945 3207 1184 3298; x_wconf 86' lang='lat' dir='ltr'>inducendi</span> <span class='ocrx_word' id='word_1_209' title='bbox 1218 3203 1475 3295; x_wconf 90' lang='lat' dir='ltr'>huiusmodi</span> <span class='ocrx_word' id='word_1_210' title='bbox 1507 3203 1705 3320; x_wconf 89' lang='lat' dir='ltr'>impedi-</span> 
     </span>
     <span class='ocr_line' id='line_1_25' title="bbox 224 3326 1701 3448; baseline 0.004 -40"><span class='ocrx_word' id='word_1_211' title='bbox 224 3359 241 3400; x_wconf 76' lang='grc' dir='ltr'>ι</span> <span class='ocrx_word' id='word_1_212' title='bbox 281 3327 615 3430; x_wconf 72' lang='lat' dir='ltr'>mentum—sed</span> <span class='ocrx_word' id='word_1_213' title='bbox 645 3329 787 3418; x_wconf 90' lang='lat' dir='ltr'>solum</span> <span class='ocrx_word' id='word_1_214' title='bbox 822 3347 954 3448; x_wconf 92' lang='lat' dir='ltr'>prout</span> <span class='ocrx_word' id='word_1_215' title='bbox 986 3330 1150 3419; x_wconf 89' lang='lat' dir='ltr'>babent</span> <span class='ocrx_word' id='word_1_216' title='bbox 1169 3329 1425 3418; x_wconf 85' lang='lat' dir='ltr'>relationem</span> <span class='ocrx_word' id='word_1_217' title='bbox 1461 3326 1518 3414; x_wconf 90' lang='lat' dir='ltr'>ad</span> <span class='ocrx_word' id='word_1_218' title='bbox 1553 3342 1701 3415; x_wconf 87' lang='lat' dir='ltr'>actum</span> 
     </span>
     <span class='ocr_line' id='line_1_26' title="bbox 221 3451 1700 3571; baseline 0.002 -37"><span class='ocrx_word' id='word_1_219' title='bbox 221 3483 240 3523; x_wconf 93' lang='lat'>⁸</span> <span class='ocrx_word' id='word_1_220' title='bbox 280 3461 508 3536; x_wconf 85' lang='lat' dir='ltr'>externum</span> <span class='ocrx_word' id='word_1_221' title='bbox 529 3453 751 3540; x_wconf 82' lang='lat' dir='ltr'>celebrati</span> <span class='ocrx_word' id='word_1_222' title='bbox 799 3469 1045 3544; x_wconf 89' lang='lat' dir='ltr'>contractus</span> <span class='ocrx_word' id='word_1_223' title='bbox 1090 3453 1309 3571; x_wconf 90' lang='lat' dir='ltr'>publicae,</span> <span class='ocrx_word' id='word_1_224' title='bbox 1350 3451 1417 3538; x_wconf 90' lang='lat' dir='ltr'>vel</span> <span class='ocrx_word' id='word_1_225' title='bbox 1451 3451 1700 3570; x_wconf 87' lang='lat' dir='ltr'>reciprocae</span> 
     </span>
     <span class='ocr_line' id='line_1_27' title="bbox 222 3565 1704 3693; baseline 0.003 -37"><span class='ocrx_word' id='word_1_226' title='bbox 222 3605 240 3646; x_wconf 92' lang='lat'>⁸</span> <span class='ocrx_word' id='word_1_227' title='bbox 278 3565 383 3658; x_wconf 89' lang='lat' dir='ltr'>fidei</span> <span class='ocrx_word' id='word_1_228' title='bbox 417 3603 442 3658; x_wconf 93' lang='lat' dir='ltr'>a</span> <span class='ocrx_word' id='word_1_229' title='bbox 474 3601 635 3690; x_wconf 88' lang='lat' dir='ltr'>sponso</span> <span class='ocrx_word' id='word_1_230' title='bbox 669 3607 853 3693; x_wconf 86' lang='lat' dir='ltr'>sponsae</span> <span class='ocrx_word' id='word_1_231' title='bbox 886 3578 1033 3684; x_wconf 86' lang='lat' dir='ltr'>datae,</span> <span class='ocrx_word' id='word_1_232' title='bbox 1071 3595 1115 3666; x_wconf 91' lang='lat' dir='ltr'>et</span> <span class='ocrx_word' id='word_1_233' title='bbox 1137 3609 1161 3665; x_wconf 88' lang='lat' dir='ltr'>e</span> <span class='ocrx_word' id='word_1_234' title='bbox 1184 3593 1351 3680; x_wconf 91' lang='lat' dir='ltr'>contra,</span> <span class='ocrx_word' id='word_1_235' title='bbox 1403 3574 1525 3664; x_wconf 87' lang='lat' dir='ltr'>iuxta</span> <span class='ocrx_word' id='word_1_236' title='bbox 1570 3601 1704 3693; x_wconf 91' lang='lat' dir='ltr'>quam</span> 
     </span>
     <span class='ocr_line' id='line_1_28' title="bbox 218 3692 1707 3819; baseline 0.003 -40"><span class='ocrx_word' id='word_1_237' title='bbox 218 3727 238 3768; x_wconf 93' lang='lat'>⁸</span> <span class='ocrx_word' id='word_1_238' title='bbox 277 3692 456 3808; x_wconf 88' lang='lat' dir='ltr'>publica</span> <span class='ocrx_word' id='word_1_239' title='bbox 488 3697 691 3787; x_wconf 90' lang='lat' dir='ltr'>honestas</span> <span class='ocrx_word' id='word_1_240' title='bbox 725 3701 931 3790; x_wconf 88' lang='lat' dir='ltr'>indecens</span> <span class='ocrx_word' id='word_1_241' title='bbox 966 3701 1207 3791; x_wconf 89' lang='lat' dir='ltr'>arbitratur</span> <span class='ocrx_word' id='word_1_242' title='bbox 1239 3700 1433 3819; x_wconf 88' lang='lat' dir='ltr'>aliquem</span> <span class='ocrx_word' id='word_1_243' title='bbox 1465 3729 1564 3787; x_wconf 93' lang='lat' dir='ltr'>cum</span> <span class='ocrx_word' id='word_1_244' title='bbox 1600 3699 1707 3786; x_wconf 87' lang='lat' dir='ltr'>alte-</span> 
     </span>
     <span class='ocr_line' id='line_1_29' title="bbox 220 3813 1704 3944; baseline 0.005 -43"><span class='ocrx_word' id='word_1_245' title='bbox 220 3851 238 3891; x_wconf 88' lang='lat'>⁸</span> <span class='ocrx_word' id='word_1_246' title='bbox 277 3813 369 3904; x_wconf 88' lang='lat' dir='ltr'>rius</span> <span class='ocrx_word' id='word_1_247' title='bbox 401 3821 734 3941; x_wconf 81' lang='lat' dir='ltr'>consangnineis</span> <span class='ocrx_word' id='word_1_248' title='bbox 768 3826 980 3942; x_wconf 90' lang='lat' dir='ltr'>copulari,</span> <span class='ocrx_word' id='word_1_249' title='bbox 1017 3857 1132 3944; x_wconf 91' lang='lat' dir='ltr'>quae</span> <span class='ocrx_word' id='word_1_250' title='bbox 1165 3825 1351 3942; x_wconf 86' lang='lat' dir='ltr'>qualitas</span> <span class='ocrx_word' id='word_1_251' title='bbox 1384 3839 1594 3910; x_wconf 85' lang='lat' dir='ltr'>externae</span> <span class='ocrx_word' id='word_1_252' title='bbox 1626 3853 1704 3939; x_wconf 92' lang='lat' dir='ltr'>ap·</span> 
     </span>
     <span class='ocr_line' id='line_1_30' title="bbox 219 3941 1644 4066; baseline 0.006 -41"><span class='ocrx_word' id='word_1_253' title='bbox 219 3973 238 4013; x_wconf 91' lang='lat'>⁸</span> <span class='ocrx_word' id='word_1_254' title='bbox 276 3941 505 4054; x_wconf 84' lang='lat' dir='ltr'>parentino</span> <span class='ocrx_word' id='word_1_255' title='bbox 538 3977 626 4034; x_wconf 93' lang='lat' dir='ltr'>non</span> <span class='ocrx_word' id='word_1_256' title='bbox 661 3963 803 4063; x_wconf 86' lang='lat' dir='ltr'>potest</span> <span class='ocrx_word' id='word_1_257' title='bbox 835 3951 1015 4038; x_wconf 89' lang='lat' dir='ltr'>occultis</span> <span class='ocrx_word' id='word_1_258' title='bbox 1030 3945 1522 4066; x_wconf 87' lang='lat' dir='ltr'>sponsalibusadaptari</span> <span class='ocrx_word' id='word_1_259' title='bbox 1553 3987 1591 4032; x_wconf 74' lang='grc' dir='ltr'>ι.</span> <span class='ocrx_word' id='word_1_260' title='bbox 1613 3991 1644 4022; x_wconf 86' lang='grc'>--</span> 
     </span>
     <span class='ocr_line' id='line_1_31' title="bbox 339 4063 1705 4163; baseline 0.006 -15"><span class='ocrx_word' id='word_1_261' title='bbox 339 4063 458 4154; x_wconf 88' lang='lat' dir='ltr'>llauc</span> <span class='ocrx_word' id='word_1_262' title='bbox 492 4065 580 4158; x_wconf 91' lang='lat' dir='ltr'>imo</span> <span class='ocrx_word' id='word_1_263' title='bbox 612 4069 857 4160; x_wconf 86' lang='lat' dir='ltr'>doctrinam</span> <span class='ocrx_word' id='word_1_264' title='bbox 890 4073 1148 4163; x_wconf 86' lang='lat' dir='ltr'>auctoritate</span> <span class='ocrx_word' id='word_1_265' title='bbox 1164 4073 1296 4161; x_wconf 88' lang='lat' dir='ltr'>etiam</span> <span class='ocrx_word' id='word_1_266' title='bbox 1319 4073 1444 4159; x_wconf 87' lang='lat' dir='ltr'>buius</span> <span class='ocrx_word' id='word_1_267' title='bbox 1466 4073 1513 4161; x_wconf 92' lang='lat' dir='ltr'>S.</span> <span class='ocrx_word' id='word_1_268' title='bbox 1539 4073 1590 4160; x_wconf 87' lang='lat' dir='ltr'>C.</span> <span class='ocrx_word' id='word_1_269' title='bbox 1616 4069 1705 4158; x_wconf 95' lang='lat' dir='ltr'>lul-</span> 
     </span>
     <span class='ocr_line' id='line_1_32' title="bbox 172 4180 1702 4314; baseline 0.007 -46"><span class='ocrx_word' id='word_1_270' title='bbox 172 4215 176 4226; x_wconf 55' lang='lat'>*</span> <span class='ocrx_word' id='word_1_271' title='bbox 213 4180 291 4269; x_wconf 92' lang='lat' dir='ltr'>ciri</span> <span class='ocrx_word' id='word_1_272' title='bbox 327 4200 507 4276; x_wconf 90' lang='lat' dir='ltr'>testatur</span> <span class='ocrx_word' id='word_1_273' title='bbox 539 4193 728 4300; x_wconf 86' lang='lat' dir='ltr'>Guttier,</span> <span class='ocrx_word' id='word_1_274' title='bbox 778 4195 1167 4314; x_wconf 67' lang='lat' dir='ltr'>denominetur).</span> <span class='ocrx_word' id='word_1_275' title='bbox 1208 4198 1295 4284; x_wconf 87' lang='grc'>103</span> <span class='ocrx_word' id='word_1_276' title='bbox 1329 4229 1372 4282; x_wconf 85' lang='lat' dir='ltr'>n.</span> <span class='ocrx_word' id='word_1_277' title='bbox 1412 4196 1702 4306; x_wconf 57' lang='grc'>1010031-</span> 
     </span>
     <span class='ocr_line' id='line_1_33' title="bbox 217 4311 1829 4438; baseline 0.006 -46"><span class='ocrx_word' id='word_1_278' title='bbox 217 4343 237 4384; x_wconf 85' lang='lat'>⁸</span> <span class='ocrx_word' id='word_1_279' title='bbox 276 4322 336 4409; x_wconf 94' lang='lat' dir='ltr'>to,</span> <span class='ocrx_word' id='word_1_280' title='bbox 365 4311 642 4426; x_wconf 89' lang='lat' dir='ltr'>quodetiam</span> <span class='ocrx_word' id='word_1_281' title='bbox 678 4320 967 4438; x_wconf 82' lang='lat' dir='ltr'>Congregatio</span> <span class='ocrx_word' id='word_1_282' title='bbox 1000 4321 1182 4427; x_wconf 86' lang='lat' dir='ltr'>censuit,</span> <span class='ocrx_word' id='word_1_283' title='bbox 1204 4351 1257 4408; x_wconf 88' lang='lat' dir='ltr'>ex</span> <span class='ocrx_word' id='word_1_284' title='bbox 1277 4317 1560 4436; x_wconf 83' lang='lat' dir='ltr'>sponsalibus</span> <span class='ocrx_word' id='word_1_285' title='bbox 1595 4343 1724 4404; x_wconf 61' lang='lat' dir='ltr'>cons·</span> <span class='ocrx_word' id='word_1_286' title='bbox 1826 4357 1829 4364; x_wconf 55' lang='grc'><strong>’</strong></span> 
     </span>
     <span class='ocr_line' id='line_1_34' title="bbox 222 4431 1704 4561; baseline 0.005 -44"><span class='ocrx_word' id='word_1_287' title='bbox 222 4467 239 4506; x_wconf 93' lang='lat'>⁸</span> <span class='ocrx_word' id='word_1_288' title='bbox 277 4431 441 4535; x_wconf 75' lang='lat' dir='ltr'>treclin,</span> <span class='ocrx_word' id='word_1_289' title='bbox 467 4437 503 4522; x_wconf 93' lang='lat' dir='ltr'>si</span> <span class='ocrx_word' id='word_1_290' title='bbox 536 4437 657 4528; x_wconf 87' lang='lat' dir='ltr'>lactis</span> <span class='ocrx_word' id='word_1_291' title='bbox 691 4441 1103 4534; x_wconf 88' lang='lat' dir='ltr'>denunciationibus</span> <span class='ocrx_word' id='word_1_292' title='bbox 1137 4476 1226 4534; x_wconf 90' lang='lat' dir='ltr'>non</span> <span class='ocrx_word' id='word_1_293' title='bbox 1259 4441 1493 4561; x_wconf 86' lang='lat' dir='ltr'>apparebit</span> <span class='ocrx_word' id='word_1_294' title='bbox 1522 4437 1704 4558; x_wconf 89' lang='lat' dir='ltr'>aliquod</span> 
     </span>
     <span class='ocr_line' id='line_1_35' title="bbox 222 4551 1707 4684; baseline 0.007 -46"><span class='ocrx_word' id='word_1_295' title='bbox 222 4591 239 4628; x_wconf 91' lang='lat'>⁸</span> <span class='ocrx_word' id='word_1_296' title='bbox 279 4551 681 4670; x_wconf 91' lang='lat' dir='ltr'>impedimentum,</span> <span class='ocrx_word' id='word_1_297' title='bbox 721 4597 807 4653; x_wconf 90' lang='lat' dir='ltr'>uon</span> <span class='ocrx_word' id='word_1_298' title='bbox 842 4569 944 4655; x_wconf 91' lang='lat' dir='ltr'>oriri</span> <span class='ocrx_word' id='word_1_299' title='bbox 980 4569 1353 4684; x_wconf 88' lang='lat' dir='ltr'>impedimentum</span> <span class='ocrx_word' id='word_1_300' title='bbox 1389 4563 1592 4684; x_wconf 89' lang='lat' dir='ltr'>publicae</span> <span class='ocrx_word' id='word_1_301' title='bbox 1627 4565 1707 4650; x_wconf 92' lang='lat' dir='ltr'>ho·</span> 
     </span>
     <span class='ocr_line' id='line_1_36' title="bbox 222 4679 1704 4809; baseline 0.007 -49"><span class='ocrx_word' id='word_1_302' title='bbox 222 4713 239 4752; x_wconf 91' lang='lat'>⁸</span> <span class='ocrx_word' id='word_1_303' title='bbox 278 4679 457 4768; x_wconf 88' lang='lat' dir='ltr'>nestatis</span> <span class='ocrx_word' id='word_1_304' title='bbox 496 4723 536 4770; x_wconf 73' lang='grc' dir='ltr'>ι.</span> <span class='ocrx_word' id='word_1_305' title='bbox 571 4729 603 4760; x_wconf 87' lang='grc'>--</span> <span class='ocrx_word' id='word_1_306' title='bbox 635 4688 749 4799; x_wconf 84' lang='lat' dir='ltr'>Quia</span> <span class='ocrx_word' id='word_1_307' title='bbox 771 4691 933 4780; x_wconf 89' lang='lat' dir='ltr'>scilicet</span> <span class='ocrx_word' id='word_1_308' title='bbox 970 4692 1186 4809; x_wconf 88' lang='lat' dir='ltr'>sponsalia</span> <span class='ocrx_word' id='word_1_309' title='bbox 1221 4721 1307 4777; x_wconf 92' lang='lat' dir='ltr'>non</span> <span class='ocrx_word' id='word_1_310' title='bbox 1344 4687 1559 4806; x_wconf 90' lang='lat' dir='ltr'>patclacta</span> <span class='ocrx_word' id='word_1_311' title='bbox 1597 4701 1704 4773; x_wconf 87' lang='lat' dir='ltr'>tem·</span> 
     </span>
     <span class='ocr_line' id='line_1_37' title="bbox 213 4799 1762 4914; baseline 0.005 -28"><span class='ocrx_word' id='word_1_312' title='bbox 213 4825 323 4914; x_wconf 88' lang='lat' dir='ltr'>pore</span> <span class='ocrx_word' id='word_1_313' title='bbox 356 4799 747 4900; x_wconf 89' lang='lat' dir='ltr'>denunciationum</span> <span class='ocrx_word' id='word_1_314' title='bbox 782 4833 1015 4904; x_wconf 89' lang='lat' dir='ltr'>censentur</span> <span class='ocrx_word' id='word_1_315' title='bbox 1048 4815 1231 4903; x_wconf 89' lang='lat' dir='ltr'>occulta.</span> <span class='ocrx_word' id='word_1_316' title='bbox 1270 4812 1469 4904; x_wconf 87' lang='lat' dir='ltr'>Concinit</span> <span class='ocrx_word' id='word_1_317' title='bbox 1504 4808 1705 4898; x_wconf 89' lang='lat' dir='ltr'>Pitonius</span> <span class='ocrx_word' id='word_1_318' title='bbox 1759 4902 1762 4909; x_wconf 58' lang='grc'><em>,</em></span> 
     </span>
     <span class='ocr_line' id='line_1_38' title="bbox 214 4919 1702 5056; baseline 0.008 -51"><span class='ocrx_word' id='word_1_319' title='bbox 214 4919 263 5007; x_wconf 92' lang='lat' dir='ltr'>in</span> <span class='ocrx_word' id='word_1_320' title='bbox 296 4921 370 5011; x_wconf 92' lang='lat' dir='ltr'>cit.</span> <span class='ocrx_word' id='word_1_321' title='bbox 407 4925 580 5046; x_wconf 83' lang='lat' dir='ltr'>discept.</span> <span class='ocrx_word' id='word_1_322' title='bbox 617 4966 661 5020; x_wconf 86' lang='lat' dir='ltr'>n.</span> <span class='ocrx_word' id='word_1_323' title='bbox 702 4937 809 5024; x_wconf 87' lang='grc'>107.</span> <span class='ocrx_word' id='word_1_324' title='bbox 844 4982 875 5013; x_wconf 93' lang='lat'>=</span> <span class='ocrx_word' id='word_1_325' title='bbox 912 4980 930 5018; x_wconf 71' lang='lat' dir='ltr'>e</span> <span class='ocrx_word' id='word_1_326' title='bbox 975 4943 1165 5027; x_wconf 87' lang='lat' dir='ltr'>Domum</span> <span class='ocrx_word' id='word_1_327' title='bbox 1201 4935 1332 5040; x_wconf 89' lang='lat' dir='ltr'>addo,</span> <span class='ocrx_word' id='word_1_328' title='bbox 1360 4933 1481 5056; x_wconf 91' lang='lat' dir='ltr'>quod</span> <span class='ocrx_word' id='word_1_329' title='bbox 1513 4935 1558 5022; x_wconf 80' lang='lat' dir='ltr'>S.</span> <span class='ocrx_word' id='word_1_330' title='bbox 1589 4933 1702 5020; x_wconf 86' lang='lat' dir='ltr'>Coa-</span> 
     </span>
     <span class='ocr_line' id='line_1_39' title="bbox 218 5050 1702 5180; baseline 0.005 -48"><span class='ocrx_word' id='word_1_331' title='bbox 218 5081 236 5121; x_wconf 94' lang='lat'>⁸</span> <span class='ocrx_word' id='word_1_332' title='bbox 276 5050 470 5165; x_wconf 85' lang='lat' dir='ltr'>gregatio</span> <span class='ocrx_word' id='word_1_333' title='bbox 504 5056 688 5144; x_wconf 88' lang='lat' dir='ltr'>Coucilii</span> <span class='ocrx_word' id='word_1_334' title='bbox 721 5061 919 5165; x_wconf 87' lang='lat' dir='ltr'>consuit,</span> <span class='ocrx_word' id='word_1_335' title='bbox 964 5094 1018 5150; x_wconf 89' lang='lat' dir='ltr'>ex</span> <span class='ocrx_word' id='word_1_336' title='bbox 1061 5060 1337 5180; x_wconf 90' lang='lat' dir='ltr'>sponsalibus</span> <span class='ocrx_word' id='word_1_337' title='bbox 1385 5057 1631 5159; x_wconf 90' lang='lat' dir='ltr'>contractis,</span> <span class='ocrx_word' id='word_1_338' title='bbox 1668 5053 1702 5140; x_wconf 91' lang='lat' dir='ltr'>si</span> 
     </span>
    </p>
   </div>
   <div class='ocr_carea' id='block_1_2' title="bbox 215 5165 1707 5677">
    <p class='ocr_par' dir='ltr' id='par_1_2' title="bbox 215 5165 1707 5677">
     <span class='ocr_line' id='line_1_40' title="bbox 215 5165 1707 5304; baseline 0.006 -49"><span class='ocrx_word' id='word_1_339' title='bbox 215 5201 234 5244; x_wconf 89' lang='lat'>⁸</span> <span class='ocrx_word' id='word_1_340' title='bbox 274 5165 394 5260; x_wconf 90' lang='lat' dir='ltr'>lactis</span> <span class='ocrx_word' id='word_1_341' title='bbox 413 5173 824 5272; x_wconf 86' lang='lat' dir='ltr'>denunciationibus</span> <span class='ocrx_word' id='word_1_342' title='bbox 847 5217 933 5273; x_wconf 91' lang='lat' dir='ltr'>non</span> <span class='ocrx_word' id='word_1_343' title='bbox 957 5185 1189 5304; x_wconf 87' lang='lat' dir='ltr'>apparebit</span> <span class='ocrx_word' id='word_1_344' title='bbox 1212 5181 1391 5302; x_wconf 87' lang='lat' dir='ltr'>aliquod</span> <span class='ocrx_word' id='word_1_345' title='bbox 1413 5181 1707 5298; x_wconf 90' lang='lat' dir='ltr'>impedimen·</span> 
     </span>
     <span class='ocr_line' id='line_1_41' title="bbox 216 5305 1703 5428; baseline 0.006 -50"><span class='ocrx_word' id='word_1_346' title='bbox 216 5326 233 5365; x_wconf 93' lang='lat'>⁸</span> <span class='ocrx_word' id='word_1_347' title='bbox 275 5307 386 5398; x_wconf 87' lang='lat' dir='ltr'>tum,</span> <span class='ocrx_word' id='word_1_348' title='bbox 426 5329 512 5386; x_wconf 95' lang='lat' dir='ltr'>non</span> <span class='ocrx_word' id='word_1_349' title='bbox 548 5305 653 5393; x_wconf 91' lang='lat' dir='ltr'>oriri</span> <span class='ocrx_word' id='word_1_350' title='bbox 687 5306 1058 5428; x_wconf 87' lang='lat' dir='ltr'>impedimentum</span> <span class='ocrx_word' id='word_1_351' title='bbox 1093 5309 1298 5428; x_wconf 89' lang='lat' dir='ltr'>publicae</span> <span class='ocrx_word' id='word_1_352' title='bbox 1346 5305 1584 5395; x_wconf 87' lang='lat' dir='ltr'>honestatis</span> <span class='ocrx_word' id='word_1_353' title='bbox 1617 5321 1703 5392; x_wconf 87' lang='lat' dir='ltr'>etc.</span> 
     </span>
     <span class='ocr_line' id='line_1_42' title="bbox 215 5415 1700 5552; baseline 0 -41"><span class='ocrx_word' id='word_1_354' title='bbox 215 5449 233 5488; x_wconf 75' lang='lat'>⁸</span> <span class='ocrx_word' id='word_1_355' title='bbox 275 5415 439 5538; x_wconf 82' lang='lat' dir='ltr'>Exque</span> <span class='ocrx_word' id='word_1_356' title='bbox 457 5429 653 5534; x_wconf 87' lang='lat' dir='ltr'>resultat,</span> <span class='ocrx_word' id='word_1_357' title='bbox 675 5449 723 5518; x_wconf 92' lang='lat' dir='ltr'>ut</span> <span class='ocrx_word' id='word_1_358' title='bbox 740 5449 838 5552; x_wconf 89' lang='lat' dir='ltr'>post</span> <span class='ocrx_word' id='word_1_359' title='bbox 855 5448 1127 5522; x_wconf 84' lang='lat' dir='ltr'>contractum</span> <span class='ocrx_word' id='word_1_360' title='bbox 1163 5431 1493 5520; x_wconf 88' lang='lat' dir='ltr'>matrimonium</span> <span class='ocrx_word' id='word_1_361' title='bbox 1527 5459 1611 5518; x_wconf 92' lang='lat' dir='ltr'>nou</span> <span class='ocrx_word' id='word_1_362' title='bbox 1646 5425 1700 5514; x_wconf 90' lang='lat' dir='ltr'>sit</span> 
     </span>
     <span class='ocr_line' id='line_1_43' title="bbox 218 5543 1700 5677; baseline 0.006 -47"><span class='ocrx_word' id='word_1_363' title='bbox 218 5573 236 5614; x_wconf 90' lang='lat'>⁸</span> <span class='ocrx_word' id='word_1_364' title='bbox 274 5543 463 5660; x_wconf 86' lang='lat' dir='ltr'>amplius</span> <span class='ocrx_word' id='word_1_365' title='bbox 495 5547 614 5640; x_wconf 89' lang='lat' dir='ltr'>locus</span> <span class='ocrx_word' id='word_1_366' title='bbox 646 5555 987 5661; x_wconf 87' lang='lat' dir='ltr'>denunciationi,</span> <span class='ocrx_word' id='word_1_367' title='bbox 1015 5558 1181 5677; x_wconf 87' lang='lat' dir='ltr'>quippe</span> <span class='ocrx_word' id='word_1_368' title='bbox 1216 5587 1270 5644; x_wconf 88' lang='lat' dir='ltr'>ex</span> <span class='ocrx_word' id='word_1_369' title='bbox 1293 5587 1379 5676; x_wconf 91' lang='lat' dir='ltr'>quo</span> <span class='ocrx_word' id='word_1_370' title='bbox 1406 5553 1700 5674; x_wconf 85' lang='lat' dir='ltr'>impedimen·</span> 
     </span>
    </p>
   </div>
   <div class='ocr_carea' id='block_1_3' title="bbox 0 0 2270 6308">
    <p class='ocr_par' dir='ltr' id='par_1_3' title="bbox 0 0 2270 6308">
     <span class='ocr_line' id='line_1_44' title="bbox 0 0 2270 6308; baseline 0 0"><span class='ocrx_word' id='word_1_371' title='bbox 0 0 2270 6308; x_wconf 95' lang='lat' dir='ltr'> </span> 
     </span>
    </p>
   </div>
  </div>
 </body>
</html>
