4460 6332
543 385 637 474 tto
967 373 1050 460 Die
1082 373 1143 460 20
1173 367 1422 485 Septembris
1457 363 1594 454 l879.

549 549 566 586 ι
610 502 821 606 tantibus3
859 527 912 586 an
960 513 1108 598 certa,
1151 507 1195 580 et
1228 490 1372 610 qualia
1416 487 1635 608 supersint
1676 483 1799 602 signa
1833 496 1878 570 et
1914 505 2074 594 argu-

550 670 567 709 «
608 641 756 732 menta
812 617 1061 710 intemerati
1110 633 1186 703 aut
1232 615 1425 730 corrupti
1470 608 1643 702 claustri
1700 603 1968 722 virginalis,
2018 613 2074 683 et

554 793 570 830 ι
611 783 664 836 on
697 743 790 834 ulla
822 737 1316 863 sruusndoirpinitotem
1349 730 1632 823 simulandam
1671 727 1870 818 adhiberi
1900 737 2079 838 potne-

555 915 572 952 ‹
614 873 675 958 rit
713 935 722 956 .
765 935 773 953 .
819 933 827 952 .
867 863 1041 952 Deinde
1074 859 1249 948 loranali
1284 859 1477 946 examini
1512 870 1643 944 erunt
1676 845 1948 942 subiiciendi
1976 847 2079 930 Pe-

555 1039 571 1074 «
613 993 701 1097 riti,
739 1019 927 1106 quornm
964 983 1171 1072 iudicium
1217 982 1300 1070 crit
1333 976 1683 1098 cogitassendum
1729 1005 1863 1090 super
1902 966 2077 1056 relatis
2176 1034 2182 1093 :

558 1161 574 1198 ι
616 1133 660 1205 et
692 1109 906 1228 depositis
938 1110 996 1196 ab
1030 1104 1354 1196 Obstetricibus
1381 1143 1421 1190 ι,
2175 1100 2182 1125 ’

680 1239 742 1323 Eo
776 1249 925 1320 antem
960 1230 1027 1318 val
1063 1227 1202 1344 magis
1237 1225 1447 1340 inspectio
1483 1241 1578 1312 erat
1613 1223 1692 1310 rito
1725 1240 1768 1310 et
1804 1247 1904 1308 cum
1946 1241 2072 1300 om-

552 1362 683 1450 nibus
718 1353 900 1444 cautelis
936 1355 979 1440 in
1025 1379 1210 1468 corpore
1258 1347 1483 1436 Adrianae
1534 1344 1817 1466 perficienda,
1853 1338 1969 1456 quia
2005 1366 2072 1424 ex

555 1475 904 1598 depositionibus
939 1473 1190 1591 peritissimi
1226 1470 1486 1560 Prolessoris
1534 1471 1702 1558 Hubert
1735 1492 1950 1581 magnam
1993 1460 2069 1545 in·

556 1601 768 1694 volvebat
800 1594 1097 1685 difficultatem
1146 1596 1203 1682 ob
1248 1595 1461 1682 incertam
1496 1609 1540 1681 et
1574 1593 1858 1708 aequivocam
1896 1582 2066 1672 eoniu-

558 1755 662 1845 gum
696 1721 1046 1822 confessionem3
1085 1716 1196 1805 adeo
1242 1733 1288 1804 ut
1322 1717 1510 1832 ipsemet
1558 1715 1778 1804 Professor
1825 1709 1882 1798 ad
1931 1703 2062 1793 iudi-

554 1850 671 1940 cinm
706 1872 832 1933 snum
872 1871 1004 1957 super
1029 1837 1403 1928 consummatione
1422 1839 1692 1928 eliciendam
1716 1866 1824 1951 opus
1844 1829 2066 1920 habuerit

561 1969 782 2087 duplicem
818 1963 1093 2082 hypothesim
1124 1960 1405 2078 corrhngere3
1439 1961 1626 2048 alteram
1662 1987 1821 2076 nempe
1854 1954 1914 2042 de
1949 1981 2064 2038 con·

559 2089 854 2182 summatione
888 2087 930 2172 in
965 2116 1092 2173 sensu
1135 2085 1305 2172 medico
1356 2101 1398 2172 et
1443 2083 1499 2172 ad
1555 2084 1798 2172 naturalem
1847 2075 2060 2192 copulam

561 2211 844 2331 explendam3
883 2209 1011 2296 aliam
1048 2209 1089 2294 in
1124 2237 1255 2295 sensu
1287 2206 1609 2296 commixtionis
1642 2204 1864 2321 sanguinis
1897 2199 1972 2286 vel
1998 2227 2064 2282 se-

568 2337 736 2426 minum
773 2331 828 2419 ad
863 2331 1206 2447 procrcationenr
1242 2329 1404 2418 sobolis
1439 2329 1645 2430 idoneae,
1683 2329 1757 2446 qni
1801 2352 1957 2414 sensns
1993 2333 2058 2406 est

564 2488 669 2545 vare
702 2453 937 2542 cartonicns
983 2453 1101 2540 iuxta
1144 2484 1237 2540 can.
1275 2455 1333 2540 l8
1367 2483 1480 2538 carra.
1516 2455 1576 2542 27
1610 2485 1678 2570 qn.
1715 2452 1762 2553 2,
1799 2465 1837 2535 et
1869 2441 2057 2534 Scnchez

564 2581 614 2668 de
646 2578 835 2664 matrim.
874 2574 950 2662 lib.
986 2575 1015 2662 2
1051 2574 1163 2690 disp.
1202 2577 1252 2661 2l
1296 2607 1408 2662 num.
1445 2577 1472 2662 3
1511 2615 1527 2652 α
1568 2574 1717 2692 capide
1757 2569 1948 2660 cormelis
1976 2595 2058 2680 per
2184 2629 2185 2635 Ν

567 2732 689 2820 quarn
723 2713 1028 2786 consummatur
1061 2698 1395 2800 comminantium,
1432 2730 1480 2784 eo
1512 2713 1587 2798 est,
1610 2729 1690 2816 per
1712 2729 1833 2814 qnam
1862 2690 2057 2803 cont‘upes

563 2821 799 2948 efficiuntur
833 2851 916 2906 trito
948 2851 1063 2924 caro,
1101 2837 1143 2906 nt
1178 2837 1336 2907 cortstnt
1368 2839 1443 2908 etc.
1486 2889 1501 2916 .,
1538 2889 1547 2908 .
1589 2888 1598 2908 .
1636 2837 1673 2908 et
1706 2817 1928 2934 callipitur
1949 2843 2052 2898 eme.

566 2949 651 3036 berc
674 2977 709 3031 e.
747 2945 806 3032 27
830 2975 871 3060 q.
898 2943 976 3028 2-
998 2942 1061 3028 ibi
1083 2981 1148 3020 -ι
1176 2944 1480 3060 propinquitas
1502 2944 1622 3032 errirn
1651 2933 2058 3059 sanguinis-iunctis

570 3111 587 3148 ι
629 3067 779 3155 verbis
814 3064 1192 3184 praecedentibus;
1214 3065 1515 3154 dixeratcnim
1536 3097 1622 3154 non
1646 3067 1773 3155 aliter
1797 3063 1890 3152 lieri
1916 3086 2052 3146 unam
2184 3149 2185 3169 Ν

575 3234 591 3272 ι
630 3219 825 3292 carnem,
863 3217 1013 3306 quam,
1057 3188 1090 3275 si
1140 3188 1302 3276 carnali
1349 3186 1503 3305 copula
1551 3190 1634 3278 sibi
1678 3189 1978 3284 cohaereant3
2015 3194 2057 3264 et

572 3358 589 3396 ι
629 3311 780 3404 subdit
813 3311 917 3400 haec
939 3361 957 3378 -
982 3341 1125 3428 neque
1160 3313 1353 3400 osculnm
1381 3311 1493 3428 parit
1513 3311 1904 3430 propinquitatem,
1931 3299 2052 3422 quod
2182 3395 2183 3399 t

480 3549 482 3554 Α
575 3481 591 3518 ι
633 3435 801 3524 nullam
826 3433 925 3524 lacit
946 3433 1169 3551 sanguinis
1192 3435 1553 3522 commixtionem
1571 3469 1614 3540 -;
1638 3450 1682 3523 et
1708 3435 1765 3522 ita
1792 3429 1913 3550 quod
1938 3425 2057 3545 prius

577 3576 866 3670 evocaverat
899 3557 1118 3644 carnalem
1153 3557 1527 3661 commixtionem,
1566 3557 1698 3646 modo
1731 3547 2058 3667 voeatsangui·
2182 3575 2183 3583 ¹

578 3727 595 3764 ι
635 3682 717 3784 nis,
755 3677 867 3768 idest
899 3679 1078 3769 seminis
1113 3680 1540 3768 commixtionem».

697 3806 845 3914 Quum
878 3819 1026 3890 autem
1060 3805 1117 3888 D.
1155 3802 1324 3888 Hubert
1357 3802 1572 3892 disserere
1606 3801 1833 3894 debuisset
1864 3798 2056 3886 decom·

575 3925 788 4016 mixtione
812 3925 857 4010 in
877 3955 975 4013 casu
1000 3929 1120 4010 iuxta
1142 3924 1258 4011 hunc
1280 3953 1453 4012 sensum
1476 3925 1753 4023 canonicum,
1782 3941 1884 4010 tunc
1907 3931 2055 4035 aperte

471 4077 475 4086 ’
577 4062 841 4166 protestatus
874 4063 939 4134 est
984 4045 1153 4132 nullum
1206 4045 1401 4164 prolerre
1451 4078 1576 4163 posse
1624 4047 1852 4148 iudicium;
1891 4035 2057 4156 itaqui-

499 4265 502 4272 ,
578 4173 682 4262 dem
716 4169 761 4254 in
793 4199 870 4255 sna
904 4167 1045 4284 prima
1081 4167 1340 4256 relatione·
1369 4169 1423 4258 Mi
1459 4169 1493 4258 si
1528 4169 1767 4258 domanda:
1798 4208 1814 4245 ι
1846 4167 1874 4253 il
1909 4159 2057 4252 matri·
2184 4165 2185 4226 ἐ

584 4337 600 4373 ι
642 4289 788 4380 monio
813 4291 947 4378 nond
980 4305 1090 4378 stato
1113 4291 1398 4380 consumatol
1420 4293 1550 4404 Quali
1574 4325 1680 4382 sorio
1712 4294 1751 4380 lc
1781 4319 1918 4408 prove
1945 4284 2055 4376 della

586 4458 602 4494 ι
642 4445 732 4502 non
758 4411 1123 4504 consumazioncl
1155 4414 1293 4525 Quale
1322 4415 1346 4502 ie
1371 4415 1399 4502 il
1443 4417 1590 4504 valore
1620 4415 1665 4504 di
1702 4433 1857 4533 queste
1888 4405 2054 4530 prove?
2184 4415 2185 4436 ¹

585 4580 601 4618 ι
642 4541 698 4630 Se
735 4538 774 4624 io
808 4535 1016 4642 delinisse
1056 4537 1082 4622 l'
1104 4551 1222 4638 atto,
1262 4567 1318 4624 un
1359 4537 1707 4628 avvicinamento
1752 4533 1959 4634 de'sessi,
1997 4529 2055 4620 el·

588 4701 605 4741 ι
646 4659 831 4748 lcttuato
855 4659 897 4745 in
921 4657 1053 4746 modo
1092 4657 1149 4744 da
1180 4658 1332 4746 render
1351 4661 1554 4775 possibile
1577 4660 1605 4745 l'
1626 4663 1815 4747 incontra
1844 4655 1962 4772 depli
1984 4653 2057 4739 ele·

590 4825 607 4862 ι
645 4785 773 4870 menti
805 4781 987 4869 nsoschio
1022 4814 1042 4868 e
1071 4781 1288 4900 semmina,
1315 4812 1341 4870 c
1371 4813 1449 4899 per
1471 4813 1768 4900 conseguenza
1798 4784 1838 4869 la
1857 4775 2057 4867 leconda·
2184 4771 2185 4774 ‘

590 4947 607 4984 ι
646 4905 785 5008 aione,
823 4936 903 4992 non
931 4933 1055 5018 passo
1089 4905 1167 5018 piri
1205 4903 1427 5024 efformare
1458 4908 1622 5006 niente;
1647 4907 1702 4996 ed
1739 4907 1750 4992 i
1788 4902 1908 5021 segni
1944 4896 2056 4988 della

591 5071 606 5107 ι
648 5027 864 5144 verginith
885 5059 966 5112 nora
1000 5025 1136 5114 hanno
1155 5028 1233 5140 piei
1260 5027 1383 5114 alcun
1401 5027 1584 5119 valore»
1612 5097 1621 5116 .

710 5149 906 5266 ldipsum
950 5151 1107 5264 repetit
1149 5150 1192 5236 in
1233 5149 1315 5238 alia
1360 5151 1574 5240 relatione
1614 5165 1710 5268 post
1749 5149 2057 5265 inspectionem

514 5263 515 5272 Ν
585 5273 628 5361 in
671 5301 854 5388 corpore
901 5271 1174 5361 Ferdinandi
1212 5272 1356 5361 elicita
1406 5275 1494 5362 ·la
1543 5273 1774 5394 questione
1810 5272 1928 5361 della
1973 5292 2054 5354 non

591 5434 608 5471 ι
649 5397 982 5484 consumazione
1016 5393 1089 5482 del
1122 5395 1402 5484 matrimonio
1434 5397 1459 5484 a
1491 5396 1657 5501 chiara,
1687 5427 1817 5485 avere
1840 5389 2056 5482 ineslrica·

592 5555 609 5592 s
651 5518 757 5622 bile,
795 5516 982 5606 secondo
1017 5517 1058 5604 la
1090 5517 1366 5622 delinitione,
1403 5519 1482 5612 che
1514 5519 1542 5606 il
1566 5509 2050 5608 Tribunaleadotterh.
