4446 6330
519 331 582 422 22
974 329 1058 418 Die
1089 331 1150 418 25
1175 325 1378 416 lurrrrurii
1410 327 1550 416 4879.

387 553 391 560 ,
515 483 649 572 supra
682 452 945 570 vigesimum
980 469 1221 540 excesserat
1255 479 1439 540 annum.
1474 447 1683 560 Fortassis
1717 447 1797 536 iste
1826 478 1906 538 suo
1932 449 2015 538 mi·

519 575 698 682 serabili
735 592 960 692 pertaesus
993 589 1123 678 statu,
1162 590 1355 662 mentem
1387 569 1570 674 ¹aliunde
1626 570 1842 662 convertit
1862 599 2014 676 snam,

520 715 568 789 ut
600 698 826 788 meliorem
855 711 1159 814 assequeretur
1190 694 1510 786 conditionem.
1547 694 1743 784 Audiens
1769 727 1793 780 a
1827 694 2031 812 quodam

519 823 706 940 losepho
741 822 863 939 Bigo,
904 822 1032 940 vulgo
1062 819 1305 937 ,Buccibecco
1330 818 1643 939 Albingauensi
1672 886 1681 918 ,
1708 815 1866 906 eadem
1892 818 1942 904 iu
1965 817 2033 908 Gi·

519 944 656 1032 vitate
689 942 927 1064 quamdam
962 959 1113 1030 extare
1150 943 1383 1060 puellam,
1419 941 1701 1042 Violantinae
1724 937 1920 1028 Arduiui
1948 970 2030 1028 uo-

522 1067 659 1171 mine,
696 1097 810 1184 quae
844 1066 931 1152 iam
967 1065 1242 1184 trigesimum
1289 1081 1495 1182 quartum
1539 1065 1792 1182 expleverat
1826 1093 2021 1168 annum,

523 1219 730 1308 quaeque
785 1189 829 1276 in
880 1187 990 1278 vivis
1044 1187 1237 1278 babebat
1289 1187 1476 1280 Felicem
1532 1205 1703 1308 patrem
1759 1215 1938 1290 senem,
1978 1203 2025 1276 et

523 1311 706 1418 fratrem
740 1311 967 1400 Nicolaum
1001 1312 1319 1428 Presbyterum
1372 1327 1569 1416 tautum;
1611 1310 1740 1400 variis
1776 1307 1840 1396 isti
1875 1311 2028 1425 potie-

523 1435 688 1524 bantur
721 1433 885 1552 agcllis,
934 1462 1070 1552 usqne
1103 1435 1161 1522 ad
1195 1463 1417 1536 summam
1449 1433 1670 1524 sexdecim
1704 1431 1844 1520 millia
1865 1431 2026 1520 Libel-

523 1557 680 1661 larum,
719 1573 892 1672 praeter
913 1555 996 1646 alia
1017 1555 1209 1646 familiae
1234 1556 1368 1662 boun,
1387 1585 1579 1677 quorum
1603 1556 1803 1646 omnium
1833 1553 2024 1644 tandem

523 1677 677 1766 haeres
709 1677 852 1766 lutura
884 1697 977 1769 erat
1010 1680 1102 1796 ipsa
1135 1680 1403 1769 Violantina.
1440 1682 1529 1768 llae
1572 1694 1773 1781 tantum,
1815 1695 1862 1765 ut
1895 1706 2023 1782 reor,

525 1831 603 1919 spe
637 1831 843 1890 accensus
891 1819 1022 1919 atque
1058 1799 1353 1892 inflammatus
1387 1803 1655 1906 Franciscus‚
1693 1800 1839 1918 coepit
1882 1801 2030 1890 conti·

524 1953 617 2014 nuo
648 1923 728 2010 boc
760 1923 843 2012 sibi
876 1923 1140 2014 benevisum
1185 1941 1453 2042 pertractare
1487 1926 1730 2044 negotium,
1772 1923 1881 2012 nibil
1919 1953 2021 2038 per·

525 2046 726 2164 pandens
759 2045 816 2135 de
849 2045 1043 2136 mulieris
1076 2061 1235 2154 aetate,
1276 2047 1361 2136 sibi
1398 2048 1528 2166 louge
1552 2047 1788 2166 superiori,
1827 2045 2033 2158 nihilde

526 2169 661 2287 ipsius
694 2167 990 2279 deformitate,
1018 2199 1105 2256 uon
1130 2170 1187 2260 dc
1204 2168 1340 2258 animi
1358 2172 1620 2274 mobilitate,
1645 2201 1733 2258 non
1766 2168 1889 2288 quod
1909 2168 2024 2272 vino

526 2292 692 2382 nimius
736 2321 871 2410 quam
915 2323 995 2412 par
1026 2309 1106 2398 est,
1143 2291 1292 2382 dedita
1312 2293 1378 2412 (l)
1410 2334 1427 2372 ι
1454 2293 1622 2412 quaudo
1643 2324 1716 2380 eru
1733 2289 1810 2378 dul
1826 2291 1921 2377 citro
1939 2309 2027 2380 cot·

533 2455 549 2520 ς
591 2413 729 2514 ticcio,
760 2414 895 2503 refert
929 2413 996 2535 (2)
1030 2413 1284 2532 Episcopus,
1325 2417 1444 2533 qumi
1487 2415 1691 2536 deforme,
1737 2411 1936 2516 strombo,
1979 2447 2021 2504 se

535 2576 552 2644 ς
591 2569 672 2640 nou
705 2536 750 2622 cl
783 2553 886 2626 tutto
919 2568 1050 2624 scema
1083 2535 1132 2624 di
1152 2539 1329 2627 cerucllu
1359 2573 1401 2640 »,·
1425 2538 1504 2630 sed
1525 2539 1645 2628 cordi
1669 2569 1747 2626 suo
1772 2537 1853 2624 lroc
1874 2566 2017 2642 unum

529 2657 712 2750 infixum
748 2678 857 2764 erat,
886 2659 1094 2778 pinguem
1129 2658 1248 2769 illam
1270 2662 1480 2780 consequi
1514 2660 1848 2766 haereditatem,
1878 2677 1924 2746 ut
1960 2659 2025 2748 ait

527 2779 662 2870 irater
696 2783 892 2872 mulieris
928 2781 994 2903 (3)
1025 2821 1040 2858 ι
1073 2798 1200 2870 trotto
1225 2783 1394 2872 ull'cscn
1427 2784 1476 2874 di
1509 2819 1564 2874 rm
1597 2785 1807 2884 interesse,
1835 2782 1907 2870 elta
1932 2783 2025 2870 uel-

531 2945 548 2990 r
595 2903 637 2990 lu
669 2937 743 2994 suu
770 2904 1022 3021 pouertcilo
1062 2900 1328 3021 udbupla'uuu.
1372 2948 1388 2988 ι
1427 2911 1479 2999 Et
1503 2908 1663 2998 hicme
1685 2905 1909 2996 continere
1933 2936 2025 2994 nou

526 3025 674 3136 valeo,
712 3029 818 3145 quin
853 3059 952 3119 cum
988 3031 1119 3116 Poeta
1155 3028 1414 3120 exclamem:
1443 3029 1560 3140 Quid
1591 3062 1674 3118 nou
1706 3027 1908 3116 mortalia
1939 3057 2019 3142 pc·

529 3165 646 3258 ctorc
679 3151 791 3266 copis
828 3154 930 3239 ouri
964 3183 1086 3238 sacru
1131 3149 1293 3272 fames!
1342 3151 1541 3242 Proiecto
1590 3153 1774 3256 accidit,
1814 3165 1860 3237 ut
1895 3151 2018 3240 viam

529 3289 761 3390 quaereret
799 3288 845 3362 ut
878 3273 1156 3364 Violantinac
1195 3274 1484 3396 loqueretur,
1524 3307 1639 3396 quae
1677 3275 1717 3362 ei
1761 3303 2023 3390 responsum

528 3392 669 3500 dedit,
698 3427 855 3513 parum
889 3429 934 3486 se
968 3396 1021 3486 ad
1056 3411 1217 3486 statum
1250 3398 1525 3516 coniugalem
1558 3399 1814 3488 inclinatam
1836 3395 2019 3486 sentire:

514 3532 722 3608 ⁴attamen
758 3534 895 3610 totum
931 3522 1011 3609 hoc
1043 3519 1270 3637 negotium
1304 3520 1426 3610 lratri
1460 3554 1541 3612 suo
1572 3522 1748 3612 Nicolau
1781 3519 2021 3636 Presbyte-

528 3673 579 3731 ro
613 3641 855 3734 remittere.
893 3645 991 3757 Quo
1026 3643 1192 3746 audito,
1229 3643 1480 3734 Franciscus
1503 3645 1683 3734 fratrem
1707 3641 1831 3746 adiit,
1860 3673 2017 3761 quem,

529 3765 718 3855 infausto
751 3767 923 3890 sydera,
960 3792 1227 3886 propensum
1264 3765 1451 3874 iuvenit3
1489 3767 1689 3892 quinimo
1724 3766 1805 3882 ipsi
1848 3764 2020 3882 promi-

526 3887 582 3976 sit
616 3919 661 3975 sc
695 3905 913 3993 acturum,
951 3903 998 3974 ut
1031 3903 1201 4007 patrem
1234 3919 1411 4007 quoquc
1443 3921 1571 3980 suum
1595 3891 1651 3980 ad
1686 3887 2019 3980 assentiendum

527 4009 807 4127 perduceret.
844 4011 1007 4100 Animo
1041 4013 1187 4129 itaque
1225 4027 1369 4100 erecto
1392 4011 1528 4102 lactus
1561 4013 1813 4104 Franciscus
1848 4028 2021 4130 patrem

525 4132 622 4220 ivit.
660 4134 824 4222 Verum
861 4133 980 4224 hand
1013 4132 1292 4251 dispositum,
1319 4135 1429 4224 sicut
1462 4135 1657 4239 lratrem,
1695 4135 1900 4237 invenit,
1937 4133 2015 4252 qui

527 4255 664 4344 recise
698 4257 930 4376 respondit
969 4298 985 4336 ι
1025 4287 1070 4345 se
1105 4288 1190 4344 non
1239 4291 1362 4375 posse
1411 4258 1526 4348 liliac
1561 4261 1642 4348 hoc
1682 4257 2015 4346 matrimonium

528 4379 756 4468 consulere
786 4413 823 4484 »ς
853 4411 952 4470 nam
989 4399 1033 4467 ut
1066 4379 1305 4504 Episcopus
1329 4380 1397 4501 (ῖι)
1423 4383 1497 4472 nit:
1525 4423 1541 4462 r
1571 4383 1646 4470 dul
1672 4381 1793 4499 quale
1815 4379 1851 4467 il
1872 4376 2016 4464 Purlrc
2115 4459 2118 4464 .

533 4541 551 4580 ι
591 4502 1044 4594 CONOSCENDOLA
1076 4505 1267 4594 VOLEA
1316 4507 1575 4596 runcum
1625 4505 1828 4594 LUNGE.
1872 4543 1888 4580 ι
1927 4501 2018 4620 Ap·

530 4625 674 4742 prime
707 4625 860 4716 videns
893 4627 962 4716 vir
994 4641 1185 4745 tempus,
1222 4642 1267 4714 et
1300 4657 1409 4746 opus
1442 4657 1542 4716 cnm
1577 4659 1628 4717 eo
1662 4627 1819 4716 lrustra
1853 4641 2012 4724 terere,

525 4746 685 4838 ilerum
719 4749 776 4838 ad
810 4750 1038 4840 Nicolaum
1072 4747 1232 4852 rediit,
1270 4751 1345 4868 qui
1389 4750 1558 4838 nullum
1608 4782 1695 4840 uon
1729 4748 1869 4838 morit
1904 4746 2015 4865 lapi·

529 4869 650 4978 dem,
678 4870 786 4992 quin
821 4872 952 4962 hocce
983 4871 1208 4989 negotium
1242 4873 1300 4960 ad
1332 4903 1460 4963 suum
1485 4903 1573 4963 non
1597 4873 1856 4994 perduceret
1889 4883 2014 4988 opta·

653 5115 720 5238 (l)
757 5116 855 5206 Act.
894 5067 1082 5207 Process.
1120 5097 1416 5208 Documentum
1449 5121 1664 5211 Primum.
1801 5167 1807 5174 ·

541 5319 548 5328 .
652 5239 701 5358 (2
752 5241 896 5357 Epist.
932 5241 989 5332 ud
1012 5243 1163 5334 limum
1185 5240 1452 5363 Praefectum
1484 5243 1554 5336 die
1588 5245 1647 5352 15
1670 5243 1840 5350 ,Martii
1863 5241 2012 5346 1878.

548 5359 701 5479 (3
755 5365 822 5450 lbi
855 5367 1147 5480 Documentum
1183 5363 1397 5457 Primum.
1521 5459 1524 5466 ,

541 5579 547 5592 .
591 5587 594 5594 ,
656 5479 900 5606 (llsspist.
936 5491 1137 5605 supcit.
