4350 6326
511 333 602 424 552
945 331 1034 420 Die
1061 331 1126 420 20
1155 331 1392 420 monstris
1425 333 1445 418 l
1455 331 1564 422 879

508 458 673 578 prima,
712 471 862 596 utpote
895 453 1081 546 decretis
1114 455 1398 545 Auctoritatis
1419 455 1737 546 Ecclesiasticre
1770 472 1815 546 ct
1837 485 1999 574 peren

508 580 556 666 ni
590 580 859 697 possessione
892 577 1080 682 firmata,
1130 609 1207 667 ceu
1242 577 1389 668 docuit
1422 581 1467 671 S.
1491 579 1649 667 Rota
1639 612 1682 666 rn
1714 579 1856 668 Dacis.
1884 580 2000 668 Reu-

510 707 600 790 tino
633 701 951 789 Iurisdictt‘uois
985 703 1036 790 3t
1079 701 1274 788 Ianuarii
1308 701 1497 824 l806g.
1525 705 1716 790 7corum
1739 703 1929 790 Tusceni.

637 825 902 913 Defensores
934 824 1117 941 perinde
1151 824 1340 942 Capituli
1376 825 1454 914 hac
1490 825 1701 914 tutissima
1741 824 1999 914 defensioue

509 948 688 1037 tandem
725 949 1021 1065 aequiescunt.
1058 948 1350 1036 Observantia
1384 948 1503 1036 enim
1539 945 1920 1052 immemorabilis,
1941 947 1998 1036 si·

512 1073 598 1162 cuti
632 1071 914 1172 centenaria,
954 1070 1109 1157 melior
1146 1071 1293 1158 titulus
1342 1071 1400 1159 de
1435 1071 1603 1159 mundo
1652 1071 1838 1168 dicitur.
1892 1071 1996 1189 quia

507 1225 663 1283 emises
693 1193 799 1282 elios
835 1193 1122 1281 validissimos
1157 1193 1303 1281 titulos
1337 1193 1593 1311 praesumit,
1631 1225 1790 1311 expers
1824 1209 1887 1282 est
1923 1195 1999 1282 si-

509 1319 671 1406 tiorum
726 1317 1015 1434 usucapionis
1052 1333 1170 1406 caret
1224 1316 1481 1433 exceptione
1515 1336 1635 1405 actus
1670 1317 1908 1406 lacultativi
1953 1324 2019 1404 et‘

507 1441 710 1530 omnibus
744 1440 876 1528 obiici
912 1441 1205 1556 potestatium
1244 1439 1421 1556 proprio
1445 1441 1538 1528 iure
1571 1441 1868 1529 venientibus.

631 1563 867 1651 Nonnullae
887 1563 1067 1650 tandem
1088 1561 1348 1650 Defensores
1382 1564 1583 1681 Episcopi
1624 1564 1810 1652 rationes
1850 1592 1998 1682 perse·

505 1705 698 1804 quuntur
716 1685 759 1773 iu
775 1685 1000 1804 denegatis
1023 1686 1149 1773 initio
1168 1685 1397 1774 Canonicis
1416 1684 1609 1806 insigniis
1628 1701 1750 1775 extra
1770 1685 1996 1804 propriam

507 1809 757 1914 Ecclesiam,
797 1807 1064 1898 adducentes
1099 1809 1231 1896 etiam
1266 1810 1416 1898 turbas
1449 1830 1562 1898 ortas
1586 1811 1629 1898 in
1652 1811 1838 1900 Ecclesia
1863 1813 1909 1900 S.
1930 1809 1999 1894 lo-

506 1933 631 2021 annis
664 1933 736 2020 die
758 1935 817 2020 27
854 1933 1110 2020 Decembris
1144 1932 1282 2035 1875,
1309 1933 1497 2075 quando
1521 1952 1745 2050 postremo
1770 1933 1865 2020 vice
1897 1929 1998 2020 lun·

487 2056 767 2160 'ctionarant,
789 2075 1040 2174 opportune
1085 2056 1262 2144 excitaui
1311 2056 1427 2143 ab
1417 2055 1521 2174 rpsis
1569 2058 1844 2175 Presbyteris'
1875 2055 1991 2144 illius

505 2177 737 2279 Ecclesiae,
777 2179 1096 2268 utAuctoritati
1133 2180 1220 2266 vim
1254 2179 1446 2307 lacerent
1479 2197 1581 2268 eta
1555 2180 1887 2298 apossessione
1918 2179 1999 2266 Ga-

506 2301 685 2390 nouicos
717 2301 1010 2389 dimoverent.

631 2427 715 2512 Has
730 2427 860 2512 etiarn
880 2423 1072 2542 aliasque
1090 2426 1341 2532 rationes,
1317 2427 1403 2513 late
1425 2427 1644 2544 expositas
1666 2457 1764 2516 cum
1788 2422 1991 2544 pluribus

506 2546 783 2638 documentis
817 2547 911 2634 Eriri
936 2563 980 2636 ct
1005 2548 1105 2636 uni
1129 2550 1279 2636 Patres
1313 2549 1484 2666 plenius
1502 2551 1650 2668 legere
1691 2547 1995 2668 dignabuntur

506 2670 550 2758 in
584 2671 665 2760 hac
695 2673 832 2758 altera
855 2671 1155 2760 Delensione:
1196 2672 1283 2759 mei
1317 2671 1512 2760 muneris
1546 2675 1712 2762 interea
1746 2689 1812 2760 est
1836 2671 1995 2757 iterum

505 2793 736 2885 enodanda
761 2825 1009 2913 proponere

1159 2918 1336 3008 DUDlA

629 3167 663 3252 l.
699 3165 772 3252 An
803 3163 858 3250 sit
891 3161 1083 3252 standum
1115 3163 1182 3253 uel
1214 3163 1484 3273 recedendum
1516 3197 1543 3251 α
1576 3161 1787 3252 decius
1771 3195 1816 3250 m
1842 3162 1998 3278 primo

504 3275 696 3374 Dubio
680 3319 725 3375 m
759 3321 869 3375 casu.

628 3535 682 3622 ll.
721 3535 797 3621 Aa
823 3538 878 3622 sit
911 3533 1105 3622 standum
1138 3533 1201 3620 ecl
1235 3531 1503 3620 recedendum
1536 3565 1563 3618 o
1598 3533 1746 3620 clericis
1782 3535 1824 3620 io
1848 3565 1986 3620 secto·

506 3656 559 3744 do
581 3657 723 3745 Doto
758 3659 801 3746 io
836 3688 946 3744 cocu.

628 4023 696 4113 Ad
731 4025 766 4110 l.
808 4027 853 4111 ln
890 4023 1045 4112 decisis
1066 4043 1109 4112 ct
1132 4023 1319 4142 amplius
1344 4021 1473 4110 firma
1497 4023 1765 4140 obligatione
1789 4025 1994 4144 Episcopi

505 4143 796 4235 constituendi
821 4179 1015 4235 securam
1035 4179 1273 4264 congruam
1295 4147 1504 4247 parocho,
1526 4145 1990 4289 impositoqueeidcur

471 4270 698 4359 Darocho
736 4301 869 4360 onere
902 4271 1208 4388 praesentandi
1243 4269 1460 4358 Ecclesiae
1499 4271 1545 4360 E.
1593 4270 1818 4390 Georgii'
1809 4303 1852 4358 ro
1881 4272 1988 4361 leste

504 4394 711 4482 Titularis
735 4424 784 4481 uc
803 4395 979 4481 Patroni
1024 4393 1275 4512 principalis
1309 4393 1537 4482 Mothucue
1560 4426 1735 4482 cereum
1764 4395 1900 4483 trium
1938 4397 1988 4484 li-

503 4519 686 4606 brarum
722 4515 965 4633 insignum
1007 4517 1294 4606 matricitatis.

625 4640 695 4729 Ad
735 4641 788 4726 ll.
831 4641 878 4726 ln
915 4639 1068 4729 decisis
1107 4641 1385 4758 etamplius.
