4350 6326
611 316 695 406 Die
726 319 787 406 20
820 315 1055 406 Decembris
1088 313 1226 406 4879.
1574 312 1663 402 5'sl·

306 555 360 642 ll.
397 554 468 639 An
484 568 522 638 et
543 507 747 670 prromodo
780 546 988 637 absolutio
1005 565 1044 637 ct
1061 549 1287 642 Missurum
1305 555 1493 646 reductio
1531 558 1676 646 indul·

186 676 325 799 9rndo
357 678 413 764 sit
448 676 491 762 io
524 707 637 764 cosa.

307 1083 377 1172 Ad
412 1085 446 1171 Ι.
485 1077 771 1170 Allis-mutire.

308 1203 378 1292 Ad
411 1208 466 1293 ll.
504 1207 655 1291 Firmo
692 1220 947 1290 remanente
970 1201 1079 1289 [esto
1102 1203 1146 1290 S.
1175 1203 1389 1294 Bernardi
1411 1207 1670 1302 affirmative

185 1331 304 1418 iuxta
341 1331 475 1446 petita
512 1333 624 1416 lacto
662 1328 796 1416 verbo
831 1357 927 1413 eum
964 1327 1116 1416 ssffio.

309 1795 649 2002 Annnctltn.
676 1909 934 1999 GANONIS.
954 1908 1033 1994 -Α
1059 1925 1271 2024 tempore,
1293 1911 1412 2028 quod
1437 1913 1664 2004 hominum
1697 1889 1804 1982 3⁶⁸³·
1824 1891 1886 1982 24
1913 1895 2061 2009 wll-3

183 2034 441 2122 memoriam
476 2031 666 2138 excedit,
705 2031 950 2120 introducta
973 2033 1327 2121 est'consuetndo
1375 2033 1418 2122 in
1466 2037 1663 2127 Dioeoesi
1700 2012 1959 2136 defleswm·

182 2156 445 2246 bonosiensi
469 2153 674 2272 exigendi
696 2154 975 2272 quotannisa
998 2153 1200 2272 quolibet
1232 2157 1422 2246 Parocho
1446 2160 1668 2250 modicum

182 2311 395 2370 canonem
421 2309 500 2396 pro
521 2279 778 2367 Sanctorum
819 2279 1027 2366 Olaurum
1068 2279 1250 2366 materia
1283 2282 1581 2398 comparanda
1603 2312 1669 2372 re·

181 2403 556 2520 munerandisque
577 2400 780 2490 ministris
814 2401 969 2490 eudem
992 2400 1377 2491 distribuentibus.
1405 2407 1552 2494 Canon
1588 2407 1667 2495 iste

184 2527 226 2612 in
267 2555 470 2642 praesens
503 2527 562 2613 35
596 2544 710 2614 cent.
748 2555 965 2612 summam
1002 2555 1086 2611 non
1138 2525 1308 2613 excedit
1356 2557 1436 2641 pro
1469 2529 1668 2647 qualibet

181 2649 402 2738 Puroecia.
451 2648 633 2737 Recenti
679 2669 874 2764 tempore
917 2648 1166 2737 dubitatum
1216 2665 1280 2738 est
1323 2681 1429 2737 num
1473 2653 1667 2770 legitime

182 2773 344 2864 isthaec
392 2774 498 2863 levis
539 2787 636 2860 taxa
669 2771 783 2885 exigi
820 2772 976 2875 valcat,
1005 2787 1240 2888 eapropter
1273 2775 1467 2861 Antistes
1500 2776 1591 2892 ipse
1613 2775 1668 2866 ad

182 2925 314 2986 omne
359 2895 545 2986 dubium
591 2897 670 2984 hae
702 2923 834 3008 super
883 2924 928 2981 re
972 2893 1261 2984 avertendum
1295 2897 1479 3014 supplici
1513 2899 1663 2989 oblato

182 3021 227 3109 S.
267 3023 320 3108 V.
346 3027 401 3110 0.
427 3020 576 3108 libello
601 3017 691 3106 diei
729 3016 785 3102 49
819 3017 1083 3105 Novembris
1116 3018 1237 3108 4878
1261 3019 1508 3132 humillime
1526 3021 1668 3110 decla·

183 3144 271 3232 rari
288 3143 608 3260 expostulabat:
642 3171 726 3229 «se
750 3171 873 3260 possa
893 3172 918 3228 o
938 3171 992 3228 uo
1011 3140 1265 3230 continuare
1292 3161 1444 3260 questa
1485 3160 1592 3234 tasso
1623 3145 1668 3234 di

188 3309 206 3347 ι
244 3267 303 3356 35
334 3267 558 3356 centesimi
579 3297 658 3382 per
682 3265 951 3354 Parrocohia.
989 3267 1035 3352 ln
1069 3295 1167 3352 caso
1189 3265 1395 3382 negativo
1428 3297 1474 3354 se
1514 3299 1568 3355 ne
1602 3296 1667 3356 as·

188 3431 204 3468 e
246 3391 358 3478 terra
382 3422 460 3508 per
493 3387 1032 3504 l'avvenire,implorando
1056 3390 1100 3474 in
1133 3390 1227 3503 pari
1263 3405 1410 3506 tempo
1446 3421 1530 3476 nna
1565 3411 1668 3480 eon-

189 3555 204 3592 ·
244 3513 484 3602 donacione
509 3545 587 3628 por
610 3511 638 3598 il
663 3529 832 3628 passato
873 3553 909 3596 ι.

306 3633 577 3725 Affirmativa
613 3635 824 3724 sententia
861 3634 903 3721 in
939 3636 1132 3722 themate
1172 3635 1398 3752 sequenda
1443 3637 1669 3730 videretur

183 3760 218 3850 si
252 3791 492 3878 parumper
525 3775 692 3877 spectes
725 3755 893 3878 absque
925 3756 1137 3848 simoniae
1186 3755 1286 3846 labe
1335 3759 1448 3875 exigi
1499 3760 1668 3881 aliquid

180 3913 308 4003 posse
342 3883 511 3970 ratione
546 3881 768 3984 materiae,
804 3895 879 3968 aust
914 3880 1091 3969 laboris.
1131 3880 1255 3969 Unde
1288 3881 1413 3970 sicuti
1450 3913 1669 3972 vusacon-

180 4024 344 4096 serrata
378 4005 431 4093 ad
467 4005 618 4094 divina
652 4004 893 4092 ministeria
927 4004 1107 4120 impunc
1160 4005 1288 4095 rendi
1340 4021 1535 4122 possunt,
1588 4039 1667 4098 oen

181 4159 334 4218 omnes
369 4145 521 4218 tenent
553 4131 674 4232 DD.,
703 4128 760 4216 ita
784 4128 968 4244 paritate
1003 4127 1180 4216 rationis
1214 4127 1379 4246 aliquid
1415 4161 1494 4246 pro
1526 4160 1668 4218 saero-

181 4285 280 4342 rum
314 4252 511 4366 oleorum
545 4251 838 4368 comparanda
875 4250 1058 4338 materia
1092 4251 1206 4367 exigi
1252 4283 1376 4368 posse
1421 4251 1662 4360 videretur,

181 4409 278 4464 eum
315 4377 404 4492 ipsa
437 4377 522 4464 sint
559 4377 601 4462 in
627 4374 854 4462 hominnm
883 4375 1144 4463 commercio
1185 4390 1319 4492 atque
1365 4373 1506 4491 pretio
1538 4375 1668 4464 aesti-

181 4499 379 4588 mabilia.
418 4503 531 4587 Dato
565 4517 708 4587 autem
744 4515 785 4584 et
822 4529 1064 4616 parumper
1096 4497 1278 4585 minime
1310 4528 1513 4586 concesso
1547 4499 1666 4616 quod

180 4651 318 4709 canon
353 4623 421 4713 hic
453 4624 510 4710 ab
545 4623 757 4739 Episcopo
790 4621 880 4710 sive
913 4642 1012 4708 ante
1043 4622 1137 4709 sire
1171 4637 1266 4738 post
1295 4623 1665 4711 consecrationem

180 4743 297 4862 exigi
331 4777 417 4833 non
456 4748 635 4847 valeret,
677 4763 822 4834 tamen
856 4745 991 4862 ipsius
1025 4743 1248 4861 impositio
1271 4745 1519 4833 sustinenda
1547 4746 1670 4834 vide-

178 4881 298 4955 retur
333 4888 514 4990 proptor
547 4898 725 4985 parvam
762 4870 1049 4988 quantitatem
1085 4867 1294 4956 materiae
1322 4899 1436 4988 quae
1460 4869 1662 4983 exigitur,

174 5021 290 5108 quae
325 4993 455 5080 otiam
492 5006 718 5080 excusaret
740 4993 781 5078 in
806 5025 906 5082 casu
923 4991 1146 5082 Simonias
1169 4991 1273 5080 iuris
1291 4991 1429 5080 divini
1452 4990 1660 5108 Pirbinp.

184 5113 259 5202 lib.
297 5115 326 5201 5
360 5116 428 5203 tit.
466 5119 494 5204 3
528 5115 579 5203 de
608 5115 815 5203 Sirnonic.

300 5239 454 5328 Omnis
486 5254 630 5328 antem
666 5238 860 5329 aulertur
892 5239 1088 5358 angustia
1107 5239 1143 5326 si
1166 5235 1364 5328 attendas
1387 5238 1668 5327 consuetudi-

178 5389 279 5448 nem
315 5361 713 5451 immemorabilem
747 5392 860 5480 quae
894 5361 1092 5480 Episcopi
1127 5361 1276 5450 lavore
1310 5361 1484 5450 militat.
1511 5364 1669 5476 Quan-
