4460 6332
561 369 654 458 386
1024 363 1107 452 Die
1138 363 1198 452 23
1231 363 1416 480 Auqasn'
1451 366 1587 456 l879.
1934 465 1936 470 ¹

563 490 945 614 lypsanotheeam,
984 487 1143 606 inqua
1177 489 1242 578 Ss.
1284 489 1738 608 MartyrumCosmae
1772 510 1816 580 et
1840 497 2030 592 Damiani

561 615 777 733 reliquiae
809 609 1161 714 asservabantur,
1189 609 1305 698 dono
1337 609 1459 700 dedit
1499 643 1585 700 una
1619 613 1832 705 scribens:
1865 657 1881 696 ι
1921 621 2036 717 Nulla

568 779 585 820 ι
624 733 838 826 omettcrb
878 764 955 850 per
988 733 1159 851 segnire
1191 733 1231 820 le
1261 733 1414 821 traccie
1451 735 1495 823 di
1538 737 1685 856 quello
1719 740 1798 826 che
1833 770 1903 830 me
1935 748 2038 838 volle

567 901 583 938 ι
623 893 648 948 a
683 855 1051 976 roppreseutarlo,
1077 853 1296 946 eonlidata
1325 857 1437 946 nella
1470 860 1786 974 cooperatione
1824 864 1937 952 della
1967 867 2037 958 be·

571 1023 588 1062 r
626 983 841 1070 nemerita
864 1011 888 1065 e
910 979 1076 1067 zelante
1103 979 1515 1098 congregazione».
1540 981 1709 1072 Exinde
1737 984 1917 1078 Sodales
1934 995 2034 1106 grati

563 1106 700 1194 animi
736 1137 855 1222 ergo,
892 1102 1093 1192 eamdem
1137 1119 1361 1221 tamqnam
1406 1120 1654 1220 patronam,
1687 1109 2039 1226 Congregatioois

569 1228 841 1319 directricem
877 1227 1180 1314 nominarunt.

684 1355 856 1439 Interea
896 1379 1077 1438 manum
1129 1349 1250 1466 operi
1304 1347 1631 1440 admovendam
1680 1383 1772 1442 esse
1827 1351 2037 1447 ferebatur

563 1475 620 1567 de
658 1473 872 1562 Ecclesiae
905 1492 947 1560 et
983 1471 1222 1560 vicinarum
1268 1471 1443 1562 aedium
1480 1474 1786 1578 demolitione,
1835 1477 1948 1564 unde
1979 1513 2035 1568 se-

560 1597 679 1688 dales
714 1597 809 1684 iura
846 1628 921 1682 sua
951 1595 1168 1684 deducere
1202 1595 1439 1710 Municipio
1479 1599 1695 1714 putabant
1737 1631 1817 1715 pro
1854 1599 2035 1690 relectio·

563 1753 617 1810 ne
654 1747 962 1836 expensarum,
1000 1747 1108 1836 quas
1148 1715 1191 1804 in
1233 1715 1421 1806 aedificii
1468 1719 1781 1810 instauratione
1821 1724 2035 1838 persolve-

563 1859 676 1946 rant,
703 1874 904 1964 quaeqne
943 1841 1075 1930 bodie
1111 1843 1152 1928 in
1186 1839 1345 1928 libellis
1376 1841 1497 1930 4456
1535 1849 1842 1932 aestimantur.
1877 1847 2032 1935 Verum

563 1967 865 2055 lllarcbienissa
893 1965 1171 2082 spopondens
1217 1995 1263 2053 se
1307 1995 1479 2054 rursum
1525 1968 1758 2056 Ecclesiam
1794 1967 2027 2056 aedificatu-

563 2121 654 2178 ram
689 2085 874 2194 sodales,
911 2119 989 2175 een
1025 2087 1257 2204 perbibent
1293 2102 1435 2188 testes,
1474 2089 1617 2177 asnis
1653 2091 1824 2179 iuribus
1859 2089 2031 2179 abstine·

562 2245 609 2300 re
645 2212 796 2315 voluit,
833 2243 883 2300 ac
916 2211 998 2298 sibi
1048 2239 1201 2298 eornm
1253 2209 1431 2298 tutelam
1482 2213 1772 2302 committere.
1812 2215 2024 2303 Conventa

564 2337 696 2453 igitur
728 2334 783 2421 de
819 2366 864 2422 re
898 2351 940 2424 et
975 2335 1115 2451 pretio
1164 2333 1275 2420 inter
1313 2335 1626 2452 municipale-m
1662 2345 1965 2426 auctoritatem
1995 2355 2030 2424 et

562 2457 931 2558 lllarclrionissam,
970 2457 1075 2544 baec
1110 2488 1187 2573 per
1229 2486 1330 2557 snos
1376 2457 1600 2573 operarios
1638 2459 1857 2548 Ecclesiae
1897 2459 2032 2546 demo·

565 2581 759 2668 litionem
797 2579 1002 2698 incoepit,
1041 2579 1149 2667 dnm
1183 2579 1351 2667 interea
1384 2579 1634 2668 sodalitium
1685 2582 1726 2669 in
1761 2613 1901 2700 parvo
1933 2586 2032 2669 Bar-

566 2704 817 2792 nabitarum
841 2703 998 2791 sacello
1024 2701 1249 2790 invenerat
1274 2701 1540 2820 perlnginm.

687 2827 841 2916 Paucis
875 2845 969 2942 post
1004 2827 1126 2914 annis
1160 2825 1349 2942 perlecta
1384 2828 1711 2944 propemodum
1741 2839 2029 2917 erateonstru-

563 2951 646 3040 etio
684 2981 824 3038 novae
857 2950 1086 3053 Ecclesiae,
1124 2979 1237 3068 quae
1271 2981 1324 3036 ex
1361 2963 1486 3062 parte
1530 2953 1737 3068 surgebat
1775 2981 1908 3067 super
1947 2977 2030 3034 area

564 3075 740 3176 veteris,
767 3101 866 3160 cum
891 3103 944 3160 ex
964 3087 1163 3189 tempore
1197 3102 1329 3190 opera
1364 3071 1535 3161 interna
1570 3105 1709 3164 novae
1745 3067 1954 3163 Ecclesiae
1979 3069 2030 3154 in·

563 3196 763 3287 termissa
785 3211 902 3298 sunt,
929 3195 1131 3284 dimissus
1155 3213 1218 3284 est
1241 3193 1503 3312 Capellanns
1528 3197 1687 3284 veteris
1711 3195 1944 3295 Ecclesiae,
1968 3188 2031 3308 qni

562 3321 818 3410 morabatur
833 3349 967 3435 penes
981 3319 1329 3408 Marcbionissam
1347 3333 1392 3406 nt
1407 3334 1671 3408 essetcustos
1684 3351 1848 3422 novae,
1865 3333 1907 3404 et
1922 3314 2033 3404 aedes

563 3445 657 3563 ipsa
669 3473 877 3530 conversa
892 3442 1012 3530 estin
1032 3441 1291 3562 lapidariam
1312 3439 1543 3528 officinam.
1566 3441 1736 3532 Exinde
1768 3471 1875 3532 cum
1898 3437 2032 3525 lrnstra

561 3567 798 3657 confratres
847 3565 1142 3654 admovissent
1198 3559 1527 3652 Marelrionissae
1579 3595 1766 3702 preces,
1815 3557 2033 3674 Arcbiepi-

562 3719 741 3806 scopum
778 3689 1097 3799 bononiensem
1131 3687 1366 3776 adiverunt
1398 3685 1472 3804 qui
1506 3703 1550 3772 et
1584 3689 1797 3777 inutiliter
1833 3715 1931 3776 suas
1961 3679 2031 3769 ad-

561 3811 911 3901 ieeitsuasiones
937 3811 1305 3929 Quandoquidem
1325 3811 1456 3897 rnodo
1475 3807 1620 3897 aiebat
1643 3841 1688 3898 se
1707 3811 1762 3899 de
1799 3813 1930 3898 rebus
1960 3800 2031 3892 suis

562 3935 772 4022 arbitrum
808 3962 915 4034 esse,
943 3934 1086 4022 ¹modo
1118 3965 1163 4020 so
1198 3932 1430 4020 Ecclesiam
1463 3930 1536 4047 pio
1581 3935 1779 4022 lnstituto
1828 3931 2030 4024 destinare

564 4056 622 4146 ad
656 4057 959 4172 exequendam
982 4056 1064 4144 viri
1088 4057 1151 4145 sui
1178 4059 1466 4145 voluntatem.
1488 4056 1538 4140 Et
1562 4055 1663 4144 licet
1686 4087 1731 4144 se
1756 4073 1928 4176 paratos
1949 4073 2030 4137 esse

564 4179 880 4300 spoponderint
912 4179 1082 4269 sodales
1116 4178 1293 4296 pacifice
1330 4181 1478 4276 vivere
1511 4209 1608 4265 curn
1647 4183 1845 4298 praelato
1880 4172 2031 4266 lastitn·

566 4321 625 4408 to,
663 4322 794 4420 atque
828 4301 883 4392 ad
918 4305 999 4393 hoc
1032 4303 1341 4393 ecclesiastieae
1375 4299 1643 4391 auctoritatis
1678 4303 2027 4424 approbationem

563 4449 827 4546 reportare,
865 4444 1056 4515 attamen
1107 4425 1409 4514 lllarclxionissa
1458 4453 1571 4542 quae
1614 4427 1854 4547 aliquando
1886 4419 2027 4513 cedere

564 4551 656 4638 visa
689 4565 753 4638 est
788 4551 829 4634 in
864 4581 940 4636 sua
985 4549 1161 4637 tandem
1196 4548 1416 4637 sententia
1449 4550 1703 4666 permansit.
1742 4546 2027 4664 Quamobrem

444 4709 453 4727 ·
495 4775 502 4787 Ι
564 4703 663 4762 cum
698 4671 816 4760 nulla
849 4671 1075 4790 effulgeret
1113 4671 1437 4788 compositionis
1469 4699 1567 4788 spes
1600 4673 1777 4762 Sodales
1810 4673 1855 4760 S.
1892 4671 1943 4756 V.
1975 4659 2021 4745 0·

563 4796 817 4914 suppliciter
850 4795 1080 4883 adiverunt
1114 4798 1241 4883 enixe
1284 4791 1569 4912 efflagitantes
1608 4837 1623 4872 ι
1662 4795 2030 4912 qualor·a....·11¹tl

568 4959 585 4998 ι
626 4916 930 5008 conciliarieue
964 4950 1051 5008 non
1086 4937 1255 5036 potesse
1289 4947 1395 5006 aver
1430 4919 1834 5035 luogosupplieano
1872 4983 1882 5002 .
1925 4977 1934 4997 ·
1971 4969 1980 4989 ·
2016 4963 2024 4982 ·

569 5079 587 5121 ι
628 5075 653 5132 a
686 5041 929 5130 dichiarare
961 5075 1006 5130 se
1038 5043 1122 5130 alla
1156 5043 1375 5131 llurclresa
1410 5039 1547 5128 tocehi
1583 5040 1798 5160 l'obbligo
1847 5039 1892 5128 di
1928 5051 2031 5166 rotn-

568 5204 585 5243 c
625 5165 747 5284 piere
780 5165 927 5282 quella
959 5165 1113 5254 Cbiesa
1145 5195 1170 5254 e
1203 5165 1248 5252 di
1281 5165 1439 5254 cedere
1473 5161 1583 5249 l’uso
1617 5164 1658 5250 ai
1680 5157 2028 5282 suffragantigru·

568 5327 585 5368 r
625 5307 688 5378 sta
723 5284 894 5376 l’antica
917 5288 1210 5378 convencione
1240 5328 1279 5377 ι.

687 5412 898 5501 Oblatum
935 5409 1049 5500 bnnc
1084 5411 1284 5500 libellum
1318 5409 1392 5500 die
1416 5409 1467 5496 ll
1497 5408 1770 5526 Septembris
1795 5407 1910 5499 t877
1933 5395 2026 5487 eno

564 5535 903 5652 Arebicpiscopo
940 5535 1203 5623 bononiensi
1239 5533 1384 5623 remisi
1414 5564 1493 5652 pro
1517 5531 1824 5622 informatione
1858 5546 1898 5618 et
1920 5532 2023 5610 volt,
