4558 6340
709 359 791 447 nu
822 361 885 447 aa
918 359 1090 476 Apum
1123 359 1260 449 raro.
1640 319 1732 454 rar

238 485 342 574 dam
373 499 682 600 repraesentet,
712 485 811 572 lriuc
836 485 1016 600 perlecti
1039 486 1415 603 consummatique
1437 487 1625 606 coniugii
1650 488 1735 577 dis·
1860 505 1862 508 ’

238 609 395 696 solutio
417 609 663 726 rpnarnlibet
685 608 922 694 humanam
951 625 1210 726 potestatem
1231 609 1417 711 excedit3
1444 649 1461 688 ι
1484 613 1595 728 quod
1621 613 1730 700 Deus

240 733 457 818 coniunxit
491 731 610 816 lromo
643 762 726 816 aon
768 747 945 846 separet.
988 773 1006 808 ι
1048 733 1295 850 Utcumque
1330 731 1489 821 idcirco
1522 735 1734 824 catholiea

236 855 436 941 doctrina
471 867 632 952 terreat,
659 853 796 972 quod,
817 854 1088 970 perfectione
1112 853 1353 942 istiusmodi
1379 859 1729 944 consummatio-

237 977 306 1063 nis
339 976 524 1064 carnalis
556 977 803 1078 deliciante,
831 978 886 1066 sit
935 981 1064 1064 Petro
1107 979 1262 1066 collata
1310 994 1498 1092 potestas
1531 1014 1555 1068 a
1589 1011 1731 1068 sacra-

236 1101 378 1186 menti
414 1100 591 1186 vincalo
625 1099 926 1214 dispensandi,
974 1098 1259 1188 nihilomiuus
1306 1119 1390 1186 tarn
1444 1102 1647 1217 religiose
1688 1121 1732 1190 et

237 1239 326 1308 tam
363 1241 487 1310 caute
522 1223 565 1308 in
600 1224 984 1309 consummationis
1017 1221 1191 1310 defecta
1240 1225 1543 1312 constituendo
1586 1225 1729 1313 Eccle-

235 1345 298 1431 sia
334 1345 548 1460 procedit,
593 1363 638 1430 nt
671 1346 714 1430 in
748 1365 960 1463 quantum
996 1346 1287 1433 humanarum
1338 1377 1489 1434 rerum
1536 1347 1729 1436 conditio

235 1467 486 1567 secutulert,
515 1467 685 1554 nonnisi
719 1499 854 1584 quam
890 1469 1018 1584 plena
1052 1470 1230 1556 huiusce
1279 1471 1540 1557 straditionis
1574 1471 1729 1558 sull'ra·

238 1609 368 1706 gante
400 1589 681 1692 certitudine,
703 1590 1040 1710 dispensationis
1073 1594 1255 1708 gratiam
1293 1593 1586 1708 impertiatur.

361 1715 406 1799 3.
435 1715 528 1800 Non
565 1744 725 1798 novum
763 1715 961 1832 proinde,
990 1745 1069 1801 nec
1098 1717 1314 1802 insuetum
1349 1731 1414 1802 est
1430 1714 1473 1800 in
1505 1745 1626 1802 sacro
1650 1714 1729 1804 hoc

235 1835 422 1935 Ordine,
465 1853 513 1921 ut
530 1837 798 1924 matrimonii
819 1839 1245 1925 inconsummatione
1264 1839 1317 1924 ad
1350 1837 1726 1956 dispensationem

235 1958 535 2075 elargiendam
578 1960 617 2043 in
642 1965 981 2048 controversiam
1022 1959 1225 2064 adducta,
1253 1961 1458 2078 singulari
1493 1959 1588 2046 testi
1615 1991 1728 2047 con·-

234 2080 579 2170 summationem
597 2079 832 2170 allirmanti
852 2085 1104 2199 praebuerit.
1119 2082 1249 2170 fidem
1265 2115 1368 2198 prae
1382 2084 1474 2170 aliis
1490 2083 1729 2170 innumeris
1851 2149 1854 2156 ,

235 2204 313 2321 qni
330 2205 799 2292 inconsummationem
820 2206 1108 2322 deponercnt3
1126 2225 1257 2322 atque
1286 2206 1381 2311 lroc,
1406 2207 1534 2294 etiarn
1549 2224 1730 2320 praeter

234 2327 489 2414 relationem
530 2328 810 2415 obstetricum
836 2329 892 2416 de
925 2329 1176 2444 integritate
1199 2329 1394 2416 mulieris
1418 2329 1723 2416 referentium.

233 2450 629 2536 Praeclarissimum
647 2451 958 2566 suppeditatur
981 2455 1234 2570 exemplum
1260 2451 1536 2538 aCorduben.
1550 2453 1724 2566 Dispen-

233 2575 487 2661 sationis22
503 2573 743 2660 ll'oncnrlrris
773 2576 909 2670 troo,
947 2573 988 2659 in
1019 2605 1104 2690 qna
1138 2593 1373 2692 utcumque
1404 2574 1610 2688 coniuges
1643 2604 1730 2660 una

231 2727 330 2783 cum
358 2698 540 2783 testibus
568 2695 705 2782 lerme
729 2697 899 2810 uiginti,
928 2699 1092 2783 nnllam
1119 2698 1409 2784 intercessisse
1446 2698 1729 2783 commixtio-

236 2849 338 2905 nem
365 2821 585 2906 carrralem
623 2819 898 2921 iuravissent,
926 2820 1226 2920 nihilominus,
1255 2823 1501 2908 obtestante
1523 2823 1729 2934 copulam

231 2943 500 3030 cubicularia
525 2973 803 3057 sponsorum,
829 2947 874 3032 S.
890 2944 1181 3060 Congregatio
1203 2943 1573 3061 dispensationem
1596 2972 1728 3056 nega·

231 3068 310 3152 vit.
338 3068 403 3154 lta
437 3066 750 3180 compendiose
782 3067 839 3156 de
872 3066 951 3152 hac
984 3096 1111 3152 causa
1147 3065 1277 3152 tradit
1310 3066 1525 3154 Zamlroni
1552 3064 1594 3148 in
1632 3095 1729 3150 ver-

229 3190 289 3276 bo
324 3189 597 3304 Dispensatio
632 3189 676 3310 S.
706 3187 764 3276 l2
788 3219 832 3274 n.
860 3190 911 3275 2l
951 3231 966 3264 α
998 3189 1056 3274 ibi
1087 3227 1104 3265 ι
1134 3189 1287 3304 loseph
1309 3188 1725 3276 PorezdeGuzman

237 3351 255 3388 r
297 3312 746 3428 querelamnullitatis
762 3311 1128 3399 matrimoniiase
1145 3313 1239 3398 initi
1263 3309 1727 3400 cnmAnnal’onzede

236 3473 254 3513 ι
296 3436 413 3521 Leon
447 3433 630 3522 instituit
663 3465 811 3522 coram
845 3433 1081 3522 Ordinario
1114 3435 1172 3522 ob
1220 3433 1440 3522 delectum
1491 3461 1728 3520 consensus

238 3597 255 3634 e
293 3585 493 3672 sponsae,
520 3587 654 3674 quam
677 3557 930 3644 dementem
955 3555 1085 3644 luisse
1109 3571 1342 3644 asseverat.
1369 3556 1475 3643 lade
1499 3585 1604 3642 vero
1629 3585 1728 3672 pre·

234 3718 253 3758 ι
292 3709 363 3767 ces
397 3713 475 3796 pro
508 3680 750 3768 obtinenda
783 3679 1111 3796 dispensatione
1143 3711 1276 3796 snper
1320 3679 1598 3766 matrimonio
1631 3694 1728 3764 rato

233 3840 251 3878 ι
292 3821 337 3889 et
379 3833 466 3888 non
515 3821 817 3891 consummato
861 3803 1039 3890 obtulit.
1087 3801 1333 3890 obstetrices
1380 3802 1431 3888 dc
1477 3801 1728 3916 uirginitate

238 3963 256 4002 ι
295 3925 445 4012 Annae
477 3927 724 4014 retulerunt.
767 3925 977 4012 TESTES
1018 3925 1063 4016 V
1063 3925 1248 4012 thrttTt
1279 3925 1329 4012 de
1360 3955 1441 4012 non
1474 3953 1729 4010 cousumma-

235 4050 406 4136 «·tione
457 4049 765 4163 deposuerant,
806 4065 933 4164 prout
986 4049 1075 4163 ipse
1130 4048 1277 4164 loseph
1326 4049 1496 4163 pariter
1544 4046 1722 4133 iuravit.

237 4211 253 4250 ι
292 4171 570 4262 Cubicularia
603 4171 823 4290 quaedam
850 4186 1029 4259 testatur
1050 4201 1095 4258 se
1120 4171 1281 4260 vidisse
1303 4171 1510 4286 coniuges
1534 4169 1726 4257 iacentes

236 4336 253 4373 r
293 4297 422 4382 simol
447 4313 651 4385 coeuntes
674 4311 717 4382 et
740 4295 942 4381 abortum
970 4324 1137 4409 passam
1162 4293 1294 4382 luisse
1318 4299 1511 4381 Annam.
1543 4291 1588 4378 S.
1614 4291 1726 4378 Coa-

234 4456 252 4496 «
292 4421 511 4534 preputio,
557 4419 673 4507 ll'ON
704 4417 1006 4506 colt'STAtttt'
1043 4416 1094 4502 de
1132 4417 1401 4505 matrimonio
1439 4431 1534 4500 rato
1571 4431 1609 4500 et
1642 4445 1724 4500 non

234 4579 252 4620 ι
292 4558 585 4640 corrsnmmoto,
613 4543 674 4628 itu
701 4557 841 4628 utnon
865 4558 963 4628 esset
998 4540 1108 4626 locus
1132 4539 1454 4655 dispensationi,
1480 4534 1722 4622 credidit.»

351 4666 398 4752 t.
434 4665 479 4755 Si
514 4665 594 4754 hoc
628 4695 713 4751 non
749 4693 928 4764 novum,
957 4694 1036 4751 nec
1069 4663 1308 4763 insuetum,
1336 4661 1478 4747 minus
1501 4659 1633 4744 etiam
1657 4689 1727 4746 ra·

228 4815 326 4872 rum
362 4805 442 4892 est,
480 4787 601 4909 quod
634 4787 832 4877 idem'S.
869 4786 1008 4892 Ordo,
1045 4787 1414 4904 quandocumque
1463 4779 1597 4868 etiam
1646 4812 1726 4899 per

228 4909 537 5000 breuissimum
575 4911 701 4999 nnius
733 4913 803 4998 vel
839 4911 1168 4998 alteriushorae
1195 4909 1383 5025 spatium
1418 4904 1622 5022 coniuges
1661 4935 1726 4991 so·

229 5033 295 5120 los
326 5052 617 5123 commoratos
648 5033 779 5121 luisse
812 5031 1173 5151 deprehenderit,
1200 5064 1254 5120 ex
1287 5061 1376 5149 qno
1411 5045 1514 5117 tunc
1545 5026 1727 5146 quidem
1836 5087 1838 5094 ·

227 5171 320 5242 tum
357 5157 633 5274 possibilitas,
656 5175 747 5244 tum
784 5155 1081 5272 praesumptio
1099 5149 1485 5243 consummationis
1507 5151 1716 5268 exsurgit,

226 5279 284 5365 ab
318 5281 571 5400 elargieada
604 5279 940 5397 dispensationis
995 5279 1133 5395 gratia
1186 5277 1251 5364 vel
1281 5305 1458 5392 prorsus
1496 5271 1715 5371 abstinuit,

225 5402 291 5488 uel
324 5409 522 5492 certiores
554 5437 602 5492 ae
632 5403 866 5491 ualidiores
893 5401 1162 5518 probationes
1196 5398 1253 5486 od
1288 5398 1721 5485 inconsummationem

227 5527 600 5617 constabiliendum
632 5527 869 5646 requisivit.
894 5523 1119 5614 Abstinuit
1150 5523 1332 5644 quidem
1366 5522 1423 5610 ab
1467 5522 1546 5610 hac
1578 5519 1718 5640 gratia
