4350 6326
507 367 600 458 560
1071 363 1376 454 INDEX

602 521 903 613 Necessarium
950 537 1096 609 autem
1132 551 1220 609 non
1384 521 1895 612 connnnrnnnt'rns

509 664 588 751 est,
628 665 675 734 ut
724 645 873 734 omnia
918 643 1024 732 haec
1056 641 1219 732 indicia

511 785 770 858 concurrant
802 765 912 854 idid.
1380 767 1701 886 Aggrogntione
1750 767 1997 858 Conlrater-

604 891 841 1008 Collegiata
876 889 992 978 enim
1028 919 1115 978 non
1151 889 1225 974 in·
1279 892 1433 980 uitatis
1465 889 1595 979 alicui
1627 889 1758 976 Urbis
1790 890 1989 979 Archiso·

512 1015 728 1104 dicalura
754 1013 946 1116 ”Omlnes
975 1011 1051 1101 sed
1076 1039 1099 1100 a
1124 1009 1227 1098 sub·
1287 1015 1439 1106 dalitio
1472 1014 1859 1101 communicantur
1881 1015 1995 1104 eius·

513 1137 670 1226 stantia
689 1149 732 1222 et
754 1135 910 1224 ellectu
941 1165 1044 1252 pop.
1081 1133 1143 1220 96
1175 1130 1222 1252 3.
1287 1141 1395 1230 dem
1426 1133 1654 1256 privilegia
1683 1165 1790 1251 puy.
1824 1135 1916 1224 483
1949 1138 1994 1258 3.

515 1260 760 1375 Perpernae.
1292 1261 1431 1376 Quod.

1370 1381 1457 1476 Sed
1474 1382 1554 1472 istu
1571 1379 1801 1498 privilegia
1819 1381 2003 1470 restrin-

609 1505 726 1594 Vide
754 1503 1067 1592 Praecodertlt'a·
1287 1525 1452 1628 guntur
1466 1505 1522 1594 ad
1539 1501 1897 1622 indulgentiuset
1912 1535 2006 1624 gra·

1021 1675 1023 1682 ·
1288 1633 1367 1720 tias
1416 1627 1661 1748 spirituales
1713 1625 1795 1713 lori
1842 1627 2005 1715 interni

610 1748 874 1866 insignitatis
923 1747 1229 1870 praerogativa
1289 1753 1400 1842 ibid.

520 1871 785 1990 collegiatae
841 1901 927 1960 non
977 1869 1231 1960 conceditur
1384 1879 1480 1964 Non
1515 1871 1815 1962 extenduntur
1839 1871 2004 1960 adalia

519 1996 604 2086 nisi
626 2023 726 2084 cum
751 1994 994 2113 Praepositi
1017 1993 1232 2112 dignitate
1293 1998 1523 2119 privilegia
1543 1993 1837 2112 aggreganda
1857 2024 2005 2112 neque

514 2149 620 2236 pop.
654 2119 746 2206 223
780 2118 825 2240 3.
862 2117 912 2204 ln
945 2118 1074 2238 sacto.
1292 2136 1529 2242 operantur
1575 2116 1907 2234 exemptionem
1943 2118 2001 2204 ab

1292 2245 1523 2364 Episcopo,
1564 2271 1645 2329 nec
1678 2239 1885 2328 tribuunt
1931 2240 2009 2327 ali-

718 2363 1038 2454 COLLEGlUM
1293 2368 1413 2488 quod
1447 2365 1513 2455 ius
1558 2359 1855 2483 praecedendi
1893 2363 2005 2450 anti-

1141 2569 1143 2574 .
1293 2489 1523 2610 quioribus
1563 2485 2006 2578 Conlraternitatihus

616 2611 701 2697 Per
725 2640 857 2698 unam
881 2623 1235 2726 repraesentatur
1296 2613 1404 2702 ibid.
1442 2631 1480 2702 ct
1509 2643 1557 2728 p.
1593 2611 1687 2698 tet
1720 2608 1765 2730 3.
1798 2607 2005 2723 ldipsuor.

522 2761 751 2853 personam
792 2763 898 2851 pop.
952 2733 1120 2856 1203.
1156 2731 1236 2820 lllc-

522 2889 613 2974 quc.
1389 2859 1503 2947 Vide
1538 2857 1794 2974 Episcopus,
1830 2853 2007 2940 Proecco

719 2979 1049 3072 CONCURSUS
1123 3052 1126 3056 .
1299 2979 1457 3070 dontio.

633 3223 852 3332 istotorum
917 3170 1232 3313 commatum
1407 3221 1891 3318 cousrrrurrouns

525 3345 732 3438 scientiae
766 3363 809 3435 et
842 3346 1152 3466 requisiturum
1175 3349 1235 3436 ab

524 3469 901 3560 examinatoribus
933 3469 1236 3588 prosynodali-
1390 3477 1539 3563 Novae
1562 3471 1717 3562 futuris
1739 3483 1909 3557 tantum
1934 3496 2008 3553 ne-

524 3593 607 3681 bus
630 3592 862 3682 lerendum
878 3608 943 3682 est
962 3594 1007 3681 in
1025 3623 1235 3682 concursu
1297 3597 1424 3717 gotiis
1458 3597 1598 3715 legem
1632 3595 1884 3712 imponunt,
1922 3617 2008 3674 non
2148 3595 2149 3598 ‘

524 3747 605 3834 pro
627 3715 846 3805 beneficio
869 3715 1105 3835 parochiali
1122 3746 1228 3833 pop.
1299 3736 1447 3808 autem
1487 3715 1731 3836 praeteritis
1773 3743 1881 3830 pop.
1916 3710 2005 3799 340

526 3839 618 3926 5l2
686 3841 812 3926 ‚Ao
1336 3843 1462 3930 ‚Eo

619 3835 682 4049 nis
715 3977 860 4080 spreta
882 3961 961 4049 lrac
984 3959 1123 4051 lorma
1148 3995 1237 4052 cor·
1300 3843 1328 3965 S
1392 3964 1731 4056 Constitutiones
1748 3956 2011 4076 capitulares

526 4097 626 4170 ruat
648 4083 739 4201 ipse
763 4113 997 4174 concursus
1016 4115 1118 4203 pop.
1146 4088 1237 4176 543
1301 4089 1400 4178 licet
1428 4117 1515 4177 nou
1549 4086 1833 4176 confirmatae
1855 4078 2013 4169 aSedu

526 4204 573 4328 S·
610 4203 718 4293 lom·
1299 4211 1565 4328 Apostolica,
1586 4210 1676 4298 rim
1694 4208 1801 4328 legis
1825 4201 2005 4306 habent,

619 4331 669 4414 ln
704 4329 903 4449 Episcopi
937 4328 1144 4421 facultate
1176 4351 1239 4424 est
1301 4348 1455 4424 etsunt
1470 4332 1757 4452 exequendae
1774 4331 2014 4444 iueapartc

526 4453 642 4540 inter
664 4451 931 4572 adprobatos
953 4454 998 4542 in
1026 4485 1238 4546 concursu
1300 4489 1386 4578 qua
1435 4455 1518 4546 iuri
1562 4453 1786 4545 communi
1828 4448 2015 4536 minime

527 4601 661 4692 quem
686 4575 824 4695 magis
844 4575 1056 4666 idoneum
1081 4579 1126 4665 in
1148 4583 1238 4668 Do·
1301 4581 1587 4676 adversantur
1616 4609 1719 4696 pop.
1755 4570 2016 4693 436313·-

528 4695 648 4786 mino
672 4697 930 4790 iudicaverit
951 4700 1114 4819 eligere
1131 4731 1235 4827 pop.
1303 4737 1380 4792 sce.

527 4819 620 4907 545
653 4821 698 4944 3
737 4823 827 4911 Ad.

625 4943 832 5035 Defectus
873 4945 917 5032 in
960 4946 1101 5037 forma
1133 4981 1245 5039 con·
1471 4947 1846 5041 CONSUETUDO

531 5097 682 5158 cursus
709 5097 796 5158 non
831 5068 968 5158 semel
1001 5103 1026 5159 a
1058 5072 1104 5160 S.
1130 5074 1245 5163 Con·

531 5193 787 5310 gregatione
809 5207 1016 5284 sanantur
1034 5195 1245 5312 popolo
1401 5193 1681 5287 Consuetudo
1729 5191 1865 5282 stricti
1913 5181 2016 5275 iuris

532 5311 578 5436 S·
619 5313 792 5428 Quibus.
1308 5333 1373 5408 est
1402 5349 1505 5436 pop.
1532 5319 1624 5408 438
1647 5316 1693 5440 3.
1718 5316 1952 5434 Minusque.
