4350 6326
697 343 1127 434 CONCLUSIONUM
1579 349 1660 435 57t

190 533 274 624 que
305 501 513 618 coniuges
562 497 795 587 intendant
838 500 900 586 ul·
961 530 1117 618 parcre
1151 483 1671 617 impedimentum'iusti·

189 631 277 717 lam
306 623 581 712 sanctitatem
597 621 807 734 accedere
828 653 900 710 eo·
963 624 1047 710 tiae
1079 622 1283 740 publicae
1306 625 1543 714 honestatis
1566 657 1669 743 pap.

196 777 297 836 rum
333 745 537 862 coniugio
571 743 680 832 ibid.
965 745 1046 832 161
1073 743 1283 865 §.Sucro

254 868 342 962 Sed
386 883 530 956 actum
568 897 689 955 ruere
726 865 902 954 civilem
1027 869 1156 960 Sacra
1189 884 1335 956 tamen
1380 869 1675 988 Congregatio

195 1021 399 1082 exercere
429 1022 531 1106 pap.
559 990 649 1077 l72
688 988 733 1110 3.
770 989 900 1099 Quin.
965 991 1233 1080 contrarium
1268 989 1423 1094 tenuit,
1451 1009 1495 1080 et
1526 997 1681 1082 consu·

252 1118 305 1202 Et
338 1131 556 1232 quatenus
596 1125 700 1207 ante
747 1111 906 1200 matri·-
965 1113 1147 1202 lendum
1181 1115 1317 1204 SSriso
1351 1116 1536 1218 censuit,
1565 1135 1612 1203 ut
1635 1116 1682 1204 id

192 1237 394 1326 monium
437 1249 558 1322 actus
602 1233 743 1322 civilis
776 1234 907 1323 luerit
966 1235 1192 1324 declarare
1209 1268 1257 1324 ac
1275 1237 1684 1356 statueredignare-

190 1360 405 1475 expletus,
433 1355 776 1476 quamprimum.
803 1388 904 1444 cou-
968 1377 1071 1456 tur,
1114 1359 1393 1477 subindeque
1428 1361 1681 1480 appositum

192 1481 906 1597 trahentespareretenenturlc·
966 1479 1220 1598 evulgatum
1271 1482 1350 1570 luit
1414 1481 1677 1586 decretum,

126 1629 131 1634 ·
192 1605 320 1724 gibus
355 1602 573 1690 Ecclesiae
612 1633 715 1721 pop.
745 1601 899 1724 1693.
966 1605 1089 1722 quod
1123 1603 1312 1692 babetur
1352 1605 1394 1690 iu
1424 1635 1530 1721 paq.
1573 1606 1681 1693 182.

189 1727 387 1814 Rursum.
1032 1725 1355 1814 Matrimonium
1376 1757 1474 1814 cum
1499 1726 1684 1844 impedi·

250 1851 398 1961 Quare
443 1847 520 1964 qui
570 1848 906 1936 matrimonium
970 1867 1122 1936 monto
1158 1849 1383 1936 dirimeuti
1408 1849 1569 1937 initum
1589 1852 1683 1938 nul·

188 1972 315 2060 civile
348 1969 578 2070 contrabit,
605 1972 771 2060 nullum
808 2003 909 2059 cou-
968 1970 1050 2058 lius
1086 1971 1255 2060 roboris
1285 1987 1348 2060 est
1383 2004 1484 2088 pap.
1513 1973 1605 2061 173
1629 1971 1674 2094 3.

192 2093 328 2182 trabit
346 2091 679 2182 matrimonium
693 2126 798 2210 pap.
818 2095 908 2182 176
958 2093 1235 2214 'Exemplum

190 2214 496 2339 §.Tuudcmct
514 2247 597 2332 seq.
1030 2220 1080 2303 Et
1115 2247 1192 2333 per
1240 2217 1418 2334 longum
1471 2219 1680 2336 temporis

256 2343 403 2456 lpsnm
424 2339 704 2428 enimconam
720 2339 907 2430 Ecclesia
967 2339 1159 2454 spatium
1185 2340 1453 2428 convalidari
1480 2372 1565 2428 non
1591 2358 1682 2460 pot·

191 2463 316 2549 nullo
353 2463 394 2548 in
431 2461 573 2579 pretio
607 2462 762 2548 baberi
798 2463 908 2550 solet
968 2477 1031 2548 est
1060 2493 1164 2578 pop.
1187 2464 1277 2549 455
1302 2461 1345 2583 3.
1376 2463 1552 2554 Verum.

191 2583 344 2671 uouclui
367 2583 416 2671 dt'
447 2601 717 2681 sacramento,
743 2617 908 2702 ueppur
1029 2584 1354 2673 Matrimonium
1402 2600 1524 2672 metu
1567 2617 1679 2674 con-

192 2707 241 2794 di
265 2723 470 2794 contrutto
488 2707 691 2822 pagrum
714 2706 902 2827 §.Quid
969 2721 1156 2794 tractum
1176 2707 1344 2796 nullum
1379 2725 1443 2796 est
1473 2711 1677 2824 pa9·327

255 2828 382 2917 Unde
417 2860 560 2948 neque
593 2848 657 2916 est
682 2833 907 2918 matrimo·
968 2825 1013 2949 3.
1034 2829 1133 2917 Sed.

191 2953 315 3040 nium
337 2953 526 3040 insensu
552 2953 766 3040 Ecclesiae
789 2953 907 3042 clan—
1028 2955 1285 3042 Dummodo
1335 2952 1499 3040 malum
1554 2955 1674 3072 quod

193 3075 418 3163 destinam
448 3107 552 3190 pop.
589 3074 668 3162 171
716 3075 761 3198 3.
818 3077 907 3163 lum
966 3074 1285 3164 rationabiliter
1308 3075 1485 3163 timetur
1508 3075 1676 3192 sitgra·

194 3229 311 3283 vero,
969 3225 1019 3281 ve
1055 3196 1200 3300 inse,
1239 3214 1404 3284 metum
1461 3199 1676 3288 incutiens

256 3323 345 3407 llos
408 3319 524 3408 enim
579 3319 780 3408 illicitum
839 3336 904 3409 est
968 3335 1198 3434 potens’et
1237 3321 1390 3409 solitus
1433 3321 1485 3407 sit
1535 3321 1679 3409 minas

191 3441 488 3562 gravibusque
543 3443 694 3559 poeuis
756 3443 903 3531 subie—
969 3443 1255 3563 exequutioni
1290 3444 1590 3548 demandare,
1633 3459 1678 3532 et

191 3563 446 3654 ctumilr'd.
967 3566 1136 3682 patiens
1159 3556 1387 3684 impar'sit
1422 3567 1479 3655 ad
1499 3567 1676 3654 easdem
1723 3637 1726 3644 .

255 3687 367 3776 lllud
392 3687 573 3791 licitum,
602 3707 901 3806 opportunum
967 3687 1218 3778 evadendas
1251 3689 1359 3777 ibid.
1398 3705 1442 3774 ct
1457 3721 1563 3806 pop.
1587 3691 1679 3778 330

191 3827 327 3928 atquc
376 3809 647 3928 expediens,
696 3813 805 3900 adeo
854 3827 904 3900 ut
967 3807 1012 3930 3
1033 3809 1130 3898 Sed.

190 3932 683 4049 nonnulliopinaveriut
701 3935 794 4022 sine
810 3967 904 4052 gra·
1029 3933 1204 4044 Quibus
1238 3933 1516 4024 adstantibus
1533 3929 1680 4024 condi·

192 4057 238 4143 vi
279 4056 406 4172 culpa
464 4057 760 4173 praetermitti
816 4088 901 4146 non
970 4057 1161 4147 tionibus
1195 4057 1526 4147 matrimonium
1558 4075 1679 4146 metu

191 4209 319 4296 posse
349 4210 450 4294 pap.
479 4180 570 4266 169
592 4179 637 4301 3.
664 4179 839 4268 Nedum.
967 4179 1125 4268 initum
1152 4213 1236 4270 uon
1262 4183 1568 4271 convalidatur
1595 4179 1678 4266 nisi

252 4304 407 4418 Neque
471 4303 651 4420 insuper
715 4302 902 4391 formam
967 4335 1114 4392 rursus
1133 4305 1327 4393 adbibita
1346 4299 1565 4391 conciliari
1592 4301 1678 4388 lor-

190 4425 374 4514 exbibet
438 4425 704 4513 matrimonii
768 4427 902 4512 otiam
969 4457 1041 4513 ma
1071 4459 1173 4543 pap.
1197 4426 1353 4548 3183
1386 4427 1493 4536 Quo.

193 4546 899 4668 11111111111768·7111119111·
1028 4549 1186 4638 Limita
1244 4551 1325 4636 nisi
1387 4547 1677 4636 intercesserit

254 4671 341 4760 Sed
368 4671 418 4758 'in
465 4702 510 4759 se
556 4687 795 4787 spectatum
844 4671 903 4758 nil
969 4673 1179 4760 habitatio
1211 4671 1382 4760 diutina
1417 4671 1485 4758 vul
1519 4671 1676 4788 copula

191 4793 313 4884 aliud
347 4811 412 4884 est
454 4823 587 4912 quam
615 4795 770 4912 ‚turpis
803 4826 905 4884 con·
967 4826 1077 4886 cum.
1102 4793 1255 4884 allecto
1280 4795 1488 4898 maritali,
1523 4810 1564 4880 et
1600 4795 1678 4880 im-

192 4917 428 5007 eubinatus
454 4949 559 5034 pap.
602 4916 906 5041 17738111-
968 4917 1271 5036 pedimentum
1307 4917 1437 5006 luerit
1459 4915 1675 5004 occultum

193 5039 315 5128 dunt.
339 5133 343 5140 ,
969 5075 1017 5131 ac
1041 5042 1153 5159 parti
1167 5039 1510 5129 reconvalidanti
1529 5040 1676 5158 cogni-

256 5163 365 5253 lliuc
391 5165 489 5253 licet
524 5196 608 5252 non
644 5167 805 5272 desint,
828 5166 905 5282 qui
972 5185 1063 5254 tum
1084 5194 1189 5282 pap.
1217 5161 1517 5284 3323111111.

194 5302 370 5378 tuentur
400 5288 740 5378 matrimonium
779 5289 907 5378 civile
1032 5285 1356 5379 Matrimonium
1390 5286 1676 5376 'celebratum
