4558 6340
699 389 783 475 Die
814 389 875 476 26
905 387 1081 504 Aprilis
1116 389 1254 478 1879.
1630 395 1717 482 221

226 543 350 600 sereno
381 508 654 624 prepiudizio
678 509 748 598 del
772 512 970 626 Capitolo
996 515 1041 598 iu
1072 544 1294 628 propresso
1329 511 1378 600 di
1400 528 1551 628 tempo,
1574 529 1618 602 et
1652 517 1733 606 do·

228 667 309 724 nec
340 631 591 750 Capitulum
625 634 684 720 ab
715 635 964 750 Apostolioa
997 637 1113 726 Sede
1146 634 1422 724 definitivam
1473 667 1561 725 nort
1612 657 1732 728 retu·-

227 759 326 847 lerit
359 755 651 858 serttentiam,
676 803 704 820 -
726 789 752 842 u
785 791 898 844 meno
933 756 1004 844 clte
1035 790 1165 874 ocupa
1190 791 1272 845 etna
1305 757 1511 847 decisione
1562 779 1730 849 contru-

226 884 299 968 rio
331 877 452 964 dallo
469 877 515 966 S.
540 876 643 964 Sede
663 927 708 964 -.
744 881 867 992 Quae
892 881 1070 996 insuper
1094 881 1325 970 transactio
1359 882 1525 970 nullam
1563 886 1729 1000 pariter

228 1001 525 1093 difficultatem
567 1031 718 1120 parere
771 1019 911 1120 potest
949 1003 1028 1091 hac
1082 1003 1126 1091 in
1165 1006 1474 1107 controversia,
1528 1007 1730 1097 obstante

228 1129 323 1214 iure
357 1125 400 1211 in
425 1125 474 1210 t..
502 1125 531 1209 6
556 1125 616 1209 De
644 1127 841 1238 precario
864 1125 908 1246 S.
935 1127 983 1214 2.
1008 1126 1128 1244 quod
1152 1127 1350 1241 precario
1383 1128 1613 1243 possidens
1637 1163 1726 1219 uon

226 1249 385 1340 dicitur
420 1245 655 1362 possidere.

355 1369 578 1488 Minusque
611 1370 785 1457 obstare
809 1386 925 1459 tenet
947 1373 1208 1460 sententiam
1233 1373 1277 1458 in
1301 1373 1563 1488 possessorio
1587 1373 1723 1462 latam

229 1493 414 1584 aLuico
446 1492 694 1590 Tribuuuli,
731 1491 832 1609 quia
865 1493 1079 1581 sententia
1115 1525 1201 1581 nou
1236 1495 1430 1612 loquitur
1462 1493 1514 1581 dc
1545 1491 1727 1609 cmpedis

230 1617 332 1705 unni
355 1613 514 1711 dialem,
537 1631 579 1702 et
602 1615 705 1731 quia
727 1645 862 1732 quum
888 1617 971 1704 lata
996 1616 1127 1703 luerit
1157 1633 1381 1705 constante
1415 1620 1721 1724 transactione,

228 1755 400 1826 tantum
437 1739 551 1824 valet
582 1755 801 1854 quantum
839 1739 1068 1826 transactio
1102 1738 1209 1855 ipsa,
1246 1771 1360 1857 quae
1392 1741 1632 1856 personalis
1679 1757 1725 1829 et

228 1861 425 1978 precaria
458 1858 554 1946 luit.
608 1863 666 1947 Aa
717 1877 811 1976 post
859 1861 1224 1948 renuntiationem
1270 1862 1511 1978 Praepositi
1563 1862 1721 1966 Diana,

229 2015 328 2072 cum
363 2013 451 2100 quo
486 1999 750 2070 transactum
794 1984 949 2088 luerat,
1000 2014 1068 2071 res
1111 1985 1154 2070 in
1204 1985 1424 2103 integrum
1479 1983 1628 2087 rediit,
1680 2001 1725 2074 et

227 2105 468 2220 Praepositi
502 2135 782 2210 successores,
820 2105 1040 2222 quinales,
1067 2137 1289 2224 uunquam
1327 2107 1517 2223 primum
1545 2108 1720 2195 stallum

229 2229 273 2316 iu
308 2229 452 2316 Cltoro
485 2243 772 2342 occuparunt,
821 2228 904 2315 uisi
951 2228 1110 2317 diebus
1160 2230 1494 2346 Praepositurae
1537 2230 1747 2346 plenae,

229 2351 301 2437 vel
335 2351 617 2464 semiplenae.
1133 2427 1136 2436 .
1502 2403 1505 2410 -

354 2473 482 2558 Nihili
520 2471 696 2560 tandem
732 2471 979 2562 faciendam
1020 2505 1113 2562 esse
1153 2472 1398 2562 invocatam
1432 2504 1486 2561 en
1524 2472 1717 2561 adverso

228 2595 591 2682 consuetudinem
629 2596 749 2682 idem
784 2598 944 2684 Orator
981 2595 1241 2698 contendit,
1278 2597 1382 2711 quia
1421 2596 1614 2712 primum
1649 2598 1714 2683 ab

230 2748 346 2804 unito
367 2717 480 2804 1801
508 2715 563 2803 ad
587 2747 751 2804 annum
772 2719 893 2806 1826
910 2721 1121 2837 possessio
1144 2720 1388 2833 interrupta
1410 2717 1492 2804 luit
1512 2747 1592 2834 per
1614 2747 1717 2832 sup·

229 2839 501 2956 pressionem
537 2841 889 2957 praepositurae,
918 2841 980 2928 uti
1004 2843 1163 2928 iterum
1189 2839 1346 2928 accidit
1368 2841 1426 2927 ab
1461 2870 1579 2926 anno
1601 2840 1723 2928 1829

229 2962 283 3049 ad
321 2991 488 3049 autrum
515 2961 652 3066 1811,
679 2994 767 3080 quo
802 2980 1000 3078 tempore
1028 2965 1330 3078 praepositura
1355 2993 1510 3049 vacans
1539 2991 1709 3049 reman-

227 3084 300 3172 sit.
337 3086 410 3172 Ab
447 3085 713 3207 annofll8'sl
757 3086 809 3173 ed
846 3117 1011 3173 anuum
1047 3088 1168 3175 t855
1203 3085 1394 3202 possedit
1431 3085 1711 3200 Praepositus

228 3208 388 3310 Diana,
424 3206 502 3292 sed
538 3207 750 3322 possessio
783 3209 854 3296 illa
887 3208 969 3296 luit
1001 3209 1309 3297 tantummodo
1342 3207 1554 3326 precaria;
1581 3223 1626 3294 et
1663 3208 1719 3294 ab

231 3359 348 3416 auno
382 3331 504 3417 1855
526 3330 580 3416 ad
608 3361 812 3445 praesens
840 3361 969 3419 tiemo
999 3331 1209 3449 possedit:
1236 3361 1322 3417 nou
1355 3329 1602 3418 Canonicus
1640 3332 1716 3416 l'a·

229 3453 387 3538 rochus
433 3452 752 3568 Guglielmetti,
793 3455 868 3572 qui
911 3475 1070 3572 sponte
1117 3487 1170 3542 ex
1209 3454 1303 3569 lege
1351 3452 1529 3570 speciali
1575 3451 1715 3566 ipsius

228 3573 417 3689 Capituli
452 3575 771 3693 possessiouem
807 3577 1038 3683 recusavit3
1070 3608 1157 3666 uon
1193 3576 1480 3663 Adversarius
1508 3573 1711 3677 Pirinoli,

229 3699 306 3813 qui
331 3697 473 3784 adime
497 3698 828 3815 Praepositurae
852 3703 1166 3816 possessiouem
1202 3731 1288 3785 nou
1323 3696 1505 3812 aceepit.
1533 3699 1706 3783 Etcum

230 3822 502 3908 consuetudo
517 3822 640 3907 unico
662 3837 754 3908 netu
771 3825 1003 3920 contrario,
1024 3821 1090 3908 uel
1106 3820 1301 3942 difformi
1324 3835 1569 3937 rumpatur,
1606 3817 1710 3936 quia

227 3959 290 4028 est
328 3941 436 4060 quid
476 3943 592 4042 lecti,
640 3975 725 4030 non
752 3943 870 4045 iuris,
912 3963 956 4031 ot
992 3945 1154 4032 lactum
1187 3977 1269 4032 non
1302 3941 1606 4058 praesumitur,
1643 3938 1716 4026 sed

230 4063 418 4178 ollepons
442 4082 602 4152 tenetur
617 4068 979 4156 consuetudinem
1001 4067 1201 4183 probare,
1220 4083 1264 4155 ct
1281 4065 1534 4152 nootdioitur
1561 4061 1718 4178 probu-

231 4201 288 4288 to,
315 4187 353 4270 si
375 4205 531 4274 coemtot
555 4189 605 4276 de
626 4192 745 4278 ionico
764 4208 857 4276 ortu
876 4190 1150 4278 cotta-ario...
1167 4189 1354 4308 potenteis
1378 4184 1717 4274 darentur-mille

230 4327 343 4395 octus
372 4341 454 4424 pro
487 4312 777 4399 consuetudine
810 4311 865 4400 ad
891 4313 1044 4401 tradita
1082 4343 1162 4430 per
1205 4311 1485 4427 Begnudelli,
1529 4307 1711 4393 Bibliot.

230 4431 391 4518 Conon.
426 4437 606 4546 praetio.
647 4436 692 4524 V
691 4435 777 4543 erb.
802 4434 1061 4522 Consuetudo
1095 4467 1209 4522 uum.
1250 4435 1311 4522 39
1344 4451 1387 4520 et
1419 4432 1507 4534 10,
1544 4427 1712 4516 idcirco

229 4555 595 4645 consuetudinem
639 4556 680 4642 iu
708 4589 806 4646 casu
842 4559 1035 4645 invocari
1060 4589 1147 4645 uon
1178 4585 1304 4673 posse
1325 4551 1562 4641 concludit.

354 4680 557 4795 Denique
590 4678 647 4766 ad
683 4682 860 4768 tertium
894 4681 1112 4769 Orationis
1145 4710 1250 4767 suae
1272 4693 1404 4793 caput
1445 4672 1714 4764 descendeus

226 4799 414 4916 Capituli
449 4801 658 4891 deleusor
689 4803 914 4892 contendit
949 4807 1182 4892 Decretum
1228 4799 1428 4918 Episcopi
1477 4827 1570 4886 esse
1619 4796 1715 4913 ipsu

225 4921 323 5009 iure
356 4924 541 5012 nullum.
579 4925 627 5012 ld
662 4927 821 5044 probat
842 4959 897 5014 ex
919 4958 987 5028 eo,
1015 4925 1135 5044 quod
1160 4926 1395 5044 Episcopus
1420 4937 1516 5039 post
1538 4933 1710 5036 septem

228 5043 399 5132 dierum
434 5049 621 5163 spatium
658 5049 883 5136 decretum
923 5048 1062 5138 edidit
1107 5051 1277 5168 absque
1325 5045 1530 5135 citatione
1578 5041 1718 5158 partis

228 5167 455 5270 adversae,
492 5201 605 5288 quae
637 5172 800 5276 citatio,
838 5173 958 5260 iuxta
993 5169 1281 5288 Vermigliuli,
1312 5169 1464 5256 lezioni
1486 5165 1535 5254 di
1558 5165 1712 5253 diritto

141 5330 145 5336 ·
228 5293 425 5378 canonico
461 5293 538 5381 tio.
575 5295 605 5383 2
638 5295 807 5382 Deerat.
847 5297 916 5382 tit.
953 5297 983 5384 2
1016 5293 1173 5414 desae.
1200 5311 1393 5406 compet„
1441 5291 1550 5406 Gap.
1602 5287 1714 5398 Quo·

229 5415 345 5500 aium
378 5433 524 5503 contro
556 5417 642 5539 ins.
682 5417 735 5538 ff.
780 5416 974 5532 probol..
1009 5417 1210 5504 Clement.
1260 5414 1517 5511 Pastorolis,
1568 5409 1619 5498 de
1670 5439 1717 5499 rt

232 5535 367 5626 indic.
412 5541 493 5649 tssi
527 5538 576 5628 di
602 5541 813 5646 tteoessitti,
861 5539 1062 5630 evomendo
1098 5539 1174 5629 atat
1208 5535 1362 5624 diritto
1395 5533 1650 5644 amarae...
1693 5563 1715 5619 e
