<?xml version="1.0" encoding="UTF-8"?>
<!DOCTYPE html PUBLIC "-//W3C//DTD XHTML 1.0 Transitional//EN"
    "http://www.w3.org/TR/xhtml1/DTD/xhtml1-transitional.dtd">
<html xmlns="http://www.w3.org/1999/xhtml" xml:lang="en" lang="en">
 <head>
  <title>
</title>
<meta http-equiv="Content-Type" content="text/html;charset=utf-8" />
  <meta name='ocr-system' content='tesseract 3.04.00' />
  <meta name='ocr-capabilities' content='ocr_page ocr_carea ocr_par ocr_line ocrx_word'/>
</head>
<body>
  <div class='ocr_page' id='page_1' title='image "./thesaurusresolu00churgoog_0245.png"; bbox 0 0 4558 6340; ppageno 0'>
   <div class='ocr_carea' id='block_1_1' title="bbox 584 317 1617 438">
    <p class='ocr_par' dir='ltr' id='par_1_1' title="bbox 584 317 1617 438">
     <span class='ocr_line' id='line_1_1' title="bbox 584 317 1617 438; baseline -0.012 -21"><span class='ocrx_word' id='word_1_1' title='bbox 584 327 676 417; x_wconf 88' lang='grc'><strong>231</strong></span> <span class='ocrx_word' id='word_1_2' title='bbox 1051 320 1223 408; x_wconf 72' lang='grc'><strong>111026</strong></span> <span class='ocrx_word' id='word_1_3' title='bbox 1256 317 1430 438; x_wconf 77' lang='lat' dir='ltr'><em>Aprilis</em></span> <span class='ocrx_word' id='word_1_4' title='bbox 1463 317 1617 408; x_wconf 88' lang='grc'><strong>1879.-</strong></span> 
     </span>
    </p>
   </div>
   <div class='ocr_carea' id='block_1_2' title="bbox 574 440 2190 4247">
    <p class='ocr_par' dir='ltr' id='par_1_2' title="bbox 574 440 2081 2406">
     <span class='ocr_line' id='line_1_2' title="bbox 708 440 2079 562; baseline -0.004 -27"><span class='ocrx_word' id='word_1_5' title='bbox 708 447 833 536; x_wconf 88' lang='lat' dir='ltr'><strong>Hisce</strong></span> <span class='ocrx_word' id='word_1_6' title='bbox 866 445 910 531; x_wconf 91' lang='lat' dir='ltr'><strong>iu</strong></span> <span class='ocrx_word' id='word_1_7' title='bbox 946 443 1041 532; x_wconf 89' lang='lat' dir='ltr'><strong>iure</strong></span> <span class='ocrx_word' id='word_1_8' title='bbox 1077 445 1356 560; x_wconf 86' lang='lat' dir='ltr'><strong>praestitutis,</strong></span> <span class='ocrx_word' id='word_1_9' title='bbox 1383 445 1573 562; x_wconf 87' lang='lat' dir='ltr'><strong>seposito</strong></span> <span class='ocrx_word' id='word_1_10' title='bbox 1606 440 1726 560; x_wconf 93' lang='lat' dir='ltr'><strong>quod</strong></span> <span class='ocrx_word' id='word_1_11' title='bbox 1760 457 2079 530; x_wconf 74' lang='grc'><strong>0100000010-</strong></span> 
     </span>
     <span class='ocr_line' id='line_1_3' title="bbox 582 561 2080 683; baseline -0.005 -22"><span class='ocrx_word' id='word_1_12' title='bbox 582 572 686 662; x_wconf 91' lang='lat' dir='ltr'><strong>dine</strong></span> <span class='ocrx_word' id='word_1_13' title='bbox 721 570 764 656; x_wconf 95' lang='lat' dir='ltr'><strong>in</strong></span> <span class='ocrx_word' id='word_1_14' title='bbox 799 567 987 656; x_wconf 80' lang='lat' dir='ltr'><strong>Ecclesia</strong></span> <span class='ocrx_word' id='word_1_15' title='bbox 1021 568 1239 683; x_wconf 83' lang='lat' dir='ltr'><strong>Aliphana</strong></span> <span class='ocrx_word' id='word_1_16' title='bbox 1273 569 1467 683; x_wconf 69' lang='lat' dir='ltr'><strong>vigente,</strong></span> <span class='ocrx_word' id='word_1_17' title='bbox 1511 565 1634 682; x_wconf 87' lang='lat' dir='ltr'><strong>optio</strong></span> <span class='ocrx_word' id='word_1_18' title='bbox 1683 561 1795 650; x_wconf 86' lang='lat' dir='ltr'><strong>inlra</strong></span> <span class='ocrx_word' id='word_1_19' title='bbox 1844 561 2080 654; x_wconf 79' lang='lat' dir='ltr'>octiduum</span> 
     </span>
     <span class='ocr_line' id='line_1_4' title="bbox 581 687 2080 806; baseline -0.005 -23"><span class='ocrx_word' id='word_1_20' title='bbox 581 695 636 784; x_wconf 90' lang='lat' dir='ltr'><strong>sit</strong></span> <span class='ocrx_word' id='word_1_21' title='bbox 670 690 930 793; x_wconf 73' lang='lat' dir='ltr'><strong>exercenda,</strong></span> <span class='ocrx_word' id='word_1_22' title='bbox 958 688 1298 806; x_wconf 87' lang='lat' dir='ltr'><strong>exploratissimi</strong></span> <span class='ocrx_word' id='word_1_23' title='bbox 1333 689 1430 778; x_wconf 82' lang='lat' dir='ltr'><strong>lacti</strong></span> <span class='ocrx_word' id='word_1_24' title='bbox 1464 719 1556 776; x_wconf 89' lang='lat' dir='ltr'><strong>esse</strong></span> <span class='ocrx_word' id='word_1_25' title='bbox 1597 687 1845 804; x_wconf 80' lang='lat' dir='ltr'><strong>propugnat</strong></span> <span class='ocrx_word' id='word_1_26' title='bbox 1890 687 2080 776; x_wconf 86' lang='lat' dir='ltr'><strong>Canoni-</strong></span> 
     </span>
     <span class='ocr_line' id='line_1_5' title="bbox 581 809 2078 926; baseline -0.004 -20"><span class='ocrx_word' id='word_1_27' title='bbox 581 848 656 908; x_wconf 91' lang='lat' dir='ltr'><strong>cus</strong></span> <span class='ocrx_word' id='word_1_28' title='bbox 689 820 875 904; x_wconf 87' lang='lat' dir='ltr'><strong>Paterno</strong></span> <span class='ocrx_word' id='word_1_29' title='bbox 909 811 1211 900; x_wconf 74' lang='lat' dir='ltr'><strong>primicerium</strong></span> <span class='ocrx_word' id='word_1_30' title='bbox 1235 812 1291 900; x_wconf 89' lang='lat' dir='ltr'><strong>ad</strong></span> <span class='ocrx_word' id='word_1_31' title='bbox 1317 827 1545 900; x_wconf 88' lang='lat' dir='ltr'><strong>vacantem</strong></span> <span class='ocrx_word' id='word_1_32' title='bbox 1571 809 1870 926; x_wconf 86' lang='lat' dir='ltr'><strong>praebendam</strong></span> <span class='ocrx_word' id='word_1_33' title='bbox 1897 825 2078 926; x_wconf 89' lang='lat' dir='ltr'><strong>optasse</strong></span> 
     </span>
     <span class='ocr_line' id='line_1_6' title="bbox 580 929 2081 1058; baseline -0.004 -31"><span class='ocrx_word' id='word_1_34' title='bbox 580 957 768 1058; x_wconf 90' lang='lat' dir='ltr'><strong>quatuor</strong></span> <span class='ocrx_word' id='word_1_35' title='bbox 801 936 973 1025; x_wconf 88' lang='lat' dir='ltr'><strong>circiter</strong></span> <span class='ocrx_word' id='word_1_36' title='bbox 1007 953 1104 1053; x_wconf 87' lang='lat' dir='ltr'><strong>post</strong></span> <span class='ocrx_word' id='word_1_37' title='bbox 1137 963 1309 1024; x_wconf 87' lang='lat' dir='ltr'><strong>menses</strong></span> <span class='ocrx_word' id='word_1_38' title='bbox 1341 935 1616 1022; x_wconf 81' lang='lat' dir='ltr'><strong>avocatione</strong></span> <span class='ocrx_word' id='word_1_39' title='bbox 1639 948 1822 1052; x_wconf 89' lang='lat' dir='ltr'><strong>sequuta</strong></span> <span class='ocrx_word' id='word_1_40' title='bbox 1846 962 1930 1047; x_wconf 91' lang='lat' dir='ltr'><strong>per</strong></span> <span class='ocrx_word' id='word_1_41' title='bbox 1965 929 2081 1021; x_wconf 89' lang='lat' dir='ltr'><strong>mor·</strong></span> 
     </span>
     <span class='ocr_line' id='line_1_7' title="bbox 581 1055 2078 1174; baseline -0.005 -24"><span class='ocrx_word' id='word_1_42' title='bbox 581 1081 667 1152; x_wconf 88' lang='lat' dir='ltr'><strong>tem</strong></span> <span class='ocrx_word' id='word_1_43' title='bbox 703 1059 910 1151; x_wconf 87' lang='lat' dir='ltr'><strong>Canonici</strong></span> <span class='ocrx_word' id='word_1_44' title='bbox 947 1057 1157 1160; x_wconf 85' lang='lat' dir='ltr'><strong>Vessella,</strong></span> <span class='ocrx_word' id='word_1_45' title='bbox 1186 1088 1298 1174; x_wconf 90' lang='lat' dir='ltr'><strong>quae</strong></span> <span class='ocrx_word' id='word_1_46' title='bbox 1331 1058 1478 1145; x_wconf 89' lang='lat' dir='ltr'><strong>evenit</strong></span> <span class='ocrx_word' id='word_1_47' title='bbox 1515 1057 1557 1143; x_wconf 93' lang='lat' dir='ltr'><strong>in</strong></span> <span class='ocrx_word' id='word_1_48' title='bbox 1594 1087 1726 1174; x_wconf 89' lang='lat' dir='ltr'><strong>parva</strong></span> <span class='ocrx_word' id='word_1_49' title='bbox 1761 1055 1940 1142; x_wconf 84' lang='lat' dir='ltr'><strong>civitate</strong></span> <span class='ocrx_word' id='word_1_50' title='bbox 1989 1057 2078 1143; x_wconf 81' lang='lat' dir='ltr'><strong>Ali-</strong></span> 
     </span>
     <span class='ocr_line' id='line_1_8' title="bbox 581 1176 2080 1305; baseline -0.006 -32"><span class='ocrx_word' id='word_1_51' title='bbox 581 1186 745 1305; x_wconf 82' lang='lat' dir='ltr'><strong>phaoa,</strong></span> <span class='ocrx_word' id='word_1_52' title='bbox 773 1184 816 1268; x_wconf 90' lang='lat' dir='ltr'><strong>in</strong></span> <span class='ocrx_word' id='word_1_53' title='bbox 851 1213 937 1300; x_wconf 89' lang='lat' dir='ltr'><strong>qua</strong></span> <span class='ocrx_word' id='word_1_54' title='bbox 973 1197 1073 1268; x_wconf 89' lang='lat' dir='ltr'><strong>tunc</strong></span> <span class='ocrx_word' id='word_1_55' title='bbox 1108 1199 1148 1266; x_wconf 86' lang='grc'><strong>01</strong></span> <span class='ocrx_word' id='word_1_56' title='bbox 1184 1179 1277 1295; x_wconf 84' lang='lat' dir='ltr'><strong>ipse</strong></span> <span class='ocrx_word' id='word_1_57' title='bbox 1301 1180 1557 1266; x_wconf 84' lang='lat' dir='ltr'><strong>morabatur·</strong></span> <span class='ocrx_word' id='word_1_58' title='bbox 1579 1198 1622 1268; x_wconf 91' lang='lat' dir='ltr'><strong>et</strong></span> <span class='ocrx_word' id='word_1_59' title='bbox 1644 1177 1779 1294; x_wconf 78' lang='lat' dir='ltr'><strong>degit.</strong></span> <span class='ocrx_word' id='word_1_60' title='bbox 1809 1176 1972 1293; x_wconf 81' lang='lat' dir='ltr'><strong>Elapso</strong></span> <span class='ocrx_word' id='word_1_61' title='bbox 2005 1179 2080 1296; x_wconf 77' lang='lat' dir='ltr'><strong>igi·</strong></span> 
     </span>
     <span class='ocr_line' id='line_1_9' title="bbox 584 1300 2077 1422; baseline -0.006 -24"><span class='ocrx_word' id='word_1_62' title='bbox 584 1327 654 1398; x_wconf 88' lang='lat' dir='ltr'><strong>tur</strong></span> <span class='ocrx_word' id='word_1_63' title='bbox 689 1307 878 1394; x_wconf 91' lang='lat' dir='ltr'><strong>termino</strong></span> <span class='ocrx_word' id='word_1_64' title='bbox 902 1335 926 1391; x_wconf 87' lang='lat' dir='ltr'><strong>a</strong></span> <span class='ocrx_word' id='word_1_65' title='bbox 950 1303 1046 1392; x_wconf 89' lang='lat' dir='ltr'><strong>iure</strong></span> <span class='ocrx_word' id='word_1_66' title='bbox 1069 1301 1303 1422; x_wconf 84' lang='lat' dir='ltr'><strong>praefinito</strong></span> <span class='ocrx_word' id='word_1_67' title='bbox 1327 1302 1381 1389; x_wconf 93' lang='lat' dir='ltr'><strong>ad</strong></span> <span class='ocrx_word' id='word_1_68' title='bbox 1406 1303 1627 1421; x_wconf 90' lang='lat' dir='ltr'><strong>optionem</strong></span> <span class='ocrx_word' id='word_1_69' title='bbox 1653 1300 1967 1402; x_wconf 84' lang='lat' dir='ltr'><strong>exercendam,</strong></span> <span class='ocrx_word' id='word_1_70' title='bbox 2013 1318 2077 1389; x_wconf 87' lang='lat' dir='ltr'><strong>at-</strong></span> 
     </span>
     <span class='ocr_line' id='line_1_10' title="bbox 581 1421 2075 1554; baseline -0.004 -36"><span class='ocrx_word' id='word_1_71' title='bbox 581 1461 667 1554; x_wconf 88' lang='lat' dir='ltr'><strong>quc</strong></span> <span class='ocrx_word' id='word_1_72' title='bbox 700 1428 896 1547; x_wconf 88' lang='lat' dir='ltr'><strong>quaesito</strong></span> <span class='ocrx_word' id='word_1_73' title='bbox 932 1428 1025 1513; x_wconf 91' lang='lat' dir='ltr'><strong>iure</strong></span> <span class='ocrx_word' id='word_1_74' title='bbox 1059 1425 1264 1516; x_wconf 82' lang='lat' dir='ltr'><strong>Canonici</strong></span> <span class='ocrx_word' id='word_1_75' title='bbox 1302 1429 1486 1515; x_wconf 83' lang='lat' dir='ltr'><strong>Paterno</strong></span> <span class='ocrx_word' id='word_1_76' title='bbox 1520 1425 1576 1512; x_wconf 86' lang='lat' dir='ltr'><strong>ad</strong></span> <span class='ocrx_word' id='word_1_77' title='bbox 1610 1423 1814 1514; x_wconf 88' lang='lat' dir='ltr'><strong>eamdem</strong></span> <span class='ocrx_word' id='word_1_78' title='bbox 1863 1421 2075 1512; x_wconf 91' lang='lat' dir='ltr'><strong>obtinen-</strong></span> 
     </span>
     <span class='ocr_line' id='line_1_11' title="bbox 578 1546 2076 1656; baseline -0.004 -13"><span class='ocrx_word' id='word_1_79' title='bbox 578 1555 700 1656; x_wconf 90' lang='lat' dir='ltr'><strong>dam,</strong></span> <span class='ocrx_word' id='word_1_80' title='bbox 727 1551 844 1642; x_wconf 90' lang='lat' dir='ltr'><strong>haud</strong></span> <span class='ocrx_word' id='word_1_81' title='bbox 878 1579 1078 1638; x_wconf 82' lang='lat' dir='ltr'><strong>recursus</strong></span> <span class='ocrx_word' id='word_1_82' title='bbox 1112 1548 1206 1635; x_wconf 83' lang='lat' dir='ltr'><strong>fieri</strong></span> <span class='ocrx_word' id='word_1_83' title='bbox 1243 1547 1403 1636; x_wconf 85' lang='lat' dir='ltr'><strong>debeat</strong></span> <span class='ocrx_word' id='word_1_84' title='bbox 1436 1547 1491 1636; x_wconf 91' lang='lat' dir='ltr'><strong>ad</strong></span> <span class='ocrx_word' id='word_1_85' title='bbox 1528 1549 1847 1636; x_wconf 88' lang='lat' dir='ltr'><strong>restitutionem</strong></span> <span class='ocrx_word' id='word_1_86' title='bbox 1883 1547 1931 1631; x_wconf 93' lang='lat' dir='ltr'><strong>in</strong></span> <span class='ocrx_word' id='word_1_87' title='bbox 1963 1546 2076 1637; x_wconf 91' lang='lat' dir='ltr'><strong>inte·</strong></span> 
     </span>
     <span class='ocr_line' id='line_1_12' title="bbox 578 1669 2077 1796; baseline -0.001 -34"><span class='ocrx_word' id='word_1_88' title='bbox 578 1704 723 1796; x_wconf 77' lang='lat' dir='ltr'><strong>grum,</strong></span> <span class='ocrx_word' id='word_1_89' title='bbox 751 1705 883 1792; x_wconf 88' lang='lat' dir='ltr'><strong>quam</strong></span> <span class='ocrx_word' id='word_1_90' title='bbox 920 1673 1120 1760; x_wconf 87' lang='lat' dir='ltr'><strong>invocant</strong></span> <span class='ocrx_word' id='word_1_91' title='bbox 1152 1670 1442 1786; x_wconf 77' lang='lat' dir='ltr'><strong>CapitulareS,</strong></span> <span class='ocrx_word' id='word_1_92' title='bbox 1480 1671 1589 1760; x_wconf 90' lang='lat' dir='ltr'><strong>dum</strong></span> <span class='ocrx_word' id='word_1_93' title='bbox 1627 1672 1718 1788; x_wconf 88' lang='lat' dir='ltr'><strong>ipsa</strong></span> <span class='ocrx_word' id='word_1_94' title='bbox 1751 1669 1844 1756; x_wconf 89' lang='lat' dir='ltr'><strong>sine</strong></span> <span class='ocrx_word' id='word_1_95' title='bbox 1877 1669 2077 1761; x_wconf 89' lang='lat' dir='ltr'><strong>laesione</strong></span> 
     </span>
     <span class='ocr_line' id='line_1_13' title="bbox 580 1791 2079 1913; baseline -0.005 -25"><span class='ocrx_word' id='word_1_96' title='bbox 580 1817 622 1888; x_wconf 86' lang='lat' dir='ltr'><strong>et</strong></span> <span class='ocrx_word' id='word_1_97' title='bbox 656 1797 885 1901; x_wconf 89' lang='lat' dir='ltr'><strong>iniustitia,</strong></span> <span class='ocrx_word' id='word_1_98' title='bbox 912 1827 1025 1913; x_wconf 91' lang='lat' dir='ltr'><strong>quae</strong></span> <span class='ocrx_word' id='word_1_99' title='bbox 1061 1796 1102 1881; x_wconf 89' lang='lat' dir='ltr'><strong>in</strong></span> <span class='ocrx_word' id='word_1_100' title='bbox 1138 1825 1236 1880; x_wconf 88' lang='lat' dir='ltr'><strong>casu</strong></span> <span class='ocrx_word' id='word_1_101' title='bbox 1272 1793 1469 1897; x_wconf 86' lang='lat' dir='ltr'><strong>exulant,</strong></span> <span class='ocrx_word' id='word_1_102' title='bbox 1497 1825 1582 1882; x_wconf 94' lang='lat' dir='ltr'><strong>non</strong></span> <span class='ocrx_word' id='word_1_103' title='bbox 1608 1793 1737 1882; x_wconf 89' lang='lat' dir='ltr'><strong>datur</strong></span> <span class='ocrx_word' id='word_1_104' title='bbox 1761 1791 1878 1880; x_wconf 81' lang='lat' dir='ltr'><strong>iuxta</strong></span> <span class='ocrx_word' id='word_1_105' title='bbox 1910 1793 2079 1880; x_wconf 88' lang='lat' dir='ltr'><strong>doctri-</strong></span> 
     </span>
     <span class='ocr_line' id='line_1_14' title="bbox 582 1915 2072 2015; baseline -0.003 -6"><span class='ocrx_word' id='word_1_106' title='bbox 582 1951 682 2010; x_wconf 89' lang='lat' dir='ltr'><strong>nam</strong></span> <span class='ocrx_word' id='word_1_107' title='bbox 719 1923 854 2007; x_wconf 84' lang='lat' dir='ltr'><strong>Rotae</strong></span> <span class='ocrx_word' id='word_1_108' title='bbox 889 1919 930 2004; x_wconf 95' lang='lat' dir='ltr'><strong>in</strong></span> <span class='ocrx_word' id='word_1_109' title='bbox 966 1917 1298 2014; x_wconf 68' lang='grc'><strong>0100109112..</strong></span> <span class='ocrx_word' id='word_1_110' title='bbox 1319 1915 1445 2003; x_wconf 85' lang='lat' dir='ltr'><strong>decis.</strong></span> <span class='ocrx_word' id='word_1_111' title='bbox 1469 1917 1684 2015; x_wconf 64' lang='grc'><strong>1101..</strong></span> <span class='ocrx_word' id='word_1_112' title='bbox 1707 1915 1929 2003; x_wconf 81' lang='lat' dir='ltr'><strong>decis5l.</strong></span> <span class='ocrx_word' id='word_1_113' title='bbox 1958 1949 2005 2002; x_wconf 85' lang='lat' dir='ltr'><strong>n.</strong></span> <span class='ocrx_word' id='word_1_114' title='bbox 2029 1917 2072 2006; x_wconf 94' lang='grc'><strong>1.</strong></span> 
     </span>
     <span class='ocr_line' id='line_1_15' title="bbox 579 2038 2075 2156; baseline -0.003 -24"><span class='ocrx_word' id='word_1_115' title='bbox 579 2060 617 2132; x_wconf 88' lang='grc'><strong>01</strong></span> <span class='ocrx_word' id='word_1_116' title='bbox 648 2043 772 2130; x_wconf 82' lang='lat' dir='ltr'><strong>decis.</strong></span> <span class='ocrx_word' id='word_1_117' title='bbox 799 2041 938 2128; x_wconf 85' lang='grc'><strong>6511.</strong></span> <span class='ocrx_word' id='word_1_118' title='bbox 965 2039 1402 2128; x_wconf 79' lang='grc'><strong>0.2.000.011’0011’0.·</strong></span> <span class='ocrx_word' id='word_1_119' title='bbox 1429 2039 1681 2154; x_wconf 86' lang='lat' dir='ltr'><strong>praesertim</strong></span> <span class='ocrx_word' id='word_1_120' title='bbox 1706 2039 1740 2126; x_wconf 90' lang='lat' dir='ltr'><strong>si</strong></span> <span class='ocrx_word' id='word_1_121' title='bbox 1764 2038 2075 2156; x_wconf 81' lang='lat' dir='ltr'><strong>derogandum</strong></span> 
     </span>
     <span class='ocr_line' id='line_1_16' title="bbox 574 2163 2075 2279; baseline -0.003 -25"><span class='ocrx_word' id='word_1_122' title='bbox 574 2169 627 2255; x_wconf 89' lang='lat' dir='ltr'><strong>sit</strong></span> <span class='ocrx_word' id='word_1_123' title='bbox 662 2165 744 2253; x_wconf 94' lang='lat' dir='ltr'><strong>iuri</strong></span> <span class='ocrx_word' id='word_1_124' title='bbox 782 2163 999 2266; x_wconf 88' lang='lat' dir='ltr'><strong>tertii,cui</strong></span> <span class='ocrx_word' id='word_1_125' title='bbox 1037 2195 1115 2250; x_wconf 88' lang='grc'><strong>000</strong></span> <span class='ocrx_word' id='word_1_126' title='bbox 1148 2193 1347 2250; x_wconf 90' lang='lat' dir='ltr'><strong>summus</strong></span> <span class='ocrx_word' id='word_1_127' title='bbox 1383 2163 1587 2279; x_wconf 80' lang='lat' dir='ltr'><strong>Princeps</strong></span> <span class='ocrx_word' id='word_1_128' title='bbox 1621 2163 1834 2279; x_wconf 78' lang='lat' dir='ltr'><strong>derogare</strong></span> <span class='ocrx_word' id='word_1_129' title='bbox 1867 2163 1984 2248; x_wconf 88' lang='lat' dir='ltr'><strong>solet</strong></span> <span class='ocrx_word' id='word_1_130' title='bbox 2019 2195 2075 2250; x_wconf 80' lang='lat' dir='ltr'><strong>ex</strong></span> 
     </span>
     <span class='ocr_line' id='line_1_17' title="bbox 583 2283 2071 2406; baseline -0.001 -30"><span class='ocrx_word' id='word_1_131' title='bbox 583 2291 691 2406; x_wconf 86' lang='lat' dir='ltr'><strong>Cup.</strong></span> <span class='ocrx_word' id='word_1_132' title='bbox 713 2286 931 2372; x_wconf 84' lang='lat' dir='ltr'><strong>Pastoroli</strong></span> <span class='ocrx_word' id='word_1_133' title='bbox 969 2287 1045 2373; x_wconf 93' lang='grc'><strong>19.</strong></span> <span class='ocrx_word' id='word_1_134' title='bbox 1073 2283 1124 2372; x_wconf 81' lang='lat' dir='ltr'><strong>de</strong></span> <span class='ocrx_word' id='word_1_135' title='bbox 1153 2286 1309 2400; x_wconf 76' lang='lat' dir='ltr'><strong>privil.</strong></span> <span class='ocrx_word' id='word_1_136' title='bbox 1336 2303 1374 2372; x_wconf 89' lang='grc'><strong>01</strong></span> <span class='ocrx_word' id='word_1_137' title='bbox 1401 2285 1508 2374; x_wconf 87' lang='lat' dir='ltr'><strong>Con.</strong></span> <span class='ocrx_word' id='word_1_138' title='bbox 1536 2287 1651 2374; x_wconf 80' lang='lat' dir='ltr'><strong>Nunc</strong></span> <span class='ocrx_word' id='word_1_139' title='bbox 1673 2317 1770 2373; x_wconf 85' lang='lat' dir='ltr'><strong>nero</strong></span> <span class='ocrx_word' id='word_1_140' title='bbox 1788 2285 2003 2400; x_wconf 85' lang='lat' dir='ltr'><strong>9.quaest.</strong></span> <span class='ocrx_word' id='word_1_141' title='bbox 2025 2287 2071 2374; x_wconf 87' lang='lat'><strong>3.</strong></span> 
     </span>
    </p>

    <p class='ocr_par' dir='ltr' id='par_1_3' title="bbox 578 2399 2190 4247">
     <span class='ocr_line' id='line_1_18' title="bbox 706 2399 2077 2526; baseline -0.003 -26"><span class='ocrx_word' id='word_1_142' title='bbox 706 2413 793 2500; x_wconf 89' lang='lat' dir='ltr'><strong>Nec</strong></span> <span class='ocrx_word' id='word_1_143' title='bbox 826 2399 1050 2525; x_wconf 77' lang='lat' dir='ltr'><strong>optionem</strong></span> <span class='ocrx_word' id='word_1_144' title='bbox 1085 2427 1337 2524; x_wconf 73' lang='lat' dir='ltr'><strong>competere</strong></span> <span class='ocrx_word' id='word_1_145' title='bbox 1371 2439 1496 2526; x_wconf 91' lang='lat' dir='ltr'><strong>posse</strong></span> <span class='ocrx_word' id='word_1_146' title='bbox 1521 2409 1664 2526; x_wconf 81' lang='lat' dir='ltr'><strong>pergit</strong></span> <span class='ocrx_word' id='word_1_147' title='bbox 1687 2407 1905 2499; x_wconf 87' lang='lat' dir='ltr'><strong>Canonico</strong></span> <span class='ocrx_word' id='word_1_148' title='bbox 1929 2411 2077 2496; x_wconf 85' lang='lat' dir='ltr'><strong>Theo-</strong></span> 
     </span>
     <span class='ocr_line' id='line_1_19' title="bbox 578 2529 2071 2652; baseline -0.003 -30"><span class='ocrx_word' id='word_1_149' title='bbox 578 2536 680 2652; x_wconf 79' lang='lat' dir='ltr'><strong>logo</strong></span> <span class='ocrx_word' id='word_1_150' title='bbox 714 2535 784 2621; x_wconf 91' lang='lat' dir='ltr'><strong>vel</strong></span> <span class='ocrx_word' id='word_1_151' title='bbox 818 2531 1177 2620; x_wconf 74' lang='lat' dir='ltr'><strong>poenitentiario.</strong></span> <span class='ocrx_word' id='word_1_152' title='bbox 1206 2533 1353 2642; x_wconf 70' lang='lat' dir='ltr'><strong>Quium</strong></span> <span class='ocrx_word' id='word_1_153' title='bbox 1388 2533 1506 2618; x_wconf 86' lang='lat' dir='ltr'><strong>enirn</strong></span> <span class='ocrx_word' id='word_1_154' title='bbox 1544 2531 1794 2648; x_wconf 88' lang='lat' dir='ltr'><strong>respectivis</strong></span> <span class='ocrx_word' id='word_1_155' title='bbox 1827 2561 1982 2618; x_wconf 88' lang='lat' dir='ltr'><strong>eorum</strong></span> <span class='ocrx_word' id='word_1_156' title='bbox 2008 2529 2071 2618; x_wconf 88' lang='grc'><strong>01-</strong></span> 
     </span>
     <span class='ocr_line' id='line_1_20' title="bbox 580 2653 2070 2771; baseline -0.003 -27"><span class='ocrx_word' id='word_1_157' title='bbox 580 2655 691 2745; x_wconf 89' lang='lat' dir='ltr'><strong>liciis</strong></span> <span class='ocrx_word' id='word_1_158' title='bbox 725 2670 938 2771; x_wconf 90' lang='lat' dir='ltr'><strong>perpetuo</strong></span> <span class='ocrx_word' id='word_1_159' title='bbox 973 2673 1015 2741; x_wconf 90' lang='lat' dir='ltr'><strong>ct</strong></span> <span class='ocrx_word' id='word_1_160' title='bbox 1048 2653 1401 2769; x_wconf 76' lang='lat' dir='ltr'><strong>inseparabiliter</strong></span> <span class='ocrx_word' id='word_1_161' title='bbox 1436 2655 1604 2742; x_wconf 83' lang='lat' dir='ltr'><strong>adnexa</strong></span> <span class='ocrx_word' id='word_1_162' title='bbox 1637 2654 1691 2742; x_wconf 87' lang='lat' dir='ltr'><strong>sit.</strong></span> <span class='ocrx_word' id='word_1_163' title='bbox 1726 2653 2002 2770; x_wconf 82' lang='lat' dir='ltr'><strong>praebenda,</strong></span> <span class='ocrx_word' id='word_1_164' title='bbox 2027 2669 2070 2742; x_wconf 88' lang='lat' dir='ltr'><strong>et</strong></span> 
     </span>
     <span class='ocr_line' id='line_1_21' title="bbox 581 2776 2072 2896; baseline -0.003 -29"><span class='ocrx_word' id='word_1_165' title='bbox 581 2780 640 2867; x_wconf 95' lang='lat' dir='ltr'><strong>ob</strong></span> <span class='ocrx_word' id='word_1_166' title='bbox 687 2779 925 2896; x_wconf 80' lang='lat' dir='ltr'><strong>peculiares</strong></span> <span class='ocrx_word' id='word_1_167' title='bbox 972 2777 1201 2896; x_wconf 86' lang='lat' dir='ltr'><strong>qualitates</strong></span> <span class='ocrx_word' id='word_1_168' title='bbox 1251 2777 1306 2866; x_wconf 88' lang='lat' dir='ltr'><strong>ad</strong></span> <span class='ocrx_word' id='word_1_169' title='bbox 1352 2806 1453 2864; x_wconf 79' lang='lat' dir='ltr'><strong>&#39;cana</strong></span> <span class='ocrx_word' id='word_1_170' title='bbox 1499 2777 1783 2866; x_wconf 89' lang='lat' dir='ltr'><strong>obtinendam</strong></span> <span class='ocrx_word' id='word_1_171' title='bbox 1837 2776 2072 2894; x_wconf 84' lang='lat' dir='ltr'><strong>requisitas</strong></span> 
     </span>
     <span class='ocr_line' id='line_1_22' title="bbox 582 2897 2071 3018; baseline -0.004 -26"><span class='ocrx_word' id='word_1_172' title='bbox 582 2902 718 2992; x_wconf 87' lang='lat' dir='ltr'><strong>electa</strong></span> <span class='ocrx_word' id='word_1_173' title='bbox 752 2901 955 2989; x_wconf 85' lang='lat' dir='ltr'><strong>videatur</strong></span> <span class='ocrx_word' id='word_1_174' title='bbox 990 2897 1203 2986; x_wconf 87' lang='lat' dir='ltr'><strong>industria</strong></span> <span class='ocrx_word' id='word_1_175' title='bbox 1238 2932 1466 3018; x_wconf 80' lang='lat' dir='ltr'><strong>personae,</strong></span> <span class='ocrx_word' id='word_1_176' title='bbox 1493 2932 1607 3018; x_wconf 88' lang='lat' dir='ltr'><strong>quae</strong></span> <span class='ocrx_word' id='word_1_177' title='bbox 1648 2899 1938 2988; x_wconf 68' lang='lat' dir='ltr'><strong>variationem</strong></span> <span class='ocrx_word' id='word_1_178' title='bbox 1983 2927 2071 2986; x_wconf 93' lang='lat' dir='ltr'><strong>non</strong></span> 
     </span>
     <span class='ocr_line' id='line_1_23' title="bbox 578 3022 2190 3140; baseline 0.002 -27"><span class='ocrx_word' id='word_1_179' title='bbox 578 3025 788 3128; x_wconf 86' lang='lat' dir='ltr'><strong>admittit,</strong></span> <span class='ocrx_word' id='word_1_180' title='bbox 817 3023 978 3112; x_wconf 89' lang='lat' dir='ltr'><strong>idcirco</strong></span> <span class='ocrx_word' id='word_1_181' title='bbox 1003 3037 1096 3110; x_wconf 90' lang='lat' dir='ltr'><strong>tum</strong></span> <span class='ocrx_word' id='word_1_182' title='bbox 1118 3023 1382 3140; x_wconf 81' lang='lat' dir='ltr'><strong>Theologus‚</strong></span> <span class='ocrx_word' id='word_1_183' title='bbox 1413 3043 1504 3111; x_wconf 88' lang='lat' dir='ltr'><strong>tum</strong></span> <span class='ocrx_word' id='word_1_184' title='bbox 1531 3022 1897 3111; x_wconf 77' lang='lat' dir='ltr'><strong>poenitentiarius</strong></span> <span class='ocrx_word' id='word_1_185' title='bbox 1927 3051 2070 3140; x_wconf 87' lang='lat' dir='ltr'><strong>neque</strong></span> <span class='ocrx_word' id='word_1_186' title='bbox 2187 3108 2190 3116; x_wconf 90' lang='lat'><strong>.</strong></span> 
     </span>
     <span class='ocr_line' id='line_1_24' title="bbox 578 3145 2068 3264; baseline -0.001 -30"><span class='ocrx_word' id='word_1_187' title='bbox 578 3165 749 3236; x_wconf 83' lang='lat' dir='ltr'><strong>retento</strong></span> <span class='ocrx_word' id='word_1_188' title='bbox 784 3177 926 3264; x_wconf 90' lang='lat' dir='ltr'><strong>neque</strong></span> <span class='ocrx_word' id='word_1_189' title='bbox 960 3145 1141 3233; x_wconf 89' lang='lat' dir='ltr'><strong>dimisso</strong></span> <span class='ocrx_word' id='word_1_190' title='bbox 1165 3175 1349 3233; x_wconf 88' lang='lat' dir='ltr'><strong>munere</strong></span> <span class='ocrx_word' id='word_1_191' title='bbox 1374 3149 1543 3264; x_wconf 87' lang='lat' dir='ltr'><strong>absque</strong></span> <span class='ocrx_word' id='word_1_192' title='bbox 1566 3145 1742 3263; x_wconf 89' lang='lat' dir='ltr'><strong>speciali</strong></span> <span class='ocrx_word' id='word_1_193' title='bbox 1769 3145 1939 3233; x_wconf 89' lang='lat' dir='ltr'><strong>indulto</strong></span> <span class='ocrx_word' id='word_1_194' title='bbox 1965 3147 2068 3233; x_wconf 87' lang='lat' dir='ltr'><strong>alias</strong></span> 
     </span>
     <span class='ocr_line' id='line_1_25' title="bbox 579 3267 2068 3388; baseline -0.003 -28"><span class='ocrx_word' id='word_1_195' title='bbox 579 3287 738 3388; x_wconf 86' lang='lat' dir='ltr'><strong>optare</strong></span> <span class='ocrx_word' id='word_1_196' title='bbox 766 3270 878 3356; x_wconf 89' lang='lat' dir='ltr'><strong>valet</strong></span> <span class='ocrx_word' id='word_1_197' title='bbox 913 3268 1201 3384; x_wconf 86' lang='lat' dir='ltr'><strong>praebendas:</strong></span> <span class='ocrx_word' id='word_1_198' title='bbox 1238 3267 1340 3356; x_wconf 85' lang='lat' dir='ltr'><strong>licet</strong></span> <span class='ocrx_word' id='word_1_199' title='bbox 1376 3269 1525 3388; x_wconf 91' lang='lat' dir='ltr'><strong>quoad</strong></span> <span class='ocrx_word' id='word_1_200' title='bbox 1565 3286 1760 3358; x_wconf 84' lang='lat' dir='ltr'><strong>caeteros</strong></span> <span class='ocrx_word' id='word_1_201' title='bbox 1788 3269 2068 3384; x_wconf 86' lang='lat' dir='ltr'><strong>Capitulares</strong></span> 
     </span>
     <span class='ocr_line' id='line_1_26' title="bbox 581 3391 2065 3512; baseline 0 -32"><span class='ocrx_word' id='word_1_202' title='bbox 581 3393 786 3512; x_wconf 82' lang='lat' dir='ltr'><strong>peculiari</strong></span> <span class='ocrx_word' id='word_1_203' title='bbox 821 3407 981 3480; x_wconf 86' lang='lat' dir='ltr'><strong>statuto</strong></span> <span class='ocrx_word' id='word_1_204' title='bbox 1017 3391 1085 3478; x_wconf 82' lang='lat' dir='ltr'><strong>vel</strong></span> <span class='ocrx_word' id='word_1_205' title='bbox 1122 3391 1347 3508; x_wconf 82' lang='lat' dir='ltr'><strong>privilegio</strong></span> <span class='ocrx_word' id='word_1_206' title='bbox 1381 3395 1488 3482; x_wconf 87' lang='lat' dir='ltr'><strong>haec</strong></span> <span class='ocrx_word' id='word_1_207' title='bbox 1512 3394 1611 3481; x_wconf 85' lang='lat' dir='ltr'><strong>data</strong></span> <span class='ocrx_word' id='word_1_208' title='bbox 1646 3392 1699 3478; x_wconf 91' lang='lat' dir='ltr'><strong>sit</strong></span> <span class='ocrx_word' id='word_1_209' title='bbox 1723 3391 1866 3480; x_wconf 91' lang='lat' dir='ltr'><strong>venia.</strong></span> <span class='ocrx_word' id='word_1_210' title='bbox 1888 3395 1952 3480; x_wconf 83' lang='lat' dir='ltr'><strong>lta</strong></span> <span class='ocrx_word' id='word_1_211' title='bbox 1979 3421 2065 3480; x_wconf 91' lang='lat' dir='ltr'><strong>uuo</strong></span> 
     </span>
     <span class='ocr_line' id='line_1_27' title="bbox 579 3513 2068 3628; baseline -0.003 -23"><span class='ocrx_word' id='word_1_212' title='bbox 579 3547 653 3605; x_wconf 86' lang='lat' dir='ltr'><strong>ore</strong></span> <span class='ocrx_word' id='word_1_213' title='bbox 690 3515 869 3604; x_wconf 84' lang='lat' dir='ltr'><strong>tradunt</strong></span> <span class='ocrx_word' id='word_1_214' title='bbox 901 3515 1179 3602; x_wconf 67' lang='lat' dir='ltr'><strong>Passerinus</strong></span> <span class='ocrx_word' id='word_1_215' title='bbox 1212 3545 1306 3628; x_wconf 88' lang='lat' dir='ltr'><strong>cap.</strong></span> <span class='ocrx_word' id='word_1_216' title='bbox 1325 3514 1428 3600; x_wconf 84' lang='lat' dir='ltr'><strong>Cum</strong></span> <span class='ocrx_word' id='word_1_217' title='bbox 1461 3519 1504 3601; x_wconf 83' lang='lat' dir='ltr'><strong>in</strong></span> <span class='ocrx_word' id='word_1_218' title='bbox 1540 3513 1683 3604; x_wconf 77' lang='lat' dir='ltr'><strong>luade</strong></span> <span class='ocrx_word' id='word_1_219' title='bbox 1706 3531 1905 3614; x_wconf 81' lang='lat' dir='ltr'><strong>consuet..</strong></span> <span class='ocrx_word' id='word_1_220' title='bbox 1930 3515 2068 3601; x_wconf 85' lang='lat' dir='ltr'><strong>Monet</strong></span> 
     </span>
     <span class='ocr_line' id='line_1_28' title="bbox 584 3638 2060 3754; baseline -0.001 -30"><span class='ocrx_word' id='word_1_221' title='bbox 584 3639 751 3727; x_wconf 69' lang='grc'><strong>100011.</strong></span> <span class='ocrx_word' id='word_1_222' title='bbox 777 3670 871 3754; x_wconf 85' lang='lat' dir='ltr'><strong>cap.</strong></span> <span class='ocrx_word' id='word_1_223' title='bbox 894 3639 938 3724; x_wconf 87' lang='lat'><strong>3.</strong></span> <span class='ocrx_word' id='word_1_224' title='bbox 961 3653 1116 3754; x_wconf 81' lang='lat' dir='ltr'><strong>quaest.</strong></span> <span class='ocrx_word' id='word_1_225' title='bbox 1152 3638 1217 3734; x_wconf 84' lang='lat'><strong>5..</strong></span> <span class='ocrx_word' id='word_1_226' title='bbox 1250 3639 1513 3726; x_wconf 81' lang='lat' dir='ltr'><strong>Constantia.</strong></span> <span class='ocrx_word' id='word_1_227' title='bbox 1545 3655 1631 3726; x_wconf 89' lang='grc'><strong>001.</strong></span> <span class='ocrx_word' id='word_1_228' title='bbox 1658 3639 1766 3726; x_wconf 86' lang='grc'><strong>530.</strong></span> <span class='ocrx_word' id='word_1_229' title='bbox 1797 3671 1840 3724; x_wconf 84' lang='lat' dir='ltr'><strong>a.</strong></span> <span class='ocrx_word' id='word_1_230' title='bbox 1866 3639 1910 3725; x_wconf 88' lang='grc'><strong>1.</strong></span> <span class='ocrx_word' id='word_1_231' title='bbox 1948 3670 2060 3754; x_wconf 83' lang='lat' dir='ltr'><strong>seqq.</strong></span> 
     </span>
     <span class='ocr_line' id='line_1_29' title="bbox 580 3760 2062 3876; baseline 0 -28"><span class='ocrx_word' id='word_1_232' title='bbox 580 3763 756 3850; x_wconf 84' lang='lat' dir='ltr'><strong>Barbos.</strong></span> <span class='ocrx_word' id='word_1_233' title='bbox 778 3762 854 3849; x_wconf 90' lang='grc'><strong>100.</strong></span> <span class='ocrx_word' id='word_1_234' title='bbox 876 3762 951 3847; x_wconf 85' lang='lat' dir='ltr'><strong>cit.</strong></span> <span class='ocrx_word' id='word_1_235' title='bbox 971 3792 1063 3872; x_wconf 85' lang='lat' dir='ltr'><strong>cop.</strong></span> <span class='ocrx_word' id='word_1_236' title='bbox 1080 3761 1158 3846; x_wconf 91' lang='grc'><strong>26.</strong></span> <span class='ocrx_word' id='word_1_237' title='bbox 1174 3793 1217 3848; x_wconf 88' lang='lat' dir='ltr'><strong>n.</strong></span> <span class='ocrx_word' id='word_1_238' title='bbox 1234 3763 1310 3848; x_wconf 86' lang='grc'><strong>23.</strong></span> <span class='ocrx_word' id='word_1_239' title='bbox 1329 3795 1433 3876; x_wconf 77' lang='lat' dir='ltr'><strong>seq..</strong></span> <span class='ocrx_word' id='word_1_240' title='bbox 1453 3765 1498 3854; x_wconf 91' lang='lat' dir='ltr'><strong>S.</strong></span> <span class='ocrx_word' id='word_1_241' title='bbox 1525 3767 1574 3853; x_wconf 88' lang='lat' dir='ltr'><strong>C.</strong></span> <span class='ocrx_word' id='word_1_242' title='bbox 1603 3762 1647 3849; x_wconf 93' lang='lat' dir='ltr'><strong>in</strong></span> <span class='ocrx_word' id='word_1_243' title='bbox 1683 3761 1730 3852; x_wconf 90' lang='lat' dir='ltr'><em>V</em></span> <span class='ocrx_word' id='word_1_244' title='bbox 1728 3760 1971 3848; x_wconf 85' lang='lat' dir='ltr'><strong>olnterrana</strong></span> <span class='ocrx_word' id='word_1_245' title='bbox 2004 3760 2062 3848; x_wconf 87' lang='grc'><strong>18</strong></span> 
     </span>
     <span class='ocr_line' id='line_1_30' title="bbox 583 3881 2065 4002; baseline -0.001 -32"><span class='ocrx_word' id='word_1_246' title='bbox 583 3887 691 3970; x_wconf 88' lang='lat' dir='ltr'><strong>Maii</strong></span> <span class='ocrx_word' id='word_1_247' title='bbox 712 3884 830 3971; x_wconf 88' lang='lat' dir='ltr'><strong>t598</strong></span> <span class='ocrx_word' id='word_1_248' title='bbox 868 3881 941 3970; x_wconf 85' lang='lat' dir='ltr'><strong>lib.</strong></span> <span class='ocrx_word' id='word_1_249' title='bbox 962 3884 1008 3970; x_wconf 87' lang='lat'><strong>9.</strong></span> <span class='ocrx_word' id='word_1_250' title='bbox 1034 3881 1186 3970; x_wconf 82' lang='lat' dir='ltr'><strong>decret.</strong></span> <span class='ocrx_word' id='word_1_251' title='bbox 1221 3915 1323 3998; x_wconf 84' lang='lat' dir='ltr'><strong>paq.</strong></span> <span class='ocrx_word' id='word_1_252' title='bbox 1358 3887 1433 3972; x_wconf 86' lang='lat'><strong>60.</strong></span> <span class='ocrx_word' id='word_1_253' title='bbox 1467 3885 1716 4002; x_wconf 88' lang='lat' dir='ltr'><strong>iterumque</strong></span> <span class='ocrx_word' id='word_1_254' title='bbox 1751 3884 1792 3970; x_wconf 95' lang='lat' dir='ltr'><strong>in</strong></span> <span class='ocrx_word' id='word_1_255' title='bbox 1829 3887 1974 3972; x_wconf 86' lang='lat' dir='ltr'><strong>Astcn.</strong></span> <span class='ocrx_word' id='word_1_256' title='bbox 2007 3883 2065 3972; x_wconf 89' lang='grc'><strong>26</strong></span> 
     </span>
     <span class='ocr_line' id='line_1_31' title="bbox 580 4000 2061 4126; baseline -0.001 -34"><span class='ocrx_word' id='word_1_257' title='bbox 580 4006 703 4092; x_wconf 85' lang='lat' dir='ltr'><strong>Febr.</strong></span> <span class='ocrx_word' id='word_1_258' title='bbox 730 4007 851 4094; x_wconf 89' lang='grc'><strong>1606</strong></span> <span class='ocrx_word' id='word_1_259' title='bbox 884 4006 1003 4120; x_wconf 76' lang='lat' dir='ltr'><strong>apud</strong></span> <span class='ocrx_word' id='word_1_260' title='bbox 1030 4000 1160 4114; x_wconf 75' lang='lat' dir='ltr'><strong>Gora.</strong></span> <span class='ocrx_word' id='word_1_261' title='bbox 1191 4008 1250 4094; x_wconf 88' lang='lat' dir='ltr'><strong>Dc</strong></span> <span class='ocrx_word' id='word_1_262' title='bbox 1274 4007 1417 4126; x_wconf 79' lang='lat' dir='ltr'><strong>Renes.</strong></span> <span class='ocrx_word' id='word_1_263' title='bbox 1439 4025 1557 4122; x_wconf 86' lang='lat' dir='ltr'><strong>port.</strong></span> <span class='ocrx_word' id='word_1_264' title='bbox 1578 4011 1624 4096; x_wconf 89' lang='lat'><strong>5.</strong></span> <span class='ocrx_word' id='word_1_265' title='bbox 1650 4039 1744 4122; x_wconf 86' lang='lat' dir='ltr'><strong>cap.</strong></span> <span class='ocrx_word' id='word_1_266' title='bbox 1771 4007 1882 4094; x_wconf 84' lang='grc'><strong>1.0.</strong></span> <span class='ocrx_word' id='word_1_267' title='bbox 1907 4009 2061 4094; x_wconf 85' lang='grc'><strong>13101</strong></span> 
     </span>
     <span class='ocr_line' id='line_1_32' title="bbox 586 4129 2061 4247; baseline -0.001 -32"><span class='ocrx_word' id='word_1_268' title='bbox 586 4129 629 4216; x_wconf 82' lang='grc'><strong>10</strong></span> <span class='ocrx_word' id='word_1_269' title='bbox 662 4129 1220 4217; x_wconf 71' lang='grc'><strong>8011001000.21)00.1651</strong></span> <span class='ocrx_word' id='word_1_270' title='bbox 1275 4131 1392 4247; x_wconf 84' lang='lat' dir='ltr'><strong>apud</strong></span> <span class='ocrx_word' id='word_1_271' title='bbox 1418 4131 1635 4218; x_wconf 74' lang='lat' dir='ltr'><strong>Constant.</strong></span> <span class='ocrx_word' id='word_1_272' title='bbox 1674 4131 1776 4219; x_wconf 86' lang='lat' dir='ltr'><strong>Vot.</strong></span> <span class='ocrx_word' id='word_1_273' title='bbox 1807 4130 1916 4217; x_wconf 86' lang='lat'><strong>530.</strong></span> <span class='ocrx_word' id='word_1_274' title='bbox 1948 4163 1990 4217; x_wconf 85' lang='lat' dir='ltr'><strong>n.</strong></span> <span class='ocrx_word' id='word_1_275' title='bbox 2017 4129 2061 4215; x_wconf 91' lang='grc'><strong>1.</strong></span> 
     </span>
    </p>
   </div>
   <div class='ocr_carea' id='block_1_3' title="bbox 581 4251 2063 4987">
    <p class='ocr_par' dir='ltr' id='par_1_4' title="bbox 581 4251 2061 4588">
     <span class='ocr_line' id='line_1_33' title="bbox 581 4251 2061 4372; baseline -0.001 -34"><span class='ocrx_word' id='word_1_276' title='bbox 581 4252 801 4371; x_wconf 84' lang='lat' dir='ltr'><strong>Quodque</strong></span> <span class='ocrx_word' id='word_1_277' title='bbox 835 4251 1116 4342; x_wconf 82' lang='lat' dir='ltr'><strong>retinendum</strong></span> <span class='ocrx_word' id='word_1_278' title='bbox 1153 4253 1285 4339; x_wconf 87' lang='lat' dir='ltr'><strong>etiam</strong></span> <span class='ocrx_word' id='word_1_279' title='bbox 1324 4255 1366 4340; x_wconf 93' lang='lat' dir='ltr'><strong>in</strong></span> <span class='ocrx_word' id='word_1_280' title='bbox 1400 4285 1515 4356; x_wconf 85' lang='lat' dir='ltr'><strong>casu,</strong></span> <span class='ocrx_word' id='word_1_281' title='bbox 1540 4286 1629 4372; x_wconf 93' lang='lat' dir='ltr'><strong>quo</strong></span> <span class='ocrx_word' id='word_1_282' title='bbox 1663 4283 1815 4341; x_wconf 90' lang='lat' dir='ltr'><strong>omnes</strong></span> <span class='ocrx_word' id='word_1_283' title='bbox 1848 4254 2061 4369; x_wconf 85' lang='lat' dir='ltr'><strong>praeben·</strong></span> 
     </span>
     <span class='ocr_line' id='line_1_34' title="bbox 583 4373 2060 4466; baseline -0.005 -1"><span class='ocrx_word' id='word_1_284' title='bbox 583 4375 668 4465; x_wconf 91' lang='lat' dir='ltr'><strong>dae</strong></span> <span class='ocrx_word' id='word_1_285' title='bbox 700 4393 843 4464; x_wconf 89' lang='lat' dir='ltr'><strong>essent</strong></span> <span class='ocrx_word' id='word_1_286' title='bbox 876 4377 933 4466; x_wconf 86' lang='lat' dir='ltr'><strong>de</strong></span> <span class='ocrx_word' id='word_1_287' title='bbox 969 4405 1107 4462; x_wconf 87' lang='lat' dir='ltr'><strong>massa</strong></span> <span class='ocrx_word' id='word_1_288' title='bbox 1141 4377 1365 4463; x_wconf 91' lang='lat' dir='ltr'><strong>communi</strong></span> <span class='ocrx_word' id='word_1_289' title='bbox 1402 4376 1527 4466; x_wconf 89' lang='lat' dir='ltr'><strong>docet</strong></span> <span class='ocrx_word' id='word_1_290' title='bbox 1562 4379 1747 4466; x_wconf 82' lang='lat' dir='ltr'><strong>llanorr.</strong></span> <span class='ocrx_word' id='word_1_291' title='bbox 1774 4377 1820 4464; x_wconf 89' lang='lat' dir='ltr'><strong>ia</strong></span> <span class='ocrx_word' id='word_1_292' title='bbox 1847 4409 1956 4464; x_wconf 85' lang='lat' dir='ltr'><strong>cons.</strong></span> <span class='ocrx_word' id='word_1_293' title='bbox 1985 4373 2060 4462; x_wconf 92' lang='grc'><strong>11.</strong></span> 
     </span>
     <span class='ocr_line' id='line_1_35' title="bbox 582 4497 1249 4588; baseline 0 -2"><span class='ocrx_word' id='word_1_294' title='bbox 582 4497 784 4588; x_wconf 84' lang='lat' dir='ltr'><strong>derebus</strong></span> <span class='ocrx_word' id='word_1_295' title='bbox 821 4499 977 4586; x_wconf 79' lang='lat' dir='ltr'><strong>Ecclcs.</strong></span> <span class='ocrx_word' id='word_1_296' title='bbox 1004 4529 1081 4582; x_wconf 87' lang='lat' dir='ltr'><strong>non</strong></span> <span class='ocrx_word' id='word_1_297' title='bbox 1120 4498 1249 4586; x_wconf 83' lang='lat' dir='ltr'><strong>alicu.</strong></span> 
     </span>
    </p>

    <p class='ocr_par' dir='ltr' id='par_1_5' title="bbox 584 4621 2063 4987">
     <span class='ocr_line' id='line_1_36' title="bbox 703 4621 2063 4740; baseline 0 -32"><span class='ocrx_word' id='word_1_298' title='bbox 703 4623 1013 4709; x_wconf 76' lang='lat' dir='ltr'><strong>praetermissa</strong></span> <span class='ocrx_word' id='word_1_299' title='bbox 1030 4621 1106 4716; x_wconf 87' lang='lat' dir='ltr'><strong>sed</strong></span> <span class='ocrx_word' id='word_1_300' title='bbox 1126 4651 1228 4709; x_wconf 90' lang='lat' dir='ltr'><strong>vero</strong></span> <span class='ocrx_word' id='word_1_301' title='bbox 1252 4623 1330 4710; x_wconf 88' lang='lat' dir='ltr'><strong>hac</strong></span> <span class='ocrx_word' id='word_1_302' title='bbox 1355 4622 1397 4707; x_wconf 92' lang='lat' dir='ltr'><strong>iu</strong></span> <span class='ocrx_word' id='word_1_303' title='bbox 1419 4653 1467 4710; x_wconf 92' lang='lat' dir='ltr'><strong>re</strong></span> <span class='ocrx_word' id='word_1_304' title='bbox 1490 4621 1700 4740; x_wconf 89' lang='lat' dir='ltr'><strong>opinione</strong></span> <span class='ocrx_word' id='word_1_305' title='bbox 1723 4622 1920 4725; x_wconf 74' lang='lat' dir='ltr'><strong>Nasoni,</strong></span> <span class='ocrx_word' id='word_1_306' title='bbox 1937 4622 1981 4710; x_wconf 93' lang='lat' dir='ltr'><strong>in</strong></span> <span class='ocrx_word' id='word_1_307' title='bbox 2004 4621 2063 4709; x_wconf 88' lang='lat' dir='ltr'><strong>la-</strong></span> 
     </span>
     <span class='ocr_line' id='line_1_37' title="bbox 584 4743 2058 4864; baseline -0.001 -30"><span class='ocrx_word' id='word_1_308' title='bbox 584 4759 652 4834; x_wconf 89' lang='grc'><strong>010</strong></span> <span class='ocrx_word' id='word_1_309' title='bbox 686 4777 778 4833; x_wconf 88' lang='lat' dir='ltr'><strong>esse</strong></span> <span class='ocrx_word' id='word_1_310' title='bbox 810 4747 994 4833; x_wconf 83' lang='lat' dir='ltr'><strong>sustinet</strong></span> <span class='ocrx_word' id='word_1_311' title='bbox 1027 4745 1231 4848; x_wconf 88' lang='lat' dir='ltr'><strong>Paterno,</strong></span> <span class='ocrx_word' id='word_1_312' title='bbox 1259 4745 1379 4863; x_wconf 90' lang='lat' dir='ltr'><strong>quod</strong></span> <span class='ocrx_word' id='word_1_313' title='bbox 1412 4747 1617 4835; x_wconf 87' lang='lat' dir='ltr'><strong>Canonici</strong></span> <span class='ocrx_word' id='word_1_314' title='bbox 1642 4762 1842 4834; x_wconf 89' lang='lat' dir='ltr'><strong>asserunt</strong></span> <span class='ocrx_word' id='word_1_315' title='bbox 1864 4743 2058 4864; x_wconf 89' lang='lat' dir='ltr'><strong>quidem,</strong></span> 
     </span>
     <span class='ocr_line' id='line_1_38' title="bbox 587 4867 2063 4987; baseline -0.003 -31"><span class='ocrx_word' id='word_1_316' title='bbox 587 4867 664 4956; x_wconf 91' lang='lat' dir='ltr'><strong>sed</strong></span> <span class='ocrx_word' id='word_1_317' title='bbox 699 4867 881 4956; x_wconf 88' lang='lat' dir='ltr'><strong>minime</strong></span> <span class='ocrx_word' id='word_1_318' title='bbox 930 4867 1121 4986; x_wconf 88' lang='lat' dir='ltr'><strong>probant</strong></span> <span class='ocrx_word' id='word_1_319' title='bbox 1167 4901 1212 4956; x_wconf 85' lang='lat' dir='ltr'><strong>as</strong></span> <span class='ocrx_word' id='word_1_320' title='bbox 1256 4869 1495 4984; x_wconf 88' lang='lat' dir='ltr'><strong>capitulare</strong></span> <span class='ocrx_word' id='word_1_321' title='bbox 1538 4869 1742 4987; x_wconf 85' lang='lat' dir='ltr'><strong>Aliphani</strong></span> <span class='ocrx_word' id='word_1_322' title='bbox 1783 4869 1973 4985; x_wconf 86' lang='lat' dir='ltr'><strong>Capituli</strong></span> <span class='ocrx_word' id='word_1_323' title='bbox 2012 4896 2063 4956; x_wconf 81' lang='lat' dir='ltr'><strong>ex</strong></span> 
     </span>
    </p>
   </div>
   <div class='ocr_carea' id='block_1_4' title="bbox 585 4991 2207 5093">
    <p class='ocr_par' dir='ltr' id='par_1_6' title="bbox 585 4991 2207 5093">
     <span class='ocr_line' id='line_1_39' title="bbox 585 4991 2207 5093; baseline -0.002 -15"><span class='ocrx_word' id='word_1_324' title='bbox 585 4991 807 5078; x_wconf 92' lang='lat' dir='ltr'><strong>communi</strong></span> <span class='ocrx_word' id='word_1_325' title='bbox 843 5022 983 5080; x_wconf 87' lang='lat' dir='ltr'><strong>massa</strong></span> <span class='ocrx_word' id='word_1_326' title='bbox 1018 4991 1237 5093; x_wconf 86' lang='lat' dir='ltr'><strong>constitui,</strong></span> <span class='ocrx_word' id='word_1_327' title='bbox 1265 4991 1372 5080; x_wconf 85' lang='lat' dir='ltr'><strong>dum</strong></span> <span class='ocrx_word' id='word_1_328' title='bbox 1407 5022 1432 5080; x_wconf 91' lang='lat' dir='ltr'><strong>e</strong></span> <span class='ocrx_word' id='word_1_329' title='bbox 1465 5009 1616 5079; x_wconf 86' lang='lat' dir='ltr'><strong>contra</strong></span> <span class='ocrx_word' id='word_1_330' title='bbox 1650 5009 1936 5080; x_wconf 86' lang='lat' dir='ltr'><strong>monumenta</strong></span> <span class='ocrx_word' id='word_1_331' title='bbox 1980 5017 2061 5078; x_wconf 95' lang='grc'><strong>000</strong></span> <span class='ocrx_word' id='word_1_332' title='bbox 2205 5003 2207 5008; x_wconf 69' lang='lat'><strong><em>‘</em></strong></span> 
     </span>
    </p>
   </div>
   <div class='ocr_carea' id='block_1_5' title="bbox 576 5111 2061 5604">
    <p class='ocr_par' dir='ltr' id='par_1_7' title="bbox 576 5111 2061 5604">
     <span class='ocr_line' id='line_1_40' title="bbox 586 5111 2061 5232; baseline -0.004 -30"><span class='ocrx_word' id='word_1_333' title='bbox 586 5113 764 5216; x_wconf 78' lang='lat' dir='ltr'><strong>desunt,</strong></span> <span class='ocrx_word' id='word_1_334' title='bbox 785 5146 898 5232; x_wconf 86' lang='lat' dir='ltr'><strong>quae</strong></span> <span class='ocrx_word' id='word_1_335' title='bbox 932 5115 1049 5202; x_wconf 84' lang='lat' dir='ltr'><strong>aliud</strong></span> <span class='ocrx_word' id='word_1_336' title='bbox 1086 5115 1380 5203; x_wconf 83' lang='lat' dir='ltr'><strong>marrilestant.</strong></span> <span class='ocrx_word' id='word_1_337' title='bbox 1401 5118 1515 5223; x_wconf 83' lang='lat' dir='ltr'><strong>Sane</strong></span> <span class='ocrx_word' id='word_1_338' title='bbox 1549 5115 1592 5202; x_wconf 91' lang='lat' dir='ltr'><strong>iu</strong></span> <span class='ocrx_word' id='word_1_339' title='bbox 1627 5116 1902 5204; x_wconf 87' lang='lat' dir='ltr'><strong>conclusione</strong></span> <span class='ocrx_word' id='word_1_340' title='bbox 1935 5111 2061 5232; x_wconf 89' lang='lat' dir='ltr'><strong>Capi-</strong></span> 
     </span>
     <span class='ocr_line' id='line_1_41' title="bbox 581 5237 2057 5354; baseline -0.002 -31"><span class='ocrx_word' id='word_1_341' title='bbox 581 5237 1332 5328; x_wconf 75' lang='grc'><strong>101001610130110000160101703</strong></span> <span class='ocrx_word' id='word_1_342' title='bbox 1369 5237 1527 5354; x_wconf 80' lang='lat' dir='ltr'><strong>legitur</strong></span> <span class='ocrx_word' id='word_1_343' title='bbox 1558 5286 1585 5303; x_wconf 96' lang='lat'>-</span> <span class='ocrx_word' id='word_1_344' title='bbox 1619 5240 1720 5325; x_wconf 88' lang='lat' dir='ltr'><strong>Xlll</strong></span> <span class='ocrx_word' id='word_1_345' title='bbox 1754 5238 1801 5326; x_wconf 87' lang='lat' dir='ltr'><strong>Si</strong></span> <span class='ocrx_word' id='word_1_346' title='bbox 1828 5241 1848 5324; x_wconf 78' lang='grc' dir='ltr'><em>ὲ</em></span> <span class='ocrx_word' id='word_1_347' title='bbox 1874 5237 2057 5324; x_wconf 83' lang='lat' dir='ltr'><strong>concluso</strong></span> 
     </span>
     <span class='ocr_line' id='line_1_42' title="bbox 582 5359 2059 5477; baseline 0.001 -35"><span class='ocrx_word' id='word_1_348' title='bbox 582 5389 752 5466; x_wconf 83' lang='lat' dir='ltr'><strong>ancora,</strong></span> <span class='ocrx_word' id='word_1_349' title='bbox 773 5359 843 5449; x_wconf 78' lang='lat' dir='ltr'><strong>che</strong></span> <span class='ocrx_word' id='word_1_350' title='bbox 876 5363 975 5477; x_wconf 88' lang='lat' dir='ltr'><strong>oqui</strong></span> <span class='ocrx_word' id='word_1_351' title='bbox 1005 5393 1230 5477; x_wconf 82' lang='lat' dir='ltr'><strong>compaqno</strong></span> <span class='ocrx_word' id='word_1_352' title='bbox 1257 5393 1334 5477; x_wconf 82' lang='lat' dir='ltr'><strong>per</strong></span> <span class='ocrx_word' id='word_1_353' title='bbox 1372 5377 1474 5448; x_wconf 86' lang='lat' dir='ltr'><strong>tutto</strong></span> <span class='ocrx_word' id='word_1_354' title='bbox 1508 5360 1726 5450; x_wconf 82' lang='lat' dir='ltr'><strong>l’entrantc</strong></span> <span class='ocrx_word' id='word_1_355' title='bbox 1754 5393 1854 5450; x_wconf 78' lang='lat' dir='ltr'><strong>anese</strong></span> <span class='ocrx_word' id='word_1_356' title='bbox 1887 5359 1935 5446; x_wconf 86' lang='lat' dir='ltr'><strong>di</strong></span> <span class='ocrx_word' id='word_1_357' title='bbox 1951 5389 2059 5473; x_wconf 85' lang='lat' dir='ltr'><strong>moq-</strong></span> 
     </span>
     <span class='ocr_line' id='line_1_43' title="bbox 576 5481 2059 5604; baseline -0.001 -36"><span class='ocrx_word' id='word_1_358' title='bbox 576 5481 649 5597; x_wconf 86' lang='lat' dir='ltr'><strong>qio</strong></span> <span class='ocrx_word' id='word_1_359' title='bbox 685 5483 811 5572; x_wconf 84' lang='lat' dir='ltr'><strong>abbia</strong></span> <span class='ocrx_word' id='word_1_360' title='bbox 844 5484 900 5573; x_wconf 85' lang='lat' dir='ltr'><strong>da</strong></span> <span class='ocrx_word' id='word_1_361' title='bbox 923 5483 1027 5604; x_wconf 49' lang='lat' dir='ltr'><strong>,sure</strong></span> <span class='ocrx_word' id='word_1_362' title='bbox 1056 5485 1324 5572; x_wconf 83' lang='lat' dir='ltr'><strong>l’iacentario</strong></span> <span class='ocrx_word' id='word_1_363' title='bbox 1363 5483 1479 5571; x_wconf 83' lang='lat' dir='ltr'><strong>della</strong></span> <span class='ocrx_word' id='word_1_364' title='bbox 1511 5516 1586 5572; x_wconf 84' lang='lat' dir='ltr'><strong>sua</strong></span> <span class='ocrx_word' id='word_1_365' title='bbox 1617 5483 1846 5600; x_wconf 83' lang='lat' dir='ltr'><strong>prebenda.</strong></span> <span class='ocrx_word' id='word_1_366' title='bbox 1866 5533 1895 5548; x_wconf 91' lang='lat'><strong>·-</strong></span> <span class='ocrx_word' id='word_1_367' title='bbox 1926 5487 2059 5572; x_wconf 77' lang='lat' dir='ltr'><strong>ttmus</strong></span> 
     </span>
    </p>
   </div>
   <div class='ocr_carea' id='block_1_6' title="bbox 0 0 2284 6340">
    <p class='ocr_par' dir='ltr' id='par_1_8' title="bbox 0 0 2284 6340">
     <span class='ocr_line' id='line_1_44' title="bbox 0 0 2284 6340; baseline 0 0"><span class='ocrx_word' id='word_1_368' title='bbox 0 0 2284 6340; x_wconf 95' lang='lat' dir='ltr'><strong> </strong></span> 
     </span>
    </p>
   </div>
  </div>
 </body>
</html>
