4516 6318
520 279 611 370 lld
961 279 1045 365 Dia
1078 279 1137 367 ta
1169 278 1395 368 Februarii
1427 279 1565 368 l879.

515 404 605 494 lani
629 402 685 492 ad
718 431 816 491 eam
836 401 1134 492 reductionem
1160 402 1326 492 facilius
1344 401 1633 491 obtinendam
1654 401 1862 492 interulis
1880 431 2013 494 onera

514 528 649 616 etiam
684 525 793 616 illud
831 525 982 615 Missae
1009 526 1315 616 Conventualis
1334 565 1336 572 ¹
1358 544 1693 616 enumerarunt.
1729 527 1877 637 Quare
1905 553 2012 614 cum

517 648 751 738 transactio
787 648 924 737 nulla·
948 647 1080 735 luerit
1116 667 1265 768 utpote
1283 648 1473 738 laesione
1498 679 1584 735 raon
1612 651 1786 736 enormi
1823 665 2009 753 tantum,

516 773 597 863 sed
632 772 936 860 enormissima
974 769 1146 876 inlecta,
1175 773 1338 862 utendo
1372 772 1519 860 verbis
1550 775 1871 890 Imperatorum
1905 772 2014 858 Dio-

517 894 690 984 cletiani
753 909 795 982 et
836 893 1083 983 Maximiani
1123 897 1165 983 in
1205 897 1284 1014 lep.
1322 897 1351 983 2
1385 895 1493 986 God.
1533 897 1594 981 De
1627 892 2008 982 rescita-veneta.

518 1017 737 1109 concludit
769 1016 990 1104 numanam
1023 1047 1143 1124 esse,
1182 1025 1237 1108 ”ut
1269 1020 1517 1107 auctoritate
1551 1015 1705 1104 iudicis
1739 1015 2015 1104 intercedente
2116 1013 2118 1017 ’

521 1141 811 1232 rescindatur.

644 1266 700 1350 Αι
733 1281 1003 1352 memoratae
1027 1265 1288 1382 concordiae
1307 1263 1554 1352 nullitatem
1581 1261 1847 1350 manifestius
1865 1291 2010 1349 erum-

519 1417 625 1506 pere
660 1387 818 1488 instat,
867 1388 901 1474 si
937 1389 1159 1504 paulisper
1203 1387 1576 1476 animadvertatur
1625 1386 1670 1474 in
1704 1382 2005 1472 transactioni-

519 1513 603 1600 bus
630 1509 742 1596 inter
776 1539 982 1624 personas
1005 1511 1321 1600 Ecclesiasticus
1345 1509 1464 1598 initis
1486 1506 1865 1596 confirmationem
1887 1510 2005 1622 Apo-

523 1635 721 1722 stolicam
755 1631 809 1720 ad
841 1663 1106 1722 successores
1156 1633 1414 1752 obligandos
1447 1631 1610 1750 requiri
1660 1661 1746 1719 non
1792 1631 1838 1717 in
1871 1629 2012 1716 lorma

528 1754 769 1852 communi,
815 1754 890 1842 sed
918 1756 1143 1871 speciatim
1175 1789 1229 1844 ex
1261 1775 1376 1844 certa
1410 1755 1590 1844 scientia
1623 1771 1666 1842 ct
1709 1784 1808 1842 cum
1846 1781 2004 1842 causae

523 1877 770 1996 cognitione
804 1877 1084 1968 Reillanstuel
1120 1879 1232 1966 titt
1261 1882 1327 1968 tit.
1355 1880 1469 1968 36η.
1494 1880 1570 1966 aa.
1599 1877 1828 1994 Pignatelli
1852 1874 2002 1962 toral

524 2000 699 2090 consult.
736 2001 795 2088 27
828 2033 940 2088 num.
981 2001 1027 2088 9.
1065 2004 1109 2093 S.
1147 2003 1434 2123 Congregatio
1469 2003 1513 2088 in
1543 2003 1588 2092 V
1586 2001 1828 2088 alaterrnnu
1862 1998 2013 2084 Missae

404 2231 407 2238 ι
529 2123 825 2212 Conventuolis
858 2125 917 2211 23
950 2124 1126 2240 Aprilis
1160 2127 1280 2214 l86i
1330 2129 1436 2213 et6
1479 2125 1587 2212 Maii
1637 2124 1774 2212 l865.
1812 2123 2010 2208 lumvero

528 2246 782 2336 huiusmodi
807 2246 1184 2338 confirmationem
1220 2251 1262 2336 in
1287 2251 1480 2338 themate
1504 2248 1683 2335 omnino
1704 2239 1893 2334 delicere
1915 2241 2020 2331 sub-¹

526 2371 608 2472 dit,
645 2384 688 2458 et
711 2367 981 2458 adversarios
1012 2373 1125 2488 ipsos
1151 2389 1288 2490 urget,
1328 2387 1375 2460 ut
1413 2401 1510 2458 eam
1535 2373 1723 2488 probent
1746 2365 2010 2455 interfuisse.

525 2496 619 2582 Huc
674 2505 824 2578 autem
877 2511 1086 2610 perventa
1133 2495 1331 2584 oratione
1384 2495 1590 2582 inclamat
1633 2491 1739 2582 nihil
1783 2487 2016 2580 Canonieis

525 2613 732 2734 prodesse
775 2615 831 2704 ad
884 2615 1169 2718 elementaria
1224 2619 1327 2705 iuris
1378 2617 1592 2733 principia
1642 2614 1788 2738 quoad
1836 2611 2017 2702 allectus

526 2735 826 2826 transactionis
858 2737 951 2826 sine
984 2739 1260 2856 beneplacito
1294 2743 1339 2832 S.
1378 2741 1597 2830 Pontifieis
1630 2739 1879 2854 confugere.
1919 2733 2020 2826 Sci-

527 2877 625 2954 tum
669 2859 787 2948 enim
830 2877 893 2948 est
927 2861 1170 2952 istiusmodi
1206 2865 1301 2952 iura
1336 2879 1438 2950 tunc
1481 2864 1621 2952 solum
1673 2859 1918 2979 principem
1951 2856 2019 2943 si-

524 2983 572 3072 hi
622 2983 761 3070 locum
796 2983 1023 3073 vindicare
1062 3018 1187 3104 posse
1224 3017 1323 3076 cum
1355 2986 1411 3075 de
1460 2985 1677 3104 personali
1726 2980 2015 3072 transactione

529 3107 688 3225 agitur,
726 3105 911 3198 minime
944 3138 1048 3197 vero
1081 3141 1182 3197 cnm
1215 3109 1273 3198 de
1307 3111 1413 3197 reali
1446 3140 1590 3198 sermo
1637 3109 1727 3213 sit,
1766 3124 1868 3193 tunc
1901 3105 2022 3191 enim

529 3231 585 3318 ad
635 3229 718 3318 rite
762 3261 810 3316 ac
861 3230 1054 3348 legitime
1091 3233 1426 3322 transactionem
1459 3233 1698 3322 ineundam
1733 3225 2022 3317 confirmatio·

501 3383 631 3442 ,nem
666 3351 977 3469 *Apostolicam
1026 3387 1112 3442 non
1147 3356 1189 3442 in
1225 3355 1361 3444 lorma
1395 3357 1637 3458 communi,
1674 3353 1749 3443 sed
1795 3348 2013 3467 specifica,

529 3493 575 3563 et
608 3507 662 3563 ex
694 3491 810 3563 certa
843 3476 1021 3566 scientia
1056 3478 1342 3567 neeessariam
1377 3510 1470 3567 asse
1507 3483 1717 3567 Doctores
1749 3505 1901 3562 omnes
1934 3488 2021 3559 tra-

530 3597 657 3688 dunt.
685 3597 794 3686 Hinc
818 3597 936 3686 inani
968 3601 1164 3719 prolecto
1196 3619 1524 3691 consumeretur
1556 3603 1706 3689 labore
1750 3597 1827 3717 qui
1876 3625 1926 3682 ca
1958 3593 2012 3682 ad

529 3720 803 3841 desperatam
837 3722 1039 3840 Spartam
1073 3723 1401 3812 desuadendam
1436 3725 1673 3813 invocaret.
1700 3723 1852 3812 Risum
1873 3732 2023 3804 autem

529 3845 599 3933 hie
631 3861 874 3950 moverent,
925 3846 958 3932 si
992 3847 1052 3933 ob
1086 3847 1297 3964 temporis
1320 3848 1492 3965 lapsum
1527 3847 1582 3936 ad
1619 3842 2022 3967 praesumptionem

530 3966 798 4086 Beneplaeiti
832 3969 1068 4085 Apostoliei
1104 3981 1391 4059 recurrerent.
1441 3973 1609 4064 Scitum
1646 3971 1766 4058 enim
1803 3981 1868 4054 est
1891 3992 2024 4082 prae-

531 4090 831 4205 sumptionem
867 4091 1010 4179 loenm
1050 4093 1209 4181 cedere
1256 4094 1445 4201 veritati;
1497 4112 1541 4182 et
1588 4124 1692 4183 cum
1738 4088 1894 4177 veritas
1944 4083 2016 4190 sit,

533 4213 653 4330 quod
688 4213 798 4302 illud
833 4214 1013 4302 omniuo
1047 4214 1250 4320 deluerit,
1289 4217 1347 4302 uti
1371 4217 1608 4306 clarissime
1637 4213 1870 4332 perhibent
1902 4209 2024 4324 ipsae

530 4336 830 4426 transactionis
845 4337 1037 4441 tabulae,
1056 4337 1176 4427 unde
1193 4337 1317 4426 nulla
1333 4340 1389 4429 de
1408 4338 1768 4460 praesumptione
1781 4331 1934 4423 haberi
1954 4361 2023 4418 ra·

536 4459 597 4549 tio
631 4477 790 4577 potest.
2022 4514 2025 4544 2

661 4581 882 4702 Multoque
909 4583 1058 4672 miurus
1089 4581 1328 4674 Canonicos
1351 4585 1523 4672 iuvaret
1545 4583 1882 4672 diuturnitatem
1905 4592 2015 4666 tem·

533 4704 682 4824 poris,
721 4706 1197 4826 praescriptionemque
1244 4707 1462 4797 invocare.
1513 4711 1691 4796 Praeter
1723 4705 1843 4794 enim
1877 4731 2013 4822 qaam
2112 4715 2114 4718 ’

537 4829 658 4948 quod
693 4845 867 4948 tempus
901 4860 989 4916 non
1023 4845 1087 4918 est
1120 4830 1277 4922 modus
1317 4862 1461 4949 neque
1496 4829 1847 4933 constituendae,
1883 4850 2026 4942 neque

535 4951 774 5042 solvendae
808 4951 1101 5069 obligationis,
1137 4968 1192 5043 et
1220 4953 1652 5072 praeterquamquod
1700 4951 1849 5041 omnia
1882 4942 2024 5062 requi·
2074 4954 2076 4958 ’

538 5075 620 5164 sita
664 5073 722 5164 ad
755 5075 1148 5192 praescribendum
1173 5078 1409 5166 necessaria
1443 5079 1560 5166 lraud
1595 5077 1886 5174 interfuerint,
1916 5063 2027 5155 illud

537 5197 983 5292 animadvertendum
1017 5230 1109 5288 esse
1141 5199 1359 5289 existimat
1392 5201 1728 5290 transactionem
1751 5199 1796 5286 in
1830 5196 2022 5284 themate

538 5321 595 5410 ab
628 5323 751 5410 initio
786 5321 984 5410 vitiosam
1018 5321 1148 5412 luisse
1181 5321 1345 5412 nodum
1384 5325 1444 5412 oh
1479 5323 1830 5412 enormissimam
1867 5311 2029 5404 laesio.-

539 5473 644 5532 nem
667 5445 712 5533 in
747 5461 968 5534 contractu
994 5444 1303 5552 interventum,
1345 5447 1422 5536 sed
1455 5463 1499 5534 et
1532 5447 1590 5536 ob
1617 5445 1790 5534 Decreti
1826 5445 2023 5528 Braneu-
