4530 6336
713 429 796 518 Die
826 426 889 520 26
918 429 1025 517 latii
1059 432 1196 522 1879.
1612 429 1730 526 333·

219 561 369 663 malet,
405 567 638 642 enarrante
680 552 858 641 latia
907 554 1116 642 abbiamo
1166 551 1377 642 abitato
1365 553 1546 644 insieme
1579 554 1699 647 siaa

224 676 517 780 Bosmeiet,
554 675 616 764 sia
648 675 833 793 qualche
868 691 1016 794 tempo
1050 709 1074 764 a
1106 675 1249 794 Parigi
1285 673 1372 766 fino
1407 675 1447 764 ai
1475 694 1702 786 momento

225 803 326 892 di
362 799 581 890 mettormi
616 829 660 884 ιιι
686 798 791 886 letto
816 827 940 886 verso
974 797 1002 885 ιΙ
1026 827 1144 888 mese
1164 799 1209 887 dr
1235 795 1697 893 nocentiorem.
1778 789 1786 835 ³
1834 859 1840 872 .
1897 914 1927 924 ..
2040 915 2048 925 .

224 925 354 1042 Quod
388 925 495 1013 haec
540 919 804 1010 cohabitatio
851 919 1001 1009 [uisset
1044 951 1143 1010 cum
1194 919 1350 1010 affectu
1395 921 1619 1028 maritali
1656 920 1702 1014 id
1865 946 1919 996 {21
1967 981 1974 1000 ·

222 1047 462 1139 ostendunt
505 1043 649 1162 primo
683 1042 810 1132 dolor
839 1071 973 1161 quem
1022 1042 1236 1162 persensit
1278 1044 1492 1133 Petrus
1480 1075 1524 1132 ιιι
1560 1059 1705 1137 morte

219 1171 316 1275 sdii,
352 1172 600 1259 obtestante
634 1165 827 1254 Paracho
861 1165 1000 1254 Home
1037 1207 1054 1246 ι
1093 1163 1279 1254 nitorchd
1307 1165 1373 1284 pti
1403 1167 1645 1288 monifestci
1667 1170 1707 1259 ie

223 1295 305 1383 mie
339 1290 641 1408 condoptionze
681 1289 767 1376 tto
804 1287 953 1376 reduto
984 1289 1241 1406 pionperen
1282 1287 1401 1376 cctde
1450 1290 1622 1379 tantine
1659 1327 1704 1400 r,-

221 1431 449 1536 praeterca
482 1415 563 1502 hoc
596 1412 865 1501 demonstrat
911 1411 1108 1531 epistola,
1156 1441 1289 1530 quam
1323 1429 1419 1529 post
1457 1414 1703 1531 separatio-

224 1565 326 1628 nem
360 1535 521 1626 mensis
553 1535 650 1624 luiii
699 1535 868 1624 tant
857 1563 950 1676 ipse
982 1533 1155 1653 scripsit
1198 1533 1322 1622 uxori
1371 1547 1419 1621 ut
1460 1535 1608 1678 'ipsam
1645 1538 1703 1628 ad

222 1659 501 1751 concordiam
537 1673 816 1748 revocaret
798 1659 901 1744 vi
933 1659 1117 1746 osricum
1146 1655 1215 1744 der
1236 1657 1468 1746 sentimenti
1503 1656 1552 1744 di
1593 1657 1704 1782 offe·

221 1781 527 1882 rietterhe
509 1813 531 1870 ι
563 1781 710 1898 penori
744 1781 874 1878 mesi,
911 1779 982 1866 che
1011 1813 1109 1870 sono
1133 1797 1173 1867 tr
1175 1803 1330 1868 ascorn
1353 1805 1434 1868 non
1463 1779 1599 1870 hanno
1621 1811 1702 1900 per

222 1905 344 1996 nitito
372 1901 676 1991 indeholitu.

346 2027 478 2139 Quod
514 2025 688 2116 anilitas
722 2025 991 2114 matrimonii
1034 2053 1111 2114 seu
1145 1933 1511 2142 impedimentum
1557 2041 1699 2116 metus

225 2149 375 2239 inisset
408 2149 601 2238 eidem
590 2179 634 2236 ιιι
658 2147 739 2236 hae
760 2147 991 2266 hypothesi
1015 2149 1320 2266 percognitum
1342 2159 1493 2267 aperte
1516 2147 1701 2240 demon·

223 2288 331 2364 strat
362 2271 481 2360 Petri
514 2270 724 2359 consessio
758 2270 806 2357 in
826 2271 1030 2360 examine
1053 2270 1245 2360 iudiciali
1268 2271 1423 2360 emissa
1452 2309 1471 2350 ι
1497 2272 1567 2358 nei
1586 2275 1700 2390 picr-

221 2425 275 2484 no
313 2393 384 2482 dat
406 2395 673 2482 matrimonio
695 2421 776 2479 non
812 2393 953 2480 volero
984 2392 1143 2480 andere
1177 2393 1290 2481 nella
1311 2421 1474 2482 camera
1508 2393 1559 2482 di
1579 2395 1700 2496 coici,

223 2518 296 2607 che
331 2547 412 2604 non
445 2516 716 2604 considerare
747 2549 857 2605 come
888 2513 1039 2634 moph'e
1066 2555 1105 2604 ι.

345 2641 477 2752 Quod
530 2639 724 2758 donique
769 2639 876 2730 haec
910 2639 1084 2727 nutritas
1118 2638 1395 2757 hypothetica
1434 2637 1569 2728 tuerit
1607 2639 1704 2730 ahis

222 2762 405 2864 occulta,
443 2795 498 2852 ex
531 2793 583 2850 en
616 2762 954 2865 demonstratur,
988 2761 1107 2883 quod
1140 2761 1344 2868 notabilis
1367 2789 1466 2878 pars
1501 2763 1695 2868 testium,

222 2913 332 3005 quos
362 2889 520 2976 Petrus
551 2884 723 2974 induxit
755 2886 1014 2974 autumabat
1062 2883 1270 2973 eumdem
1314 2883 1491 2974 duxisse
1540 2885 1699 2976 lutiam

223 3009 382 3098 intuitu
415 3008 674 3150 conspicuae
708 3009 821 3098 iltius
854 3008 989 3112 dotis;
1029 3007 1156 3095 amici
1190 3023 1337 3096 autem
1362 3007 1553 3097 samiiiae
1573 3036 1698 3100 suam

221 3161 401 3247 operam
434 3131 758 3250 praestiterunt,
798 3147 845 3219 ut
877 3131 1034 3219 coniur
1008 3159 1083 3248 „os
1131 3147 1388 3222 revocarent
1428 3129 1486 3219 ad
1518 3157 1706 3220 concor-

223 3253 371 3360 diam3
408 3253 456 3344 id
477 3253 598 3374 quod
637 3253 866 3342 manifeste
898 3201 1115 3358 ostendit,
1156 3253 1367 3342 nullam
1356 3283 1400 3342 ιιι
1432 3253 1612 3371 publico
1638 3285 1707 3344 su·

223 3373 462 3494 spicionem
497 3375 683 3467 adfuisse
714 3375 776 3466 de
823 3373 1096 3466 invaliditate
1142 3375 1408 3465 matrimonii
1456 3375 1515 3464 ah
1545 3374 1705 3466 iisdem

223 3499 449 3588 celebrati

346 3624 410 3709 Ex
457 3637 581 3740 parte
623 3621 816 3712 mulieris
863 3621 1044 3740 quidam
1084 3617 1248 3709 adstitit
1292 3634 1579 3742 procurator,
1625 3623 1703 3742 qni

225 3743 443 3861 usquein
475 3769 837 3862 praescnssuam
870 3742 1173 3860 allegationem
1207 3773 1292 3832 non
1327 3743 1544 3849 exhibuit,
1571 3770 1706 3864 quam

228 3863 339 3956 [orte
372 3862 726 3956 distribuendam
757 3867 982 3986 perlegere
1014 3867 1098 3955 BE
1124 3869 1209 3956 ΡΡ
1247 3867 1377 3957 enixe
1408 3885 1633 3987 rogantur
1721 3913 1723 3929 ·

347 3989 473 4080 Hisce
505 3991 709 4079 omnibus
744 3989 968 4109 perpensis
1001 3990 1084 4078 erit
1114 3988 1358 4126 supientiae
1388 3999 1442 4080 et
1474 3990 1708 4082 doctrinae

222 4103 307 4198 ΕΕ.
344 4111 440 4204 VV.
473 4112 803 4231 infrascriptum
835 4113 1064 4204 absolvere

785 4405 788 4412 ,
857 4355 1074 4447 DUBIUM

349 4601 428 4690 An
453 4614 607 4693 constet
637 4603 689 4693 de
720 4595 914 4694 nuditate
944 4603 1211 4693 matrimonii
1241 4604 1290 4691 in
1318 4626 1429 4694 ectu.

345 4844 573 4966 Negativo.
