4530 6336
742 347 825 434 aa
856 346 907 436 at
950 349 1066 438 rant
1099 350 1236 441 tero.
1644 323 1735 442 soa

366 509 381 550 ι
422 467 794 587 Cumulus,quem
817 471 1008 560 conflant
1030 475 1289 578 oblationes,
1306 472 1622 576 emolumenta,
1645 504 1730 580 ‚seu
1755 571 1757 580 ,

243 633 260 674 ι
299 595 397 680 iura
428 591 723 711 parochialia,
770 619 883 711 quae
932 597 1063 686 etiam
1113 597 1330 696 manualia
1370 607 1594 696 vocantur,
1632 627 1721 686 noa

244 755 261 796 ι
302 715 420 804 idem
456 745 550 804 esse
582 717 690 802 solet
726 716 768 804 in
800 719 1006 806 omatibus
1032 719 1272 834 'parochiis
1310 719 1345 808 si
1387 749 1531 808 sermo
1565 719 1622 804 sit
1665 720 1723 810 de

241 877 258 918 ι
299 839 483 926 materia
516 870 593 926 seu
627 841 770 956 speeie
793 839 837 926 in
861 871 948 958 qua
982 841 1236 930 corrsistunt.
1275 842 1497 960 Plerisque
1532 841 1575 926 in
1614 840 1720 987 locip

240 1003 258 1042 ι
299 961 403 1049 baec
440 962 622 1050 materia
655 993 731 1048 seu
767 965 931 1078 species
964 981 1027 1050 est
1062 965 1150 1082 ipsa
1177 965 1364 1082 pecunia
1387 995 1462 1052 seu
1486 981 1720 1078 argentum

240 1125 258 1164 ι
300 1083 342 1170 in
378 1085 567 1202 antiquis
600 1085 749 1174 edictis
794 1087 1090 1205 assignatum,
1127 1119 1241 1206 quae
1269 1085 1410 1176 edicta
1443 1088 1513 1189 ab⁸
1535 1091 1724 1176 auctori-

247 1249 263 1284 ι
305 1223 392 1295 tate
425 1207 662 1325 episcopali
697 1239 780 1294 una
815 1239 915 1298 cum
949 1209 1063 1296 cirili
1097 1210 1284 1298 durante
1307 1208 1720 1300 dominationellis-

245 1371 262 1410 ι
302 1331 458 1446 panica
493 1327 533 1414 in
569 1332 648 1416 bac
681 1331 857 1449 regione
890 1332 1064 1420 decreta
1098 1331 1288 1434 luerunt,
1326 1333 1394 1420 vel
1430 1363 1453 1417 a
1487 1332 1588 1418 solis
1623 1333 1723 1448 Epi·

245 1495 262 1533 ι
301 1451 443 1569 scopis
477 1469 626 1568 postea
674 1452 925 1555 modificata
970 1453 1089 1544 iuxta
1135 1472 1401 1570 temporum,
1441 1455 1635 1542 locorum
1670 1487 1720 1553 aa

242 1616 260 1656 ι
301 1605 588 1690 personarum
623 1577 981 1664 circumstantias.
1022 1578 1138 1664 Alibi
1172 1578 1443 1694 accipiuntur
1477 1608 1526 1664 uc
1547 1578 1727 1676 solvun-

243 1736 261 1778 ι
300 1713 372 1782 tur
408 1696 524 1784 iuxta
559 1725 728 1784 morem
762 1728 837 1786 seu
871 1698 1256 1804 consuetudinem3
1295 1719 1338 1787 ot
1380 1701 1423 1785 in
1456 1698 1726 1816 quibusdam

209 1859 259 1898 .«
300 1817 420 1920 locis,
458 1851 528 1908 en.
566 1851 631 1936 gr.
677 1819 721 1906 in
771 1822 1094 1912 Arclridioecesi
1137 1823 1480 1912 ltliclroacanensi
1527 1823 1754 1926 existunt*

243 1983 261 2022 ‹
301 1943 510 2030 ludorum
547 1942 712 2058 populi,
750 1945 824 2063 qui
861 1944 986 2032 valde
1015 1945 1256 2034 ¹modicam
1301 1947 1512 2062 pecuniae
1546 1946 1721 2062 quanti-

244 2106 273 2174 ιΙ
301 2080 432 2152 tatem
468 2080 646 2182 erogant
678 2083 846 2154 caetera
870 2069 976 2156 escis
1007 2098 1082 2158 seu
1116 2069 1286 2156 cibariis
1320 2067 1598 2182 completuri:
1636 2067 1724 2170 imo

243 2227 260 2266 ι
298 2188 438 2274 solent
472 2188 672 2275 Parocltis
721 2219 796 2276 scu
830 2189 1010 2278 Vinariis
1043 2223 1175 2307 opera
1211 2191 1453 2308 personalia
1491 2189 1718 2294 exltibere,

244 2352 260 2386 ι
300 2339 414 2425 quac
448 2309 526 2396 etsi
564 2309 732 2428 legibus
778 2312 979 2400 civilibus
1025 2314 1110 2400 iam
1157 2313 1377 2428 prohibita
1421 2327 1550 2412 sunt,
1588 2331 1631 2398 et
1665 2314 1722 2416 ab

245 2473 262 2512 ι
302 2432 527 2550 Episcopis
562 2463 609 2518 ac
643 2433 772 2520 ctiam
810 2435 1009 2524 Parocbis
1043 2465 1171 2552 saepe
1205 2454 1396 2524 recusata
1431 2435 1622 2536 luerunt,
1647 2453 1748 2538 tar

244 2585 402 2642 amen
441 2583 665 2672 nunquam
714 2557 889 2674 penitus
931 2560 1123 2648 extincta
1160 2575 1293 2646 sunt:
1339 2558 1558 2646 mordicus
1601 2559 1722 2659 enim

243 2719 260 2758 ι
301 2679 395 2766 lndi
424 2680 542 2795 praxi
569 2693 611 2764 et
635 2681 823 2798 antiquis
847 2679 1155 2770 traditionibus
1189 2679 1426 2768 adhaerere
1458 2677 1600 2770 solent
1623 2724 1661 2768 ι.

361 2802 537 2912 Quibus
571 2801 776 2891 omnibus
806 2804 1014 2892 absolutis
1048 2833 1220 2893 causam
1258 2803 1389 2892 bodie
1413 2831 1541 2892 unaue
1568 2803 1609 2889 in
1635 2795 1744 2922 ple·¹

240 2925 362 3012 nario
398 2927 482 3012 En.
512 2926 603 3010 VV.
642 2957 842 3014 consessu
876 2925 1208 3043 disceptandam
1245 2927 1448 3043 proposui
1483 2926 1568 3014 sub
1599 2927 1726 3016 dubii

239 3048 426 3136 formula
463 3047 505 3133 in
540 3048 655 3136 calce
691 3048 828 3136 libelli
863 3052 1074 3166 excripta,
1111 3065 1383 3169 quiapropter
1407 3066 1615 3166 praestat,
1645 3081 1728 3168 pro

238 3201 337 3258 meo
372 3200 570 3272 nanturra,
611 3169 774 3286 aliquid
812 3171 868 3260 de
903 3203 1024 3258 more
1056 3174 1260 3289 utrinque
1290 3173 1698 3274 animadvertere.)

360 3293 600 3382 Concilium
636 3293 950 3382 Tridentinum
985 3296 1025 3380 in
1060 3295 1164 3382 Sess.
1202 3295 1252 3384 21
1295 3325 1387 3411 cap.
1424 3297 1454 3384 2
1487 3292 1538 3380 de
1566 3295 1718 3414 [iasar.

238 3446 293 3504 ne
328 3416 510 3518 llinistri
551 3417 793 3505 Sanctuarii
844 3449 941 3504 curn
990 3418 1154 3506 ordinis
1204 3416 1420 3505 dedecore
1464 3416 1718 3506 mendicare

236 3556 309 3625 aut
343 3538 571 3627 sordidum
604 3539 794 3654 aliquem
831 3555 1062 3659 quaestum
1095 3570 1301 3630 exercere
1333 3556 1607 3658 cogerentur,
1635 3558 1720 3628 sta-

240 3661 321 3748 tuit
355 3663 578 3749 ncminem
616 3663 672 3751 ad
705 3663 857 3753 Sacros
889 3662 1079 3752 Ordines
1114 3664 1364 3778 promoveri
1399 3691 1524 3780 posse
1556 3663 1727 3781 absque

237 3781 454 3872 beneficio
493 3783 795 3890 ecclesiastico,
826 3785 1090 3902 patrimonio
1129 3786 1195 3874 vcl
1233 3785 1441 3904 pensione
1490 3783 1547 3872 ad
1591 3787 1750 3874 vitum·

239 3907 563 3996 sustentandam
615 3903 867 3994 sufficiente.
922 3911 981 3994 En
1034 3909 1216 4026 praelati
1255 3910 1388 3999 Corte.
1425 3907 1545 3996 Trid.
1593 3910 1728 3997 verbu

233 4076 262 4093 -
296 4029 356 4116 ibi
389 4079 418 4094 -
456 4071 471 4108 ι
496 4029 656 4145 Statuit
672 4030 829 4120 Sutrcta
863 4029 1084 4147 Synodns,
1107 4061 1162 4118 ne
1184 4031 1279 4152 quis
1303 4030 1510 4150 deinceps
1532 4029 1727 4120 Clericus

242 4191 257 4228 ι
295 4153 545 4254 saecularia,
576 4155 777 4270 quamvis
817 4153 923 4243 alias
956 4153 1010 4238 sit
1044 4153 1226 4241 idoneus
1259 4153 1494 4255 moribus,
1541 4154 1726 4242 scientia

240 4312 256 4352 ι
297 4291 550 4376 eluctato,
588 4275 822 4363 adsueras
872 4274 1062 4364 Ordines
1112 4293 1453 4394 promoveatur,
1492 4277 1571 4362 nisi
1607 4277 1728 4393 prius

241 4437 264 4508 ιΙ
298 4396 491 4515 legitime
524 4410 705 4498 constet,
744 4428 861 4498 eum,
899 4397 1165 4486 beneficium
1201 4399 1570 4498 ecclesiasticum,
1608 4397 1728 4515 quod

241 4559 256 4596 ι
295 4521 377 4606 sibi
412 4521 467 4610 ad
503 4522 662 4606 victuro
700 4520 879 4610 honeste
912 4519 1107 4626 sufficiat,
1135 4521 1314 4638 pacifice
1350 4521 1571 4638 possidere
1610 4587 1620 4606 .
1661 4585 1669 4602 .
1713 4586 1723 4607 .

236 4679 254 4719 ι
296 4642 615 4734 Patrimonium
661 4673 766 4731 vero
812 4645 879 4732 vel
926 4645 1180 4760 pensionem
1222 4644 1474 4731 obtinentes
1524 4641 1723 4744 ordinari

238 4803 253 4838 ι
292 4766 469 4880 ptntlrac
504 4798 591 4855 non
625 4767 804 4882 possint,
844 4767 924 4854 nisi
965 4767 1042 4870 illi,
1080 4799 1189 4888 quos
1227 4768 1463 4884 Episcopus
1508 4759 1728 4853 iudicave-

236 4925 253 4964 ι
293 4889 347 4974 rit
382 4889 667 4978 assumendos
703 4921 782 5004 pro
826 4890 1081 4978 necessitate
1116 4889 1186 4977 vel
1233 4887 1547 4976 commoditate
1581 4888 1728 4990 Eccle-

233 5047 251 5089 ι
290 5011 455 5102 siarum
473 5043 669 5118 suarum;
692 5045 743 5100 en
759 5043 935 5128 qnoque
950 5012 1069 5128 prius
1083 5027 1310 5128 perspecto
1329 5007 1641 5127 patrimonium
1665 5011 1728 5110 il·-¹

233 5169 251 5208 r
290 5132 363 5223 lud
385 5137 450 5222 vel
465 5135 720 5253 pensionem
735 5163 838 5222 vore
851 5135 978 5223 abeis
991 5135 1196 5238 obtineri,
1215 5137 1405 5251 taliaque
1418 5162 1642 5249 essequae
1659 5135 1727 5220 eis

235 5293 252 5329 ι
291 5257 497 5368 advitam
518 5255 847 5346 sustentandam
872 5257 972 5344 satis
990 5255 1075 5345 sint
1096 5298 1134 5342 ι.
1155 5261 1318 5374 Exque
1333 5254 1730 5374 consequiturtituss

230 5375 323 5468 lum
357 5381 403 5471 S.
441 5380 737 5495 Ordinationis
761 5379 942 5466 ‘landari
983 5379 1149 5469 debere
1186 5379 1239 5468 in·
1265 5410 1313 5466 re
1343 5383 1460 5468 certa
1497 5408 1545 5467 ec
1573 5377 1724 5486 stabili

208 5528 347 5619 quae
376 5505 552 5596 Clericis
586 5505 642 5594 ad
676 5505 825 5592 vitum·
844 5502 1184 5592 sustendandam
1230 5501 1589 5592 satanas-uniat
1611 5505 1728 5592 recte
