4530 6336
579 384 672 482 3lb
1080 383 1160 470 Dis
1190 377 1252 468 to
1284 376 1390 464 lutat
1426 373 1562 468 l879.

581 511 786 632 viguisse,
824 523 872 597 ut
904 504 1110 598 Cononici
1144 517 1245 624 post
1278 497 1522 618 Capitulum
1568 497 1624 586 ad
1658 494 1957 586 Mudesetad
1981 491 2046 586 V
2038 525 2098 580 e-

583 666 724 754 speras
757 629 1048 720 confessiones
1081 625 1279 715 fidelium
1316 619 1535 726 audirent,
1562 619 1669 742 quin
1695 647 1874 740 gravem
1904 616 2095 706 chor-ali

586 753 856 878 psalmodiae
891 751 1205 842 detrimentum
1241 746 1527 846 redundaret,
1581 773 1720 864 quum
1769 741 1980 834 Carrouici
2045 755 2098 828 et

585 875 862 970 Mansiuuarii
909 901 993 963 nou
1029 871 1175 960 miuus
1207 870 1611 988 esseutsaxaginta,
1641 885 1803 956 etcura
1837 863 2101 954 habitualis

589 1003 840 1092 animarum
875 997 918 1085 in
949 993 1154 1112 Capitale
1191 993 1416 1082 resideret.
1456 989 1692 1108 Propositis
1726 991 1769 1077 in
1803 991 1850 1079 S.
1886 990 2103 1107 Congre-

590 1125 765 1246 gatione
800 1120 915 1210 bisce
948 1117 1111 1207 dubiis:
1142 1117 1176 1204 l.
1203 1116 1276 1203 An
1307 1133 1347 1204 et
1368 1113 1571 1234 quomodo
1590 1113 1647 1200 ad
1669 1112 1854 1234 effectum
1879 1109 2104 1199 lucrandi

591 1243 909 1335 distributiones
940 1243 1194 1329 sustineatur·
1237 1237 1483 1326 musrretndo
1521 1235 1760 1326 celebrandi
1806 1235 1958 1322 Missas
1993 1247 2100 1321 tum

592 1371 636 1458 in
669 1364 858 1455 Ecclesia
890 1395 1009 1484 quum
1034 1365 1079 1449 in
1099 1363 1264 1452 Sacello
1298 1359 1749 1478 tenporelliuisorurn
1767 1355 2019 1482 Officioruaa
2047 1356 2101 1441 in

594 1492 713 1580 cusu?
746 1487 806 1576 ll.
844 1485 916 1574 An
950 1503 986 1575 et
1018 1486 1224 1606 quemodo
1278 1485 1336 1574 ad
1386 1483 1571 1606 effectum
1624 1480 1821 1569 lucrandi
1872 1479 2106 1568 turribu-

596 1616 725 1703 tiones
761 1611 1014 1698 sustineatur
1047 1609 1294 1698 consuetudo
1327 1607 1567 1724 aecipiendi
1609 1605 1938 1694 Sucrunrentules
1970 1603 2098 1690 Con·

598 1736 795 1858 [essiones
850 1749 1031 1850 tempore
1088 1733 1343 1821 Divinarum
1388 1730 1640 1853 Osfieiorum
1690 1731 1733 1814 in
1772 1731 1893 1817 amu?
1946 1727 2101 1817 isthoc

598 1859 653 1948 ad
703 1875 943 1977 utrumque
988 1855 1184 1945 Dubium
1234 1855 1457 1946 redditum
1501 1871 1566 1943 est
1600 1882 1922 1971 responsumtc
1963 1849 2042 1939 nd
2082 1852 2101 1935 l

604 2019 621 2062 ι
658 1994 705 2068 ct
737 1983 775 2068 ll
803 1977 1152 2070 ¹Consuetudinem
1179 2007 1266 2067 mon
1287 1979 1500 2067 sustineri.
1526 1977 1721 2066 Atlantis
1772 1995 1917 2065 tamen
1953 2005 2097 2094 pecu·

605 2147 623 2186 a
662 2103 845 2192 liaribns
866 2101 1199 2193 circumstantiis
1233 2131 1432 2192 normam
1469 2101 1526 2190 ab
1560 2102 1772 2218 Episcopo
1795 2099 1852 2188 de
1871 2127 2098 2188 consensu

606 2269 623 2308 a
663 2226 855 2344 Capituli
889 2226 1157 2344 propositam
1195 2226 1370 2316 admitti
1418 2255 1562 2343 posse,
1614 2223 1763 2312 addito
1804 2223 1881 2344 de,
1910 2220 2098 2332 licentia

607 2393 623 2430 ι
664 2343 874 2436 Praefecti
907 2349 1045 2450 eberh
1083 2365 1126 2436 ct
1160 2351 1398 2469 Episcopus
1430 2366 1569 2452 roret,
1599 2378 1655 2436 ne
1678 2365 1781 2436 aute
1802 2361 1847 2437 et
1871 2361 1966 2464 post
1985 2345 2096 2433 aba·

610 2513 627 2550 ι
670 2497 767 2558 rum
802 2471 947 2560 desint
981 2475 1133 2560 Missae
1174 2511 1211 2559 ι.

726 2597 774 2680 lo
810 2624 862 2680 eo
897 2611 1182 2684 veruntamen
1218 2595 1338 2714 quud
1374 2595 1545 2711 respicit.
1579 2593 1778 2711 Episcopi
1830 2592 2096 2681 mandatum

602 2715 896 2834 suspensionis
929 2719 1359 2808 contravenientibus
1388 2717 1593 2814 inflictae.
1627 2716 1804 2804 tametsi
1839 2747 1892 2805 ex
1922 2713 2098 2830 conspi-

606 2869 715 2928 cuae
750 2855 878 2926 notae
914 2843 1013 2928 DD.
1051 2841 1227 2929 retineri
1264 2843 1412 2958 possit,
1451 2841 1581 2928 etiam
1617 2841 1675 2927 ob
1725 2841 1866 2929 levam
1916 2839 2096 2956 eulpam

607 2960 937 3079 suspensionem
967 2985 1062 3051 esse
1109 2962 1341 3066 efficacem,
1382 2981 1490 3054 teste
1522 2961 1860 3080 Selrmnlzprucb.
1912 2983 2011 3050 tom.
2062 2961 2093 3046 5

600 3099 723 3203 part.
760 3083 810 3169 ll
835 3087 904 3173 tit.
938 3085 1002 3174 39
1034 3117 1079 3174 n.
1115 3089 1192 3193 59,
1230 3089 1513 3176 nibilominus
1546 3089 1588 3174 in
1625 3084 1849 3202 praesenti
1878 3083 2095 3204 quaestio·

602 3235 666 3297 ue
700 3207 844 3296 forsan
879 3207 1133 3298 exorbitans
1167 3211 1307 3300 rideri
1343 3229 1500 3330 potest,
1528 3240 1576 3298 ac
1600 3209 1760 3299 idcirco
1784 3206 2089 3327 temperanda.

609 3336 654 3419 ln
691 3331 881 3420 duorum
913 3334 1082 3452 quippe
1114 3365 1330 3423 annorum
1367 3331 1545 3436 effluxu,
1607 3335 1649 3420 in
1700 3365 1788 3452 quo
1836 3331 1950 3420 inter
1994 3327 2095 3448 Epi·

610 3480 790 3573 scopum
825 3471 869 3542 et
901 3457 1140 3546 Canonicos
1175 3473 1488 3576 pertractatum
1524 3473 1585 3545 est
1629 3455 1685 3544 de
1738 3457 1817 3546 bac
1863 3455 2094 3574 disciplina

610 3578 774 3667 morati
825 3579 1150 3698 reintegranda,
1208 3608 1449 3700 numquam
1503 3578 1711 3672 canonia·
1766 3579 1950 3669 subiecti
1998 3593 2097 3666 suut

605 3715 915 3820 ‘punctaturae
954 3719 1086 3820 atque
1119 3715 1360 3820 utcumque
1394 3705 1630 3824 Episcopus
1661 3704 1858 3823 obligare
1890 3702 2099 3820 potuisset

609 3841 905 3941 punctatores,
940 3841 992 3912 ut
1024 3825 1226 3914 absentes
1259 3827 1522 3916 mulctarent
1555 3827 1609 3916 ad
1636 3857 1833 3916 normam
1858 3823 2100 3916 concilieris

607 3945 781 4034 ‘decreti
821 3985 837 4022 ι
876 3945 1196 4036 distributiones
1226 3983 1341 4049 uero,
1373 3952 1446 4069 qui
1479 3951 1597 4039 statis
1651 3949 1768 4037 baris
1805 3947 2093 4068 interfuerint,

606 4069 841 4184 recipiant:
869 4066 1048 4187 reliqui,
1091 4075 1238 4188 qurum's
1277 4073 1503 4162 collusione
1542 4090 1615 4161 aut
1659 4075 1899 4161 ramanae
1935 4067 2101 4158 exclusae

615 4189 896 4292 hireneum,
931 4235 945 4270 n
986 4193 1066 4283 boc
1101 4210 1247 4284 tamen
1292 4197 1617 4318 praeterbabita
1652 4197 1865 4301 remedio,
1903 4222 2101 4313 progres-

607 4336 684 4402 sus
719 4331 783 4403 est
815 4315 873 4404 ¹ad
905 4320 1255 4436 susprcusionem.
1294 4319 1626 4441 Magisquidem
1652 4339 1993 4408 cousentaneum
2019 4313 2100 4403 iuri

609 4436 750 4526 luisse
778 4439 976 4546 uidetur,
1013 4442 1131 4562 quod
1166 4461 1446 4562 punctatores
1480 4445 1579 4532 huic
1617 4467 1788 4560 'poenae
1826 4441 2106 4532 submitteret

612 4575 663 4648 ut
694 4588 776 4679 per
818 4563 1025 4654 mulctam
1079 4598 1101 4654 a
1141 4567 1235 4656 iure
1267 4568 1568 4685 praestitutam
1612 4567 1883 4657 ordinarium
1939 4561 2110 4686 experi-

616 4701 740 4770 retur
773 4687 1038 4791 remedium‚
1087 4713 1221 4809 quam
1269 4693 1387 4778 illam
1436 4692 1683 4809 imponeret
1719 4688 1970 4794 Canonicis,
2029 4687 2105 4805 qui

622 4821 711 4892 tum
748 4809 994 4898 luumtoris
1027 4810 1300 4931 'dispositioni
1333 4831 1424 4904 tum
1470 4816 1795 4920 consuetudini,
1853 4845 1930 4905 ceu
1978 4841 2103 4929 repu-

622 4942 732 5031 tant,
773 4933 927 5038 innixi,
968 4933 1009 5020 in
1043 4936 1168 5054 quasi
1213 4939 1482 5053 possessione
1516 4938 1622 5027 iuris
1675 4967 1768 5029 esse
1811 4939 2100 5034 arbitrantur,

623 5051 713 5138 imo
740 5055 878 5142 stiam
914 5063 1119 5175 propriae
1156 5061 1414 5180 obligationi
1446 5061 1691 5152 satisfacere
1724 5077 1955 5152 autumant
2007 5085 2107 5144 con·

616 5164 829 5290 laesiones
863 5177 1060 5270 bdelium
1090 5183 1226 5272 edam
1250 5183 1521 5305 perdurante
1544 5185 1695 5275 diuino
1715 5185 1863 5276 allicio
1884 5181 2106 5303 excipien-

623 5297 699 5385 do.
746 5303 841 5390 Non
893 5305 1016 5392 euim
1069 5303 1381 5398 irrationabilis
1434 5311 1518 5397 sub
1566 5311 1647 5400 hoc
1691 5325 1888 5430 respectu
1936 5301 2103 5398 censeri

622 5433 766 5536 potest
788 5425 1108 5517 Canonieorum
1142 5431 1339 5549 quercla,
1366 5433 1484 5549 quod
1518 5435 1704 5550 graviori
1728 5466 1872 5556 poerm
1906 5431 1992 5521 siut
2027 5424 2106 5545 ipsi

622 5545 824 5635 mutuari
853 5551 966 5638 dum
1002 5575 1124 5640 sacro
1156 5544 1400 5641 munisterio
1427 5569 1605 5662 namot,
1632 5585 1739 5676 prae
1776 5547 2106 5648 ittismaaoniais
