4530 6336
710 351 793 439 Die
824 351 885 440 26
918 349 1024 438 Iulii
1058 349 1194 440 tatu.
1608 349 1701 440 365

330 473 525 568 Constito
565 503 669 562 vero
715 505 770 561 ex
812 473 906 562 iure
953 487 1047 561 tum
1089 473 1294 592 antiqno,
1335 487 1429 560 tum
1466 471 1702 562 novissimo

207 615 339 718 atque
373 627 428 686 ex
459 595 678 686 constanti
711 598 764 684 ll.
802 595 848 687 S.
875 598 925 689 C.
964 595 1087 713 praxi
1123 594 1243 714 quod
1278 595 1431 682 unicus
1481 623 1574 702 esse
1624 593 1702 686 de-

206 723 312 810 beat
344 720 389 808 in
423 718 577 838 quavis
602 718 802 836 paroecia
837 718 1087 808 animarum
1113 727 1276 837 pastor,
1294 718 1507 836 quodque
1541 717 1699 838 reliqui
1744 811 1746 816 ,

212 859 533 962 cooperatores,
565 839 600 932 si
634 843 710 960 qni
744 841 918 946 adsunt,
937 840 1243 958 dependenter
1264 842 1320 929 ah
1352 870 1405 930 eo
1441 839 1699 950 iurisdictio·¹

212 995 313 1071 uem
346 964 643 1085 parochialem
666 995 873 1056 exercerc
896 978 1144 1066 teneantur,
1167 993 1280 1082 quae
1310 961 1470 1052 Vicarii
1504 964 1701 1052 secundo

210 1092 307 1180 locu
327 1105 581 1208 congerunt
619 1087 732 1176 circa
767 1089 959 1176 nativam
983 1103 1027 1174 ot
1056 1085 1432 1204 independentem
1466 1083 1705 1174 adsisteudi

213 1211 510 1302 matrimoniis
543 1226 799 1328 potestatem
836 1211 950 1300 mole
999 1241 1076 1298 sua
1123 1237 1248 1299 ruere
1281 1206 1520 1298 contendit.
1558 1207 1708 1296 Nemi·

211 1365 316 1424 nem
349 1335 467 1424 enim
504 1333 614 1452 lugit
634 1365 687 1422 ex
704 1333 952 1422 Tridentini
971 1330 1257 1448 dispositione
1281 1329 1326 1420 in
1349 1363 1444 1418 sess.
1481 1329 1542 1416 et
1565 1331 1697 1446 cap.l

211 1455 262 1548 de
294 1459 472 1579 reform.
510 1472 637 1544 rnotr.
687 1457 829 1544 solum
864 1455 1143 1554 Perochum,
1181 1471 1256 1543 aut
1287 1454 1345 1544 ah
1380 1455 1472 1570 ipso
1505 1453 1707 1568 speciali-

211 1598 276 1670 ter
308 1579 559 1698 delegatum
596 1579 740 1668 valide
774 1609 823 1668 ac
856 1577 1050 1696 legitime
1098 1575 1368 1665 matrimonii
1413 1573 1709 1664 celebrationi

211 1703 424 1794 adsistere
443 1731 587 1820 posse.
609 1701 733 1790 Unde
758 1719 822 1790 est
845 1703 965 1822 quod
987 1701 1080 1788 iure
1099 1699 1363 1818 meritoque,
1397 1729 1478 1786 ceu
1504 1697 1583 1814 ipsi
1613 1699 1699 1786 ad-

212 1824 392 1916 versarii
410 1821 617 1928 latentur,
636 1825 679 1912 in
693 1825 961 1943 quibusdam
974 1821 1364 1912 collationisliteris
1389 1837 1542 1937 aperte
1562 1819 1705 1937 perle-

210 1949 327 2070 gitur
344 1947 596 2038 facultatem
617 1948 749 2036 trihui
766 1948 947 2037 Vicariis
965 1946 1253 2036 matrimoniis
1271 1941 1509 2036 adsistendi
1524 1959 1704 2059 acceptu

211 2071 332 2190 prius
365 2069 422 2159 ab
440 2070 837 2190 Archiprcsbytero
857 2070 1151 2190 delegatione
1173 2085 1217 2157 et
1243 2070 1324 2158 hoc
1359 2067 1520 2156 lactum
1543 2063 1704 2156 confir-

209 2209 317 2298 mat,
333 2222 435 2282 cum
456 2192 501 2282 in
521 2193 843 2311 parochialibus
859 2193 1081 2284 codicibus
1100 2193 1154 2283 ad
1172 2190 1450 2280 matrimonia
1471 2187 1707 2305 spectanti-

134 2342 143 2352 ’
216 2319 300 2406 hus
333 2315 376 2406 in
412 2345 619 2433 praescus
639 2317 774 2404 etiam
794 2317 953 2406 Vicarii
980 2317 1162 2404 Parochi
1193 2313 1546 2433 obsignationem
1577 2342 1705 2400 suam

214 2455 437 2560 apponant
455 2437 572 2527 hisce
588 2439 732 2527 verbis
755 2457 1012 2556 conceptam
1041 2479 1058 2516 ι
1088 2437 1276 2556 delepcto
1296 2432 1634 2550 dull'Arcr'prete
1658 2475 1697 2524 ι.

336 2563 461 2674 Quae
494 2591 593 2648 cum
628 2563 686 2650 ita
720 2563 823 2664 sint,
862 2565 919 2652 ah
954 2565 1036 2650 EE.
1075 2563 1170 2652 VV.
1223 2559 1495 2650 humanitate
1544 2557 1702 2646 Archi-

211 2684 442 2804 preshyter
473 2685 679 2802 pustulat,
720 2687 842 2773 utin
886 2714 1064 2774 suorum
1121 2685 1282 2773 iurium
1333 2711 1527 2800 suaeque
1579 2680 1706 2773 iuris·

215 2805 421 2898 dictionis
453 2807 725 2928 possessione
759 2825 1110 2897 manuteneatur:
1149 2809 1228 2898 hoc
1261 2805 1482 2925 siquidem
1538 2802 1705 2896 nedum

215 2929 433 3050 optimum
468 2929 551 3032 ine,
590 2931 913 3020 verumetiam
950 2962 1104 3050 pacem
1154 2948 1199 3018 et
1244 2927 1522 3019 concordiam
1572 2927 1706 3016 recla-

211 3083 335 3142 mare
369 3067 584 3152 autumat,
623 3052 782 3172 deque
807 3070 953 3142 actum
972 3071 1098 3158 esset,
1126 3054 1161 3142 si
1186 3053 1344 3142 Vicarii
1366 3053 1421 3141 ad
1445 3049 1708 3168 parochialia

212 3173 365 3265 munia
397 3175 444 3262 in
479 3175 669 3264 solidum
703 3177 949 3266 exercenda
983 3178 1130 3266 denuo
1153 3175 1514 3266 immitterentur.
1551 3173 1707 3265 Archi-

163 3327 164 3331 ‘
211 3296 462 3418 presbyteri
496 3328 602 3386 vero
626 3329 775 3415 preces
796 3299 1032 3417 Episcopus
1055 3316 1159 3389 roto
1182 3317 1226 3388 et
1248 3298 1454 3416 suffragio
1485 3323 1564 3384 suo
1588 3295 1707 3384 hisce

214 3419 362 3508 verbis
394 3421 677 3510 commendat
701 3439 832 3542 atque
855 3425 1123 3512 corroborat.
1153 3421 1426 3510 Considerate
1449 3435 1549 3508 tutte
1572 3436 1706 3536 queste

213 3573 303 3630 cose
335 3541 387 3630 ed
419 3541 544 3641 ultre,
582 3543 653 3633 che
688 3545 731 3630 lu
761 3545 890 3634 Sacra
915 3543 1255 3663 Gonprepozr‘orro
1275 3541 1574 3661 comprenderd
1592 3541 1709 3633 uella

211 3697 288 3753 sua
320 3665 520 3782 supieuzu
552 3697 620 3754 eso
650 3698 914 3783 proporree
955 3699 1138 3786 prepare
1185 3665 1359 3792 uffiuclrd
1407 3663 1566 3754 urendo
1615 3696 1708 3752 essu

213 3783 329 3876 delle
360 3820 436 3876 suu
468 3789 671 3908 outorr'tci,
709 3793 802 3878 seui
833 3792 898 3878 eid
931 3790 1002 3880 che
1033 3794 1148 3913 surse
1180 3793 1225 3879 iu
1258 3791 1423 3909 eripior
1455 3820 1536 3876 nou
1557 3787 1608 3909 fu
1641 3819 1705 3876 cu.-

213 3912 362 4000 uoar'eo
395 3945 415 4000 e
448 3909 639 4000 dt'chiarr‘
669 3945 750 4000 uuo
781 3913 870 4000 solo
903 3946 1031 4004 essere
1064 3915 1100 4002 it
1133 3915 1339 4014 Porruco,
1378 3947 1401 4002 o
1434 3911 1594 4000 almerae
1611 3943 1711 4028 pre·

209 4037 353 4122 serica
386 4033 457 4122 che
491 4035 528 4122 le
560 4067 648 4124 cose
679 4038 921 4126 contiuur'reo
954 4071 1064 4128 come
1097 4057 1243 4128 stanno
1277 4039 1323 4126 ol
1352 4050 1555 4154 presente.

248 4277 256 4296 ι
340 4156 530 4246 Videant
562 4189 664 4278 ergo
699 4163 784 4248 ΕΕ.
807 4162 901 4250 VV.
937 4191 1132 4280 quonam
1158 4191 1367 4280 responso
1391 4157 1705 4250 dimittendum

222 4293 278 4364 srt
310 4307 496 4398 sequens
1231 4309 1232 4314 ‘

854 4409 1073 4500 DUBlUlll

341 4639 414 4732 Aa
445 4639 799 4766 Archr‘preshyter
847 4669 885 4740 et
934 4669 1015 4740 tres
1065 4653 1111 4745 V
1111 4655 1239 4740 icurii
1288 4652 1454 4770 aequali
1496 4643 1618 4736 modo
1635 4676 1709 4730 cu·

217 4798 310 4854 rem
364 4783 404 4856 et
451 4768 783 4860 iurisdietionem
816 4807 1003 4864 exercere
1058 4775 1230 4866 debeant
1270 4778 1396 4864 etiam
1429 4769 1568 4892 quoad
1616 4795 1706 4854 rne-

211 4890 433 5032 trimour‘q;
467 4923 535 4978 reu
565 4895 706 5010 potius
741 4897 1116 5017 Archipreshytero
1151 4915 1309 4989 tuntum
1342 4897 1549 4986 exclusive
1593 4921 1707 4980 com-

210 5029 359 5130 petunt
390 5046 435 5102 tu
468 5046 579 5104 cusu.

337 5255 550 5377 Negative
584 5261 627 5348 in
661 5261 871 5352 omnihus
903 5265 961 5355 ad
991 5265 1182 5384 primam
1216 5281 1406 5384 partem,
1444 5260 1706 5355 affirmative

217 5378 275 5504 ad
306 5382 563 5488 secundam3
603 5381 761 5508 llicerii
796 5387 1046 5477 antemius
1094 5390 1258 5480 habeut
1299 5406 1345 5480 et
1387 5387 1705 5510 obligationem

216 5534 365 5596 curam
395 5505 650 5596 'animarum
682 5508 991 5600 subsidiariam
1026 5511 1277 5622 exercendi.
