4460 6332
702 331 787 418 Die
817 331 879 420 23
909 331 1096 448 Aapusli
1129 338 1148 422 l
1158 334 1268 424 879.
1632 336 1726 428 439
1915 332 1920 351 ⁸

362 454 654 574 llisce'igitur
698 455 909 574 utrinque
940 456 1136 548 breviter
1169 455 1485 548 animadversis
1518 479 1728 580 rogantur

219 586 321 698 BE.
360 585 444 670 PP.
482 608 673 698 sequens
708 578 920 668 dirimere

892 825 1112 916 nuatum

362 1075 431 1160 Aa
464 1071 694 1160 Licentiati
725 1069 898 1158 admitti
928 1069 1095 1161 valcant
1126 1073 1186 1164 ad
1206 1075 1499 1193 assequendam
1516 1105 1594 1191 par
1627 1107 1724 1164 con·

236 1224 398 1286 curram
433 1192 722 1310 Maqistralam
752 1210 792 1282 et
825 1193 1089 1282 Doctoralam
1119 1198 1400 1312 praebendam
1435 1199 1480 1285 ia
1511 1229 1624 1286 cara.

208 1579 209 1582 κ
360 1529 516 1642 Quoad
550 1527 746 1616 luturum
782 1523 1041 1618 affirmative
1074 1528 1185 1620 lacto
1221 1531 1358 1620 verbo
1392 1562 1492 1622 cum
1533 1530 1688 1622 SSriro.

368 1869 442 2074 Α
454 1985 700 2074 Lll’llANA
735 1985 1012 2075 OPTlONlS.
1048 2029 1079 2061 =
1113 1988 1297 2106 Roganti
1323 1986 1427 2075 mihi
1452 1990 1496 2076 in
1534 1987 1728 2106 generali
1760 1980 1871 2074 Sera.
1894 1981 1957 2071 24
1979 1981 2156 2100 cop.l2

238 2123 455 2197 conventu
479 2106 566 2195 diei
600 2105 661 2195 26
683 2107 844 2224 Aprilis
869 2107 1085 2198 volventis
1107 2110 1209 2198 anni
1236 2149 1253 2188 ι
1282 2111 1354 2197 Aa
1381 2127 1419 2198 et
1444 2113 1564 2199 cuias
1585 2111 1733 2231 sanam
1765 2105 1818 2194 da
1848 2104 2048 2229 Reform.

238 2232 293 2319 sit
328 2230 438 2317 locas
483 2231 651 2347 optioni
678 2232 723 2317 ia
750 2262 844 2318 cara
883 2271 901 2311 ι
939 2233 1024 2318 EE.
1061 2231 1155 2320 VV.
1192 2233 1434 2322 rescribere
1466 2249 1731 2324 censuerunt

244 2395 260 2433 ι
284 2347 437 2442 Dilata
459 2369 497 2441 et
529 2352 587 2440 ad
617 2369 787 2462 meatem
817 2395 857 2442 ι.
880 2357 998 2443 Mens
1022 2369 1170 2443 autern
1189 2355 1269 2444 luit
1288 2373 1334 2444 ut
1354 2355 1619 2447 scriberetur
1635 2358 1732 2475 Epi·

238 2507 369 2594 scopo
391 2476 467 2596 qui
490 2515 507 2554 ι
533 2475 779 2564 transmissa
814 2477 962 2566 notula
997 2477 1221 2566 redituum
1255 2497 1298 2566 et
1320 2510 1503 2568 onerum
1538 2480 1731 2598 singulo-

244 2641 261 2678 ι
301 2630 400 2688 rum
421 2597 778 2716 praebendarum
802 2599 979 2703 referat,
1016 2631 1071 2687 an
1097 2633 1260 2690 munus
1276 2601 1486 2720 Theologi
1505 2633 1555 2691 ac
1578 2601 1729 2692 Poeni·

244 2761 262 2801 ι
302 2721 490 2811 tentiarii
515 2737 730 2842 perpetuo
749 2721 970 2811 adnexum
988 2719 1120 2812 luerit
1139 2725 1433 2842 peculiaribus
1447 2726 1727 2844 praebendis,

242 2845 260 2926 ι’
300 2873 466 2964 eaeque
490 2845 657 2933 censeri
700 2843 895 2933 debeant
928 2845 1110 2934 relative
1144 2877 1392 2965 congruae,
1431 2866 1474 2936 et
1505 2848 1731 2968 quomodo

243 3005 262 3048 ι
304 2967 644 3086 intelligendum
679 2965 733 3055 sit
767 2967 993 3056 decretum
1029 2969 1283 3088 Episcopale
1315 2969 1404 3060 diei
1427 2975 1455 3060 7
1480 2975 1587 3060 Dec.
1611 2968 1732 3060 t839

244 3125 262 3170 a
302 3089 426 3208 quad
459 3091 503 3176 in
542 3090 684 3208 prima
727 3107 869 3206 parte.
889 3089 1024 3178 ctiam
1051 3091 1277 3210 Theologo
1310 3111 1354 3182 et
1385 3091 1729 3184 Paenitentiario

245 3249 265 3290 ι
306 3214 372 3302 ius
407 3211 561 3301 tribuit
594 3209 776 3330 optandi
827 3213 1050 3330 portiones
1095 3214 1372 3305 canonicales
1413 3233 1648 3322 vacantes,
1686 3216 1732 3302 in

246 3337 267 3414 ι’
304 3335 443 3424 altera
478 3365 580 3424 vero
624 3354 748 3452 parte
794 3337 1017 3454 portiones
1063 3337 1273 3456 Theologi
1306 3368 1358 3429 ac
1400 3337 1731 3431 poenitentiarii

246 3497 276 3539 c.
302 3459 363 3546 ab
393 3458 574 3575 optione
608 3457 867 3547 excludit».
1814 3548 1818 3556 ,

365 3581 583 3671 Mandatis
615 3583 668 3668 ll.
707 3582 753 3672 S.
790 3581 844 3670 Ο.
883 3580 1171 3672 libentissime
1203 3583 1453 3707 obsequens
1492 3585 1730 3704 Episcopus

239 3705 313 3797 die
345 3705 407 3792 23
442 3703 540 3790 lolii
574 3735 678 3792 mox
711 3705 847 3822 elapsi
881 3703 1046 3795 litteras
1080 3707 1196 3796 misit
1230 3707 1274 3795 in
1306 3709 1663 3828 quibusexhibet
1687 3708 1730 3794 in

54 3845 56 3850 '
241 3826 396 3947 primis
431 3827 627 3916 notulam
664 3827 887 3918 redituum
923 3841 967 3914 et
999 3859 1184 3916 onerum
1218 3830 1489 3948 singularum
1513 3833 1729 3951 praeben·

131 4018 135 4027 -
240 3953 398 4043 darum
449 3965 545 4067 post
594 3950 889 4039 conversionis
934 3949 1093 4068 legem.
1145 3953 1207 4040 Ex
1252 3983 1302 4042 ea
1351 3955 1562 4044 resultat:
1608 3953 1733 4044 redi-

244 4091 336 4163 tum
362 4073 554 4162 liberum
588 4073 799 4192 cuiusque
832 4073 1114 4190 praebendae
1148 4105 1257 4182 esse3
1279 4107 1358 4194 pro
1378 4076 1730 4166 Archidiaconali
1838 4185 1841 4193 Ι

244 4196 1025 4302 1..t457;primiceria15862:9t;
1079 4199 1236 4287 Curata
1282 4201 1490 4306 9922253
1543 4200 1731 4288 Theolo-
1842 4207 1844 4210 ’

241 4319 326 4442 gali
344 4319 454 4406 859:
470 4319 547 4406 53.
566 4321 678 4407 ltem
703 4317 831 4409 addit
868 4319 1170 4436 praebendam
1197 4323 1584 4412 Paenitentiariam
1611 4327 1728 4440 quae
1952 4321 1960 4340 '

245 4439 532 4564 possidetura
551 4443 772 4531 Canonico
787 4441 1127 4530 Paenitentiario
1141 4445 1359 4550 Carbone,
1376 4475 1544 4534 necnon
1558 4463 1728 4533 sextam
1851 4497 1853 4503 ,

242 4564 547 4686 praebendam
581 4564 888 4654 Canonicalem
922 4597 1037 4684 quac
1073 4567 1319 4684 possidetur
1351 4599 1376 4656 a
1409 4569 1629 4658 Canonico
1651 4571 1731 4656 Pa-

244 4703 368 4777 terno
402 4685 564 4774 babere
613 4686 807 4776 reditum
855 4687 1044 4776 liberum
1094 4692 1144 4778 L.
1183 4691 1320 4780 t653:
1357 4693 1435 4780 28.
1485 4693 1729 4810 Septimam

242 4809 553 4900 Praebendam
587 4810 892 4900 Canonicalem
927 4843 1039 4932 qnae
1059 4813 1302 4930 possidetur
1345 4816 1614 4905 aCanonica
1631 4815 1733 4902 For·

243 4933 361 5028 rucei
395 4948 440 5020 et
472 4949 674 5022 octavam
722 4965 836 5052 quae
883 4935 1190 5053 possidebatur
1223 4970 1247 5024 a
1281 4938 1501 5027 Canonico
1540 4937 1733 5052 Vessella
1845 4949 1848 4962 ¹

241 5059 292 5149 b.
330 5085 392 5142 m.
430 5055 595 5144 babere
628 5055 825 5146 reditum
862 5057 1052 5146 liberum
1087 5059 1135 5146 L.
1158 5061 1296 5148 4886:
1317 5061 1395 5148 ltO.
1417 5063 1585 5150 Nonam
1605 5058 1733 5176 prae·

242 5178 439 5272 bendam
484 5179 778 5268 canonicalem
827 5211 940 5298 quae
988 5181 1235 5298 possidetur
1280 5184 1570 5286 a'Canonico
1604 5185 1734 5272 Prota

245 5303 411 5396 babere
444 5301 637 5391 reditum
673 5302 863 5391 liberum
898 5305 948 5390 L.
986 5303 1483 5394 momentanearum
1517 5305 1734 5422 praeben·

244 5429 350 5520 dam
381 5423 682 5515 canonicalem
716 5455 829 5545 quae
863 5425 1110 5543 possidetur
1142 5459 1166 5516 a
1200 5427 1416 5518 canonico
1450 5429 1628 5517 Merolla
1652 5428 1725 5516 ba'-

251 5555 363 5644 bere
396 5547 588 5662 reditum
606 5548 797 5640 liberum
820 5551 869 5637 L.
889 5549 999 5638 759.
1018 5551 1094 5639 66.
1116 5549 1404 5640 Undecimum
1438 5567 1483 5644 et
1514 5549 1733 5694 duodeci·-
