4558 6340
745 409 827 496 Die
858 408 909 497 21
951 407 1069 496 lunii
1103 409 1239 498 t879.
1643 411 1725 501 271
1842 493 1844 497 .

376 665 843 870 hletuvt'rltta
882 780 1053 870 lURlS
1091 779 1519 868 lNSTlTUENDl.
1554 823 1585 855 =
1621 781 1730 868 Ulti-
1760 779 1867 868 Scss.
1907 779 1969 869 22
2002 815 2099 905 cup.
2134 787 2166 876 2

245 902 329 990 mis
381 900 541 1017 quihus
583 901 768 990 decessit
813 904 974 991 tabulis
1017 901 1178 990 nobilis
1226 915 1270 988 et
1323 901 1515 1019 piissima
1572 903 1731 992 mulier
1765 903 2026 1024 dellesorm.

247 1024 477 1114 Smeralda
519 1025 712 1126 Bordino
744 1027 924 1113 Antonii
959 1024 1144 1142 Vagnoli
1186 1055 1294 1111 uxor
1326 1025 1408 1112 sub
1441 1024 1516 1113 die
1549 1027 1608 1114 23
1642 1029 1734 1114 Au·

246 1148 358 1266 gusti
393 1147 542 1250 tusa,
586 1148 735 1236 dotem
775 1146 980 1236 beneficii
1030 1149 1393 1264 iurispatronatus
1437 1147 1599 1236 laicalis
1647 1149 1735 1236 iam

247 1270 377 1358 erecti
410 1269 454 1355 in
488 1270 645 1358 sacello
678 1271 763 1358 sub
796 1271 921 1358 titulo
970 1271 1047 1360 SS.
1089 1269 1448 1358 Annuntiationis
1482 1271 1523 1357 in
1558 1271 1733 1360 Melevi-

248 1407 349 1480 tana
386 1393 572 1481 Ecclesia
601 1393 857 1483 ‘Cathedrali
892 1392 1109 1497 existenti,
1157 1391 1278 1480 auxit
1322 1423 1519 1514 onusque
1562 1394 1733 1482 Rectori

247 1515 460 1632 imposuit
491 1515 674 1632 qualibet
717 1514 975 1604 hebdomada
997 1548 1141 1602 canere
1176 1515 1401 1602 Missurum
1436 1517 1638 1602 solemnia
1671 1516 1734 1602 his

249 1639 295 1724 in
328 1636 588 1726 hebdomada
620 1637 669 1725 ob
701 1640 981 1726 remissionem
1005 1669 1172 1726 suorum
1210 1707 1220 1725 .
1263 1705 1272 1723 .
1316 1704 1325 1723 .
1368 1705 1377 1724 .
1415 1637 1459 1723 in
1492 1638 1629 1726 altare
1662 1669 1733 1726 suo
1820 1683 1826 1694 ·

243 1759 464 1878 praedicto
501 1826 511 1847 .
554 1829 563 1847 .
605 1828 615 1849 .
653 1763 763 1848 ltem
806 1761 1041 1866 constituit,
1082 1778 1128 1848 ut
1161 1757 1371 1878 quoddam
1406 1762 1565 1876 petiam
1601 1778 1736 1848 terrae

247 1885 333 1970 sice
364 1881 588 1998 praedium
631 1885 754 1970 situm
792 1900 830 1971 et
866 1884 1052 1998 positum
1091 1884 1135 1970 iu
1170 1880 1733 1972 insulaGaudisiivocutum

206 2077 210 2084 .
246 2054 276 2070 -
296 2006 447 2094 Cortin
473 2007 627 2093 Herrin
651 2037 780 2122 -per
805 2007 935 2122 ipsius
961 2005 1194 2096 haeredem
1222 2005 1402 2094 daretur
1419 2005 1594 2094 duobus
1614 2038 1733 2124 pres·

247 2127 414 2244 hyteris
444 2129 520 2215 uni
554 2128 605 2215 de
637 2127 869 2227 Gaudisio,
915 2145 952 2215 et
999 2129 1127 2216 ulturi
1172 2128 1381 2215 Melr'tensi
1413 2127 1464 2215 de
1496 2131 1736 2244 coporomiuc

249 2251 440 2337 Bordino
478 2317 489 2338 .
530 2318 540 2339 .
581 2319 591 2338 .
628 2283 727 2338 cum
761 2251 1027 2368 obligatione
1061 2253 1297 2370 unicuique
1321 2252 1522 2369 imposita
1546 2251 1733 2340 canendi

248 2372 360 2461 duas
394 2373 539 2460 llissas
574 2374 616 2460 in
652 2374 849 2494 qualibet
882 2371 1156 2472 hebdomada,
1180 2375 1254 2462 uhi
1275 2374 1387 2460 idem
1421 2373 1562 2461 haeres
1595 2375 1735 2461 uolue-

250 2497 325 2583 rit.
363 2495 529 2584 Pariter
575 2496 730 2611 lepuuit
780 2499 839 2585 oh
886 2499 1186 2585 remissionem
1227 2529 1409 2586 suorum
1455 2515 1735 2616 peccatorum
1826 2507 1828 2512 ’

249 2617 380 2704 uliam
414 2617 671 2706 medietatem
704 2635 841 2707 terrae
888 2634 1160 2738 nuncupatae
1202 2621 1263 2707 De
1298 2619 1340 2707 la
1380 2621 1525 2736 Vipnu
1558 2619 1734 2708 cuidam

248 2741 474 2830 Sacerdoti
499 2741 555 2829 ad
579 2743 780 2831 haeredis
812 2743 1157 2859 beneplacitum,
1185 2775 1274 2828 utrm
1309 2775 1430 2831 onere
1461 2743 1571 2859 quod
1605 2759 1735 2830 teneu-

251 2879 318 2950 tur
352 2863 571 2951 accendere
603 2865 856 2981 Lampadem
889 2865 934 2952 S.
962 2865 1126 2953 Mariae
1153 2867 1212 2952 Tu
1231 2865 1403 2980 Dihiepi
1435 2867 1505 2952 sit.
1542 2882 1580 2952 et
1598 2867 1729 2981 posit.

250 2987 294 3072 iu
334 2987 474 3073 insula
516 2987 714 3074 Gaudisii
742 3003 874 3105 prout
905 2987 1050 3075 arelius
1092 2992 1224 3076 uisum
1255 2989 1387 3108 suerit
1420 2991 1506 3076 eius
1540 2987 1730 3076 haeredi.

248 3109 448 3197 Tandem
486 3109 640 3224 leuauit
670 3111 719 3198 ob
752 3112 1034 3199 remissionem
1071 3179 1080 3198 .
1123 3180 1133 3199 .
1174 3179 1184 3198 .
1222 3128 1371 3209 terras,
1407 3143 1507 3228 quus
1539 3110 1657 3198 hahet
1690 3113 1735 3200 iu

251 3232 396 3318 Insula
429 3232 628 3320 Guudr‘sii
659 3249 792 3321 uocat.
828 3234 972 3322 Seued.
1001 3233 1111 3350 quod
1133 3235 1209 3354 fiat
1231 3235 1489 3350 auimupium
1512 3252 1550 3321 et
1572 3233 1655 3320 det.
1683 3234 1734 3323 dc

247 3353 469 3443 Sacerdote
503 3357 547 3440 ia
579 3355 838 3444 Sacerdotem
871 3373 909 3443 et
958 3357 1069 3472 prrod
1100 3371 1286 3444 teneatur
1334 3389 1477 3443 cauere
1509 3357 1734 3444 Missurum

250 3478 451 3566 solemnia
485 3478 634 3565 Missus
669 3480 772 3566 daus
807 3481 849 3565 in
884 3479 1343 3595 qualibethehdomudu
1374 3480 1440 3568 cet
1470 3498 1568 3598 quot
1598 3479 1736 3568 uoluit

249 3602 337 3687 eius
369 3599 510 3688 haeres
559 3619 596 3688 et
644 3635 727 3690 sac.
762 3602 989 3689 uoliteriat.

375 3723 637 3812 Animarum
689 3726 814 3814 saluti
861 3724 1130 3842 prospiciens
1164 3727 1262 3814 l‘ius
1311 3727 1373 3812 lX
1420 3725 1493 3813 lel.
1530 3757 1619 3815 rec.
1656 3756 1735 3813 an-

249 3875 306 3932 no
332 3845 452 3934 ‘l86's
486 3848 732 3936 Dioecesim
769 3847 1073 3936 Melevitanam
1109 3847 1152 3934 in
1187 3849 1297 3936 duas
1330 3848 1508 3952 divisit,
1546 3879 1734 3966 ulnarum

248 3966 326 4054 uni
369 3971 600 4087 antiquum
636 3971 764 4060 alteri
796 3983 940 4058 autem
978 3971 1198 4058 Dioecesis
1231 3970 1529 4060 Gautlisiensis
1568 4001 1731 4058 nomon

249 4089 440 4178 inditum
465 4094 544 4180 luit
562 4129 572 4198 ;
596 4125 649 4180 ex
667 4127 754 4213 quo
775 4095 923 4182 evertit
944 4111 988 4178 ut
1008 4096 1131 4210 plura
1154 4095 1269 4181 bona
1287 4125 1311 4180 a
1330 4094 1556 4183 Smeralda
1581 4095 1732 4183 relicta

247 4215 362 4301 inter
379 4209 561 4303 huiusce
580 4217 687 4306 filies
705 4229 876 4334 reperta
895 4217 1321 4304 luerint.Dcmortuo
1344 4234 1388 4303 at
1407 4247 1511 4338 uero
1529 4219 1732 4305 praesule

249 4367 443 4453 nuperae
483 4340 597 4429 sedis
628 4340 1038 4457 Gaudisiensis,qui
1079 4340 1468 4427 administrationis
1504 4341 1626 4426 titulo
1662 4343 1733 4456 pia

250 4459 354 4546 haee
377 4463 523 4548 relicta
549 4465 814 4579 possederat,
843 4464 1036 4550 Vicerius
1054 4461 1523 4581 CapitularisGaudisii
1546 4493 1569 4549 e
1591 4493 1636 4548 re
1658 4494 1734 4550 sua

250 4610 344 4668 esse
365 4585 530 4671 censuit
563 4585 777 4703 deputare
795 4587 1093 4674 Oeconomum
1121 4617 1198 4702 pro
1221 4585 1444 4672 exactione
1477 4583 1732 4671 reddituum

250 4703 486 4795 fundorum
505 4711 784 4797 existentium
810 4710 852 4795 in
873 4709 1047 4825 propria
1067 4707 1279 4810 Dioecesi,
1307 4709 1426 4797 salva
1449 4707 1734 4824 deputatione

248 4828 422 4917 alterius
463 4833 703 4920 Oeconomi
738 4832 1074 4952 archiepiscopo
1120 4831 1376 4919 Melevitano
1410 4861 1489 4946 pro
1506 4829 1735 4919 exactione

252 4949 475 5041 tractuum
512 4985 690 5046 suorum
726 4955 981 5042 lundorum.

375 5083 432 5165 At
482 5079 718 5195 Episcopus
765 5074 1337 5166 Melevitanusbenclieium
1392 5074 1566 5163 unicum
1621 5105 1731 5178 esse,

249 5211 382 5314 atque
399 5229 452 5287 ex
470 5201 638 5320 integro
656 5203 700 5289 in
719 5231 795 5290 suu
814 5199 1009 5287 Dioecesi
1029 5199 1171 5286 adhuc
1185 5199 1321 5286 inesse
1341 5217 1559 5314 reputans,
1581 5195 1736 5286 Adari-

250 5320 545 5428 nistratorem,
584 5343 786 5425 mantea,
809 5321 1038 5438 deputavit
1054 5321 1403 5440 superomnihus
1421 5320 1626 5409 eiusdemx
1640 5321 1735 5406 lun·

255 5443 340 5532 dis.
357 5447 552 5557 Quicum
576 5448 748 5537 desides
767 5451 807 5534 in
823 5447 1040 5535 solutione
1057 5445 1305 5562 reperiisset
1321 5445 1625 5561 emphyteutas
1644 5443 1739 5530 lun-

257 5563 416 5659 dorum
450 5571 661 5677 Gaudisii,
698 5602 772 5661 eos
804 5599 981 5690 quoque
1014 5569 1174 5658 iudicio
1210 5569 1387 5658 vadavit
1403 5597 1552 5657 coram
1568 5567 1739 5654 Tribu-
