4460 6332
720 278 801 368 Dic
831 278 893 368 23
923 275 1110 394 Aequsti
1141 276 1281 370 1879.
1651 279 1747 378 389

252 399 644 516 l’crpropriazs'onc,
680 401 780 490 tutti
813 402 830 488 i
863 400 1011 490 diritti
1042 400 1250 492 onzidctti
1287 405 1326 490 si
1358 433 1534 516 persono
1566 404 1643 524 [ar
1672 439 1745 499 aa·

254 522 338 610 lcrc
369 555 449 610 non
478 525 561 639 piis
588 522 654 611 aul
685 523 818 645 fondo
850 526 1115 641 spropcioto,
1150 557 1221 612 rae
1253 523 1587 616 sull'indcnnitd
1606 529 1680 622 cltc
1703 533 1744 622 lo

234 663 524 762 suppressam
562 690 602 734 ι.
637 647 725 738 Sed
759 676 987 736 erroneam
1023 647 1068 732 in
1102 677 1202 735 casu
1227 647 1558 740 affirmationem
1583 653 1658 739 ait.
1680 653 1742 742 Ex

228 767 355 884 ¹ipsis
387 769 503 856 enim
538 770 646 888 legis
679 770 825 856 verbis
864 810 880 846 ι
916 770 1198 884 pronunciata
1233 769 1611 885 l'espropriozioac
1647 814 1665 855 ι
1697 776 1743 864 id

252 920 466 1008 apparere
498 892 726 982 contendit
760 908 808 978 ut
841 890 1058 980 eiusmodi
1091 891 1271 982 ellectus
1290 894 1413 1010 sequi
1438 894 1602 983 debeat
1620 916 1770 1015 post,

253 1043 304 1100 ac
333 1028 513 1132 propter
551 1012 860 1133 publicationis
904 1013 1132 1102 decretum
1165 1013 1286 1133 quod
1332 1046 1560 1134 nunquam
1595 1019 1739 1108 adluit

252 1135 296 1222 in
329 1166 449 1224 casu.
472 1139 616 1254 Atque
635 1137 741 1224 baec
763 1150 812 1223 ut
832 1137 1083 1226 evidentius
1106 1137 1325 1238 ostendat,
1352 1138 1576 1256 quomodo
1599 1171 1647 1229 sc
1668 1172 1736 1230 res

251 1261 447 1376 gesserit,
484 1290 539 1348 ex
573 1257 857 1347 Bononiensis
889 1259 1046 1350 Curiae
1079 1273 1200 1365 voto,
1237 1259 1365 1348 brevi
1388 1261 1540 1350 relert.
1574 1261 1740 1352 Prodiit

251 1380 478 1499 lllunicipii
510 1383 756 1471 consultum
788 1381 844 1470 de
878 1382 950 1470 via
982 1381 1272 1497 amplianda,
1312 1383 1371 1468 ita
1421 1400 1467 1470 ut
1499 1384 1663 1472 domus
1692 1404 1736 1474 et

252 1504 441 1592 Ecclesia
463 1535 518 1594 cx
551 1523 676 1621 parte
709 1503 1089 1594 abscinderentur.
1119 1507 1232 1592 Tum
1259 1505 1584 1609 marchionissa,
1608 1537 1737 1622 nego·

250 1625 317 1714 cio
350 1625 598 1716 clanculum
634 1659 734 1716 cnm
783 1627 1020 1745 llunicipio
1068 1628 1329 1748 composito,
1363 1659 1442 1742 per
1474 1661 1514 1714 sc
1547 1659 1733 1722 manum

250 1750 375 1866 operi
409 1750 621 1854 admovit,
659 1769 702 1838 et
735 1751 844 1866 ipsa,
882 1749 1028 1866 pretio
1058 1769 1252 1867 accepto,
1274 1749 1619 1838 destructionem
1645 1781 1740 1865 per·

110 1955 113 1959 ,
250 1869 366 1959 lecit.
404 1873 491 1964 Sed
524 1903 637 1990 quae
669 1874 809 1962 civilis
843 1872 933 1989 ipsa
968 1871 1037 1958 lex
1071 1903 1274 1988 expresse
1304 1872 1486 1990 requirit
1513 1889 1560 1961 ut
1587 1874 1735 1963 omnia

251 1994 334 2080 rite
366 1995 676 2112 procederent,
713 1994 893 2083 omnino
925 1992 1122 2084 deluere.
1153 1997 1288 2083 lllulta
1311 1996 1430 2084 baec
1462 2012 1563 2083 sunt
1585 1995 1643 2083 de
1665 2027 1738 2084 ex-

252 2119 417 2233 pensis,
455 2118 511 2206 de
542 2118 884 2220 existimatione,
922 2115 978 2206 de
999 2117 1103 2205 actis
1120 2117 1415 2220 absolvendis,
1443 2149 1492 2206 ac
1521 2148 1625 2236 pree
1643 2147 1740 2204 cae·

250 2239 356 2326 teris
389 2240 755 2357 expropriationis
788 2239 1017 2328 decretum
1054 2281 1072 2319 ι
1112 2241 1153 2326 ll
1176 2239 1364 2359 Prosctto
1402 2307 1412 2326 .
1453 2306 1463 2325 .
1506 2307 1516 2327 .
1546 2269 1735 2355 pronun·

250 2361 317 2447 cia
366 2361 742 2478 l'esproprc‘ozione
793 2360 846 2450 cd
886 2363 1108 2450 outorc'zzo
1144 2363 1450 2477 l'occupazionc
1482 2361 1551 2448 dci
1586 2361 1678 2448 beni
1708 2402 1727 2441 ι

253 2480 285 2570 l.
322 2485 395 2571 cit.
432 2501 516 2572 ort.
554 2487 721 2575 31-48.
759 2483 886 2572 Unde
919 2483 1140 2582 concludit
1173 2486 1442 2588 sodalitium,
1481 2515 1567 2572 non
1591 2513 1738 2572 serva·

255 2603 307 2693 tis
339 2639 393 2694 ex
426 2606 522 2726 lege
554 2608 795 2711 servandis,
833 2638 884 2694 ac
923 2638 1042 2694 «noa
1072 2609 1356 2724 pronunciata
1393 2607 1737 2722 l’ccpropriozio·

254 2757 305 2814 nc
342 2769 380 2827 ι,
420 2732 514 2818 iure
545 2762 624 2821 suo
656 2761 789 2848 super
821 2729 1009 2818 Ecclesia
1058 2761 1145 2818 non
1195 2731 1425 2819 decidisse.
1463 2731 1616 2847 Neque
1650 2727 1733 2816 mi·

251 2851 439 2940 randum
472 2853 531 2942 ait
564 2857 598 2942 si
635 2855 715 2944 boc
751 2853 999 2970 aquolibet
1030 2871 1129 2942 actu
1178 2853 1409 2954 abstinuit,
1447 2881 1498 2939 ac
1530 2852 1624 2938 iura
1656 2879 1735 2938 sua

252 3001 339 3061 non
374 2975 591 3066 deduxit:
626 2979 732 3095 quia
754 2975 1062 3065 marchionissa
1085 2975 1280 3079 retinuit,
1309 2976 1459 3066 iterata
1489 2971 1740 3093 promissio·

252 3123 310 3182 ne
326 3097 542 3188 Ecclesiae
575 3098 886 3188 instaurandae
918 3128 969 3185 ac
1003 3097 1263 3188 tradendae.

377 3221 472 3308 lmo
505 3251 558 3308 ex
592 3222 672 3310 bac
706 3219 993 3338 promissione
1026 3235 1068 3307 et
1103 3219 1222 3308 lactis
1256 3221 1359 3310 inde
1392 3216 1738 3337 sequutis,con-

253 3351 440 3428 tractum
473 3342 529 3430 do
558 3361 606 3431 ut
636 3343 772 3464 [ocior
803 3371 905 3432 cum
937 3341 1138 3430 sodalitio
1170 3371 1267 3430 eam
1303 3341 1479 3430 inivisse
1512 3338 1732 3442 affirmat,

250 3461 355 3578 quia
389 3463 463 3552 illa
495 3496 543 3554 se
577 3465 908 3555 aedificaturam
943 3465 1207 3582 spopondit:
1242 3463 1493 3553 sodalitium
1517 3493 1623 3550 vero
1647 3459 1738 3550 suis

250 3582 423 3675 iuribus
453 3589 593 3677 cessit.
632 3589 744 3678 Huic
774 3587 906 3706 igitur
939 3588 1156 3676 actionem
1199 3586 1479 3702 praescriptis
1512 3583 1652 3672 uerbis
1681 3611 1736 3670 ex

251 3706 351 3796 iure
380 3709 503 3797 oriri.
540 3714 693 3832 Neque
727 3710 1026 3828 poenitentioe
1070 3711 1139 3799 vel
1189 3709 1373 3798 recessui
1425 3709 1570 3796 locum
1602 3705 1730 3808 lieri,

253 3830 374 3950 quod
408 3833 452 3918 in
487 3833 740 3923 huiusmodi
774 3833 1103 3936 contractibnS,
1140 3831 1263 3919 rebus
1305 3833 1499 3945 intepuit,
1534 3827 1736 3918 concedi-

256 3967 345 4040 tur.
382 3953 533 4044 Altera
567 3957 684 4044 enim
722 3987 822 4073 pars
854 3953 973 4072 quod
1005 3982 1135 4043 suum
1168 3971 1260 4042 erot
1294 3953 1483 4046 fideliter
1515 3947 1733 4069 implevit,

248 4087 297 4160 ut
329 4104 397 4162 res
419 4107 508 4166 non
545 4080 733 4196 amplius
756 4079 953 4193 integrae
976 4077 1061 4164 dici
1086 4093 1282 4193 possunt,
1311 4091 1441 4194 prout
1463 4073 1598 4162 tradit
1624 4069 1672 4164 V
1668 4087 1735 4158 oet

249 4194 309 4282 ad
337 4197 474 4312 pand.
513 4199 587 4288 tit.
626 4201 688 4290 t9
719 4202 787 4289 tit.
823 4199 854 4287 5
886 4231 1001 4286 aum.
1035 4199 1082 4286 2.

377 4323 478 4408 Duo
511 4322 730 4438 igiturex
764 4338 884 4441 gesta
925 4322 1039 4408 inter
1083 4337 1225 4436 partes
1264 4319 1556 4410 conventione
1593 4315 1736 4406 dima-

248 4469 355 4530 nare
388 4441 465 4529 ait.
500 4444 699 4532 Primum
724 4441 929 4564 estquod
961 4442 1216 4532 sodalitium
1239 4439 1497 4559 exprobrari
1519 4469 1607 4528 non
1633 4467 1732 4554 pos·

250 4562 321 4665 sit,
358 4563 392 4651 si
428 4564 520 4654 iura
552 4597 629 4656 sua
662 4567 706 4654 in
740 4565 943 4655 aedilicio
975 4567 1165 4683 experiri
1198 4563 1427 4655 omiserit:
1466 4561 1596 4650 bodie
1631 4589 1735 4646 vero

249 4685 330 4775 rite
361 4715 415 4774 ac
448 4689 605 4777 merito
639 4687 843 4807 experiri,
882 4717 1027 4807 neque
1057 4688 1202 4778 deleta
1236 4687 1361 4776 lundi
1395 4703 1536 4805 parte,
1574 4709 1735 4770 usum-

251 4809 443 4898 lructum
476 4811 725 4900 evanuisse.
758 4811 958 4900 Alterum
992 4841 1097 4898 vero
1129 4812 1305 4928 gravius
1337 4826 1419 4914 cst,
1449 4806 1587 4925 quod,
1632 4831 1733 4892 eum

248 4945 374 5049 pacta
406 4935 623 5024 servanda
654 4935 758 5038 sint,
795 4931 1078 5040 ususfructus,
1116 4932 1215 5022 licet
1248 4931 1381 5020 ctiam
1405 4929 1660 5030 interiisset,
1675 4955 1731 5012 ex

248 5068 378 5172 pacto
410 5069 559 5146 tamen
593 5057 650 5146 de
668 5057 857 5148 Ecclesia
891 5055 1178 5146 instauranda
1221 5085 1270 5144 ac
1302 5052 1561 5156 reddenda,
1596 5047 1734 5140 dubio

248 5177 405 5297 procul
438 5179 683 5272 revixisset.

371 5302 525 5420 Neque
564 5301 934 5420 praetereundam
962 5300 1029 5390 ait
1055 5299 1267 5390 adversae
1299 5295 1555 5386 intentionis
1573 5293 1736 5410 iniqui-

250 5433 406 5514 rann.
440 5427 750 5532 llorcbionissa
784 5424 905 5514 enim
938 5455 1073 5543 quem
1116 5451 1301 5512 oneroso
1338 5421 1465 5508 titulo
1511 5417 1733 5508 usumlru·

247 5557 370 5640 atum
402 5549 605 5641 sodalitio
633 5549 835 5654 dederat,
872 5559 1076 5668 usurpat.-
1106 5545 1299 5665 pretium
1342 5543 1406 5634 rei
1444 5541 1615 5634 alienae
1646 5537 1732 5628 sibi
