4350 6326
501 362 593 450 5lt
936 350 1021 438 Die
1051 349 1113 438 20
1145 348 1384 438 Decembris
1418 351 1556 438 4879.

504 487 546 576 la
584 517 609 571 a
653 472 832 564 Dataria
871 504 1073 563 concessa
1112 473 1261 562 lavore
1294 473 1515 578 lannncci,
1539 474 1582 561 in
1615 503 1665 560 ea
1697 473 1933 590 siquidem
1962 474 2022 562 de

505 601 733 698 sanatione
775 596 986 684 nullitatis
1022 626 1077 683 ex
1116 597 1195 684 hoc
1237 597 1378 714 capite
1413 629 1556 714 neque
1590 598 1776 684 verbum
1813 598 2025 686 occurrit

507 758 652 848 neque
687 723 799 810 vola.

630 846 761 961 Quod
795 843 829 931 si
866 845 947 930 ΕΕ.
981 845 1073 930 VV.
1095 841 1333 930 decernere
1355 843 1621 944 existiment,
1663 843 1898 931 hacetiam
1926 845 2022 928 lor-

508 1007 580 1064 nra
613 985 778 1088 spreta,
816 996 1075 1054 concursum
1111 965 1334 1070 sustineri,
1358 965 1549 1080 provisio
1590 984 1734 1054 tamen
1777 967 2025 1084 parochia·

508 1099 560 1187 lis
583 1093 798 1184 Ecclesiae
821 1087 972 1178 lavore
994 1087 1195 1176 lannncci
1219 1087 1332 1176 lacta
1368 1089 1487 1176 nullo
1518 1105 1642 1206 pacto
1664 1089 1869 1176 sustineri
1901 1121 2023 1206 pos-

508 1253 555 1310 se
596 1217 770 1306 videtur
800 1229 952 1330 utpote
985 1213 1220 1300 simoniaca
1257 1212 1356 1298 labe
1400 1213 1576 1300 inlecta.
1626 1212 2023 1330 Quandoquidem

510 1375 648 1434 canon
685 1338 792 1426 iuris
822 1351 902 1437 est,
945 1369 1032 1456 quo
1067 1367 1153 1422 nort
1189 1333 1408 1452 vulgatior
1430 1335 1555 1436 alter,
1578 1335 1905 1424 heneliciorum
1928 1337 2025 1423 col·

510 1467 694 1556 lationcs
726 1459 964 1548 simoniace
1004 1461 1136 1546 lactas
1173 1457 1301 1574 plane
1345 1458 1487 1546 irritas
1524 1460 1766 1576 inanesque
1788 1489 1903 1548 esse.
1950 1459 2024 1548 ld·

495 1597 599 1710 'que
638 1583 812 1674 obtinet
851 1583 943 1669 sive
982 1583 1039 1670 ab
1080 1599 1265 1700 utraque
1317 1599 1440 1697 parte
1473 1581 1660 1669 simonia
1710 1583 1904 1698 perlecta
1947 1585 2026 1684 sit,

514 1712 606 1802 sive
639 1707 933 1797 conuentione
969 1707 1150 1807 nitatur,
1189 1720 1276 1792 tam
1326 1705 1359 1790 si
1399 1706 1691 1822 ipseelectus,
1735 1735 1867 1821 quam
1909 1707 1947 1792 si
1974 1737 2029 1793 eo

515 1839 669 1954 ignaro
703 1831 797 1918 eius
836 1828 966 1917 amici
999 1847 1044 1916 et·
1078 1829 1393 1946 consanguinei
1430 1831 1664 1947 pecuniam
1702 1829 1911 1916 dederint
1952 1846 2028 1915 aut
2158 1883 2159 1910 t

517 1953 799 2078 promiserint
836 1984 927 2038 cun.
968 1953 1125 2039 5caus.
1166 1953 1183 2036 l
1217 1967 1372 2070 {pareest
1402 1953 1447 2054 lt,
1471 1951 1828 2068 Eutrooup.2dc
1848 1951 2025 2038 Simon.

516 2084 627 2170 inter
666 2107 910 2178 communes,
949 2107 1042 2192 trop.
1079 2077 1137 2163 27
1175 2073 1226 2163 de
1247 2076 1439 2164 Statonia
1460 2091 1498 2162 ct
1519 2077 1617 2163 DD.
1643 2079 1941 2162 cumrnmu'ter.

638 2199 766 2314 Quod
802 2218 950 2286 autom
1001 2201 1042 2285 iu
1078 2202 1271 2288 themate
1319 2201 1506 2287 simonia
1558 2198 1850 2288 intercesserit
1902 2200 2029 2284 inter

513 2331 573 2416 D.
611 2322 812 2412 lannncci
863 2341 905 2408 ct
959 2324 1282 2410 examinatores
1331 2339 1506 2410 enarrat
1550 2341 1684 2424 actor,
1735 2324 2026 2438 nonnullisqe
2159 2403 2160 2406 r

516 2446 776 2538 testimoniis
810 2442 1027 2532 conficere
1075 2445 1239 2535 studet.
1291 2446 1366 2533 Ait
1414 2445 1550 2534 enirn:
1605 2489 1619 2522 ι
1661 2448 1755 2534 Non
1805 2475 2025 2533 marmano

523 2615 539 2652 ι
581 2601 765 2690 persone
799 2568 877 2656 clre
913 2567 1069 2656 dicono
1103 2569 1257 2658 d'aser
1281 2568 1444 2656 reduto
1461 2569 1529 2656 chi
1554 2569 1608 2655 ha
1633 2587 1806 2686 portato
1824 2570 1869 2656 di
1897 2585 2024 2654 notte

523 2737 539 2776 ι
581 2691 813 2813 proscintti
848 2687 904 2778 cd
937 2693 1049 2779 altro
1084 2725 1107 2778 a
1141 2693 1329 2808 qualche
1362 2693 1674 2795 osamiuatore,
1702 2694 2024 2782 edomandato

524 2861 541 2900 ι
580 2821 623 2906 in
659 2848 756 2906 casa
788 2815 895 2904 d'un
929 2817 1220 2904 esaminatore
1253 2814 1401 2904 donde
1435 2814 1501 2902 cit
1537 2817 1724 2919 venisse,
1762 2817 1916 2903 essersi
1969 2815 2022 2899 ri·

525 2985 542 3022 ι
581 2956 747 3059 sposto:
784 2939 839 3028 du
875 2939 1044 3026 Frasso.
1089 2980 1105 3018 ι
1149 2941 1241 3026 lrno
1292 2938 1459 3040 subdit,
1516 2938 1560 3025 id
1612 2941 1748 3056 magis
1797 2941 2023 3056 magisque

520 3083 693 3184 patere:
735 3104 751 3138 c
794 3061 920 3149 Dalla
956 3061 1164 3150 condutta
1198 3060 1313 3180 degli
1350 3061 1653 3166 osarninatori,
1682 3065 1759 3151 che
1782 3065 1925 3180 prima
1949 3061 2020 3149 del

525 3230 543 3270 ι
582 3217 788 3276 concurso
822 3215 1034 3272 crearono
1071 3184 1300 3302 Arcipretc
1338 3185 1365 3271 il
1402 3185 1621 3290 lannncci,
1673 3217 1798 3274 corne
1843 3189 1869 3275 e
1911 3203 2023 3272 stato

525 3353 543 3394 ι
582 3309 707 3398 detto
742 3307 782 3396 al
819 3311 870 3398 ll.
909 3312 1094 3396 l'arroco
1129 3311 1187 3395 D.
1215 3309 1407 3396 Antonio
1430 3311 1564 3397 Renzi
1582 3309 1637 3398 ed
1660 3314 1698 3398 al
1724 3311 1814 3428 Sig.
1839 3316 1895 3398 D.
1919 3310 2022 3399 Gio·
2154 3401 2159 3425 .

526 3475 543 3515 ι
585 3433 778 3523 vannino
811 3431 1036 3522 Canclli...
1061 3431 1187 3518 Dalla
1211 3432 1417 3522 condutta
1441 3432 1558 3520 della
1583 3433 1777 3550 lamiglia
1802 3433 2020 3535 lannncci,

529 3601 545 3638 ι
584 3558 664 3646 clre
700 3587 777 3672 per
811 3586 956 3643 mezzo
989 3553 1161 3642 de'snoi
1196 3556 1384 3643 membri
1420 3557 1560 3672 prima
1595 3556 1666 3644 del
1715 3588 1922 3647 concurso
1971 3557 2023 3642 lra

530 3722 546 3760 ι
585 3679 707 3769 detto
740 3677 914 3766 financo
947 3678 1063 3764 uelle
1096 3679 1271 3767 cantino
1305 3679 1384 3766 clre
1420 3679 1685 3796 l'Arciprete
1706 3683 2023 3769 sarebbestato

529 3844 547 3886 ι
587 3804 617 3890 il
651 3833 731 3890 suo
765 3803 822 3886 D.
861 3801 1075 3904 Antonio,
1113 3803 1194 3890 che
1228 3801 1317 3891 due
1350 3803 1491 3918 giorni
1527 3803 1670 3920 prima
1703 3803 1821 3893 della
1848 3803 2024 3922 pubbli-

532 3967 548 4008 ι
587 3925 767 4014 cacione
799 3921 915 4011 della
949 3941 1153 4012 sentenza
1188 3925 1243 4011 ha
1277 3927 1382 4013 latta
1418 3925 1521 4013 lesta
1566 3928 1829 4044 spacciando
1872 3928 1954 4016 che
1997 3925 2026 4012 il

531 4087 548 4130 ι
588 4045 792 4164 predetto
827 4049 882 4132 D.
922 4045 1112 4134 Antonio
1148 4077 1221 4136 era
1254 4067 1365 4136 stato
1400 4051 1471 4167 gia
1513 4050 1664 4156 elctto,
1716 4081 1739 4138 e
1785 4054 1865 4140 che
1911 4049 2025 4168 dopo

534 4211 550 4252 ι
590 4169 620 4256 il
654 4199 859 4257 concurso
894 4201 969 4256 ora
1002 4169 1036 4255 si
1070 4169 1094 4256 e
1128 4169 1237 4258 latto
1271 4175 1411 4261 uscire
1429 4173 1474 4260 di
1498 4176 1632 4263 bocca
1655 4175 1735 4263 che
1759 4205 1897 4264 aveva
1916 4173 2024 4261 usati

533 4333 552 4378 r
592 4291 796 4410 maneggi
831 4290 889 4380 lm
925 4292 1044 4380 dalla
1078 4308 1221 4382 morte
1255 4295 1612 4416 dell’Arciprete,
1650 4298 1705 4386 ed
1741 4331 1834 4396 ora,
1865 4331 1944 4416 per
1968 4313 2027 4384 ta·

536 4447 693 4505 «cere
747 4415 849 4534 ogni
882 4415 995 4503 altra
1028 4448 1143 4520 cosa,
1182 4417 1238 4507 ad
1274 4451 1360 4506 una
1394 4452 1584 4538 persona
1638 4453 1715 4509 sua
1747 4441 1932 4541 parente
1977 4423 2028 4508 lta

540 4583 556 4620 ι
596 4540 736 4628 detto:
774 4539 926 4626 Anche
959 4553 1007 4628 tu
1040 4542 1100 4628 cni
1134 4543 1195 4630 sei
1230 4543 1469 4632 contraria?
1502 4547 1547 4632 lo
1582 4545 1641 4631 mi
1685 4577 1762 4633 son
1815 4547 2027 4634 rovinata:

449 4717 453 4726 -
541 4703 558 4742 ι
599 4665 656 4752 lto
690 4662 933 4750 consumati
968 4663 1038 4780 gia
1072 4663 1193 4754 mille
1227 4666 1389 4754 ducati.
1435 4707 1453 4746 ι

662 4785 751 4874 Nec
783 4783 900 4891 satia,
939 4788 1221 4908 prosequitur
1254 4790 1390 4879 enim:
1422 4831 1439 4872 ι
1468 4795 1535 4880 [la
1573 4794 1672 4879 tutti
1705 4793 1740 4882 si
1774 4793 1933 4882 citiene
1955 4795 2032 4881 che

542 4951 561 4994 ο
600 4911 628 4997 il
663 4907 868 4997 lannncci
899 4907 963 4998 sia
997 4913 1186 5001 arrivato
1219 4947 1244 5000 a
1276 4915 1380 5032 quel
1414 4930 1538 5032 posto
1573 4947 1652 5034 per
1687 4917 1755 5004 via
1789 4917 1835 5005 di
1869 4916 1974 5005 doni
2009 4947 2031 5003 e

543 5071 561 5116 ι
601 5031 648 5121 di
681 5031 866 5122 donaro.
906 5031 951 5116 l⁰
987 5033 1019 5120 ll
1054 5032 1222 5123 lratello
1244 5035 1316 5126 del
1342 5039 1543 5128 lannncci
1569 5040 1712 5156 prima
1732 5040 1803 5128 del
1829 5071 2031 5129 concorso

543 5193 562 5240 r
601 5153 686 5244 alla
721 5183 928 5272 presenza
961 5154 1031 5244 del
1068 5159 1195 5247 ttndo
1229 5161 1370 5250 Padre
1402 5164 1608 5253 Samuele
1641 5163 1698 5252 da
1720 5165 1873 5253 Frasso
1898 5163 2030 5253 disse:

543 5319 560 5362 ι
599 5281 655 5372 Se
690 5277 778 5368 mio
812 5275 982 5367 lratello
1016 5281 1113 5370 saria
1147 5301 1405 5402 approvato,
1444 5287 1654 5376 vedremo
1688 5285 1756 5376 chi
1790 5290 1886 5376 sara
1920 5288 2034 5375 l’Ar-

547 5443 564 5484 ι
603 5401 784 5520 ciprete.
821 5399 869 5490 2⁰
902 5401 934 5490 ll
969 5423 1153 5521 cognato
1186 5407 1304 5497 dello
1337 5427 1471 5500 stesso
1504 5439 1585 5500 con
1611 5413 1805 5527 'persona
1855 5409 2033 5499 ledede·

545 5561 562 5604 e
601 5553 701 5643 gna,
738 5523 879 5614 com'ia
909 5527 1150 5621 Francesco
1182 5531 1401 5623 Ricciardi
1437 5536 1526 5624 osci
1559 5569 1583 5622 a
1617 5533 1730 5623 dire:
1750 5535 1836 5623 Mic
1850 5549 2032 5654 cognato
