4516 6318
541 329 636 422 ΜΟ
987 327 1069 416 Die
1101 325 1160 414 l5
1193 321 1418 412 Februarii
1455 325 1591 412 1879.

545 457 1031 571 haecusquetempora
1067 449 1167 537 licet
1201 477 1286 534 non
1322 447 1414 536 sine
1462 446 1652 564 querelis
1701 477 1756 534 ex
1797 462 1923 563 parte
1967 446 2064 534 Ca-

546 577 822 698 pellanorum
855 571 1196 688 uniuscuiusque
1235 571 1386 660 aetatis
1414 601 1492 660 ceu
1522 570 1637 659 idem
1662 569 2062 660 Eminentissimus

545 699 788 820 Episcopus
817 696 977 782 innuit.
1270 726 1273 732 ¹

672 823 731 908 At
763 847 863 906 enm
888 816 1019 905 hodie
1045 833 1194 905 tenues
1215 813 1535 906 beneficiorum
1559 815 1726 904 reditus
1749 817 1808 904 ob
1831 812 2059 931 temporis

549 943 769 1035 tristitiam
803 939 1028 1028 imminuti
1063 939 1192 1028 valde
1235 939 1412 1042 luerint,
1446 955 1490 1026 et
1542 970 1750 1028 numerus
1784 939 2057 1056 Capellano-

548 1097 648 1156 rum
688 1062 929 1152 admodum
976 1063 1254 1168 decreverit,
1291 1062 1347 1152 ad
1392 1066 1549 1150 Erirum
1579 1063 1842 1180 Episcopum
1887 1060 2056 1150 conlu-

548 1206 707 1310 gernnt
756 1187 981 1302 Capeliani
1032 1205 1078 1274 ιιι
1120 1189 1283 1274 Rrirum
1334 1184 1583 1306 Capitulum
1629 1186 1832 1274 suaderet
1870 1184 1927 1272 ad
1964 1183 2057 1274 ali-

549 1339 679 1430 quam
726 1341 805 1426 pro
838 1309 1027 1426 graviori
1061 1310 1238 1397 servitio
1277 1308 1563 1398 tribuendam
1607 1309 2046 1426 compensationem.

548 1434 630 1526 Cui
672 1432 872 1550 petitioni
905 1462 1005 1520 cum
1038 1433 1245 1522 Canonici
1290 1431 1487 1520 assentiri
1536 1433 1777 1535 noluerint,
1815 1427 2053 1547 Capellani

549 1556 899 1672 diligentioribus
934 1555 1338 1672 investigationibus
1372 1554 1580 1643 adhibitis
1615 1556 1862 1672 primaevas
1889 1581 2052 1670 preces

550 1677 669 1800 apud
688 1680 814 1766 Alex.
838 1680 915 1769 vtl
929 1696 1149 1794 promotas
1164 1679 1339 1766 tandem
1356 1678 1593 1797 aliquando
1609 1681 1887 1784 invenerunt,
1905 1709 1929 1763 a
1947 1674 2056 1793 qui·-

549 1806 635 1894 bus
659 1802 979 1891 Canonicorum
999 1801 1268 1890 adsertiones
1294 1803 1466 1918 penitus
1502 1801 1722 1918 profligari
1767 1815 1940 1917 putant.
1968 1797 2052 1884 llis

551 1927 702 2044 itaque
722 1925 927 2043 precibus
944 1925 1246 2040 maximopere
1264 1923 1411 2012 confisi
1435 1925 1660 2041 Capeliani
1680 1925 1771 2014 iure
1790 1924 2054 2042 iudicioque

552 2080 684 2166 agere
708 2047 795 2134 iam
829 2049 1115 2162 parabantur,
1153 2049 1330 2166 quando
1375 2051 1506 2136 Effius
1540 2049 1778 2166 Episcopus
1821 2045 1961 2134 Patris
1999 2058 2049 2131 et

551 2169 851 2262 Conciliatoris
874 2200 1058 2258 munere
1091 2169 1274 2287 fungens
1308 2202 1399 2259 rem
1425 2170 1480 2259 dc
1517 2172 1635 2259 bono
1680 2188 1724 2258 ot
1758 2200 1900 2286 aequo
1923 2191 2049 2256 com·

551 2325 720 2412 ponere
744 2294 901 2410 sategit
944 2294 1119 2381 schema
1153 2294 1465 2383 consciliationis
1499 2294 1691 2382 iunctum
1718 2294 1854 2384 literis
1876 2290 1963 2380 suis
1986 2287 2051 2378 ad

552 2417 793 2508 Canonicos
814 2416 1127 2520 transmittens,
1150 2447 1313 2536 eosque
1346 2433 1526 2534 paterne
1548 2417 1783 2506 exhortans
1805 2413 1863 2504 ad
1886 2440 2049 2534 pacem

553 2557 597 2630 et
631 2538 928 2627 concordiam.

677 2666 735 2749 At
751 2693 851 2750 cum
871 2662 974 2749 illud
995 2665 1388 2784 quoqueCanonici
1409 2665 1611 2780 amplecti
1634 2663 1944 2762 recusaverint,
1959 2663 2049 2751 Ca-

553 2785 715 2904 pellani
734 2783 871 2902 magis
905 2785 1065 2873 exinde
1098 2789 1318 2902 provocati
1348 2788 1644 2880 Sacratissimo
1685 2785 1874 2904 Principi
1915 2782 2051 2870 libel-s

552 2911 645 2998 lum
668 2909 921 2996 obtulerunt
945 2928 1243 3024 exposcentes,
1269 2913 1390 3028 quod
1418 2910 1642 3000 «essendo
1683 2911 1832 2998 venuti
1864 2941 1889 2996 a
1910 2937 2047 2994 cono-

558 3073 575 3112 «
604 3062 722 3121 scere
745 3031 1042 3120 chiaramonte
1059 3033 1099 3120 la
1118 3033 1420 3124 enormissima
1441 3034 1604 3123 lesione
1621 3033 1665 3123 di
1687 3035 1743 3121 tal
1761 3044 1992 3132 eontratto,
2020 3068 2039 3110 s

552 3155 713 3245 scilicet
744 3155 1001 3244 concordiae
1035 3158 1137 3245 anni
1176 3157 1312 3261 l706,
1344 3197 1360 3235 ι
1400 3158 1455 3247 ed
1480 3157 1662 3247 essendo
1686 3172 1847 3245 venato
1871 3187 1895 3242 a
1917 3183 2046 3242 man-

558 3317 576 3360 «
614 3309 712 3366 care
735 3294 798 3363 tra
831 3277 923 3365 loro
957 3310 1037 3395 per
1070 3280 1251 3368 l’attuali
1284 3281 1537 3370 calamitose
1569 3281 1753 3368 vicende
1788 3279 1816 3366 il
1850 3307 2039 3366 numero
2147 3303 2149 3308 ·

559 3439 577 3480 ι
618 3399 843 3517 primitivo
877 3399 948 3488 dei
982 3403 1225 3492 eontraenti
1259 3405 1363 3492 abili
1397 3405 1437 3492 al
1471 3405 1652 3493 servizio
1675 3435 1802 3491 senza
1831 3431 2043 3518 speranza

560 3564 577 3602 ι
617 3523 663 3610 di
698 3521 947 3641 rimpiazzo,
985 3527 1242 3644 supplicano
1276 3527 1316 3615 la
1353 3527 1548 3645 giustizia
1591 3527 1707 3616 della
1747 3525 1915 3618 Santita
1952 3525 2037 3612 Vo-

559 3686 577 3726 ‹
616 3659 704 3734 stra
737 3678 762 3732 a
795 3647 1040 3737 dichiarare
1089 3649 1210 3736 nullo
1246 3650 1275 3738 il
1308 3668 1562 3742 mentovato
1611 3665 1841 3753 eontratto,
1878 3646 1934 3735 ed
1968 3646 2036 3732 in-

561 3810 579 3850 «
619 3770 831 3887 giungcre
864 3803 887 3857 a
921 3771 1122 3859 ciascuna
1154 3771 1270 3862 delle
1305 3775 1415 3890 parti
1466 3773 1711 3862 contraenti
1744 3772 1787 3859 di
1821 3773 2042 3859 ritornare

563 3935 579 3972 ι
620 3893 839 3980 all’antico
875 3909 1018 3982 turno.
1052 3933 1070 3972 s

682 4019 869 4128 Accepto
904 4016 1054 4104 libello
1088 4017 1346 4136 rescriptum
1381 4019 1463 4107 luit
1496 4020 1552 4106 ab
1585 4022 1639 4107 H.
1677 4021 1722 4110 S.
1760 4007 1954 4117 Ordine,
1992 4030 2041 4102 ut

554 4140 687 4226 llrirus
723 4137 959 4254 Episcopus
994 4139 1144 4228 audito·
1178 4139 1220 4228 in
1255 4142 1424 4258 scriptis
1451 4142 1655 4260 Capitulo
1684 4141 2038 4229 informationem

556 4279 600 4350 et
632 4275 785 4348 votum
823 4263 1153 4352 transmitteret.
1190 4265 1449 4354 Ordinarius
1483 4299 1534 4355 ea
1567 4297 1654 4384 qua
1697 4297 1776 4382 par
1808 4279 1903 4351 erat
1935 4293 2040 4350 cura

557 4381 776 4472 mandatis
829 4385 877 4476 S.
912 4387 1273 4506 Congregatinnis·
1317 4390 1632 4508 obtemperans
1682 4387 2037 4475 informationem

557 4505 794 4595 transmisit
817 4511 1012 4626 exposita
1035 4511 1247 4600 laetorum
1271 4511 1464 4614 historia,
1505 4513 1566 4600 uti
1588 4511 1790 4628 superius
1817 4505 2037 4599 enarravi.

446 4666 454 4687 ·
555 4628 744 4720 Addidit
798 4649 943 4722 autem
979 4634 1316 4750 Capellanorum
1351 4635 1542 4724 rationes
1574 4635 1783 4752 gravioris
1822 4628 2041 4720 momenti

555 4752 638 4841 sibi
674 4751 847 4858 videri,
884 4772 927 4844 et
975 4789 998 4846 a
1046 4775 1144 4845 voto
1179 4759 1426 4876 promendo
1465 4789 1511 4848 se
1561 4758 1785 4846 abstinuit.
1822 4760 2039 4844 Tuncru-

554 4875 763 4992 scriptum
785 4879 881 4984 luit,
905 4895 951 4966 ut
983 4910 1112 4968 causa
1135 4896 1371 4997 poneretur
1405 4882 1448 4969 in
1476 4881 1596 4970 lolio.

680 4999 771 5089 lloc
788 5003 906 5092 edito
931 5002 1138 5121 rescripto
1160 5005 1522 5094 contendentium
1566 5005 1738 5124 patroni
1775 4997 2042 5091 unanimiter

555 5121 1050 5232 dubiaaconcinnarunt,
1089 5159 1202 5246 qnae
1225 5129 1268 5216 in
1291 5129 1408 5218 ealce
1431 5129 1646 5246 descripta
1681 5129 1901 5244 legantur.
1927 5123 2041 5212 Cum

553 5263 701 5334 autem
736 5247 866 5338 hodie
899 5281 1027 5338 causa
1062 5269 1365 5370 proponatur,
1406 5267 1581 5340 etcum
1618 5251 1897 5369 allegationes
1931 5243 2042 5364 typis
2097 5257 2099 5261 ’

555 5367 701 5456 editae
734 5373 841 5462 mihi
875 5373 1048 5464 oblatae
1097 5373 1272 5482 luerint,
1300 5391 1489 5494 praestat
1525 5407 1675 5464 earum
1720 5401 1955 5475 summam,
1994 5383 2043 5456 ut

538 5492 691 5578 moris
726 5511 805 5600 est,
833 5527 1071 5614 exponere.
