4516 6318
548 335 640 428 {52
992 327 1072 416 Die
1105 327 1164 414 l5
1194 324 1420 414 Februarii
1455 323 1594 412 t879.

543 455 702 583 grandi
724 486 803 575 pro
822 451 1025 571 expensis
1058 451 1103 540 iu
1137 451 1230 540 500
1264 448 1515 537 libellorum
1565 476 1738 536 summa
1772 444 1831 532 ab
1874 477 1926 534 eo
1970 449 2036 538 in·

550 581 701 676 debite
736 577 904 666 solutis.

671 707 735 792 Ex
766 703 901 789 altera
936 729 1040 786 vero
1088 713 1215 816 parte
1261 694 1441 786 actualis
1483 695 1721 810 Episcopus
1752 693 2035 814 Fulginaten.

546 825 778 921 contendit
799 827 1103 914 Oeconomum
1139 817 1354 912 Girolami
1387 849 1412 907 a
1446 817 1598 906 limine
1634 815 1787 906 iudicii
1817 819 2041 935 repellen-

548 953 654 1043 dum
690 979 798 1052 esse,
836 979 888 1035 en
920 942 1041 1064 quod
1075 943 1243 1032 actione
1276 943 1369 1033 sive
1401 958 1552 1031 eontra
1585 941 1765 1031 Curiam
1800 943 2031 1062 Episcopa-

552 1078 656 1178 lem,
693 1073 787 1160 sive
818 1087 969 1160 contra
1007 1087 1283 1185 praesentem
1318 1065 1563 1153 Puroelrum
1599 1064 1814 1154 Ecclesiae
1845 1068 1891 1157 S.
1929 1069 2035 1156 For·

552 1197 692 1290 tunati
726 1192 998 1313 experiunda
1020 1191 1210 1281 deficiat.
1232 1195 1344 1284 Sane
1378 1187 1631 1280 huiusmodi
1665 1188 1883 1278 actionem
1918 1191 2037 1282 baud

550 1323 719 1413 babere
753 1317 930 1408 videtur
977 1332 1127 1404 contra
1165 1316 1441 1417 Paroebum,
1479 1313 1644 1402 nedum
1685 1313 1787 1431 quia
1826 1345 1924 1402 cum
1961 1346 2039 1434 pa-

555 1443 751 1536 roeciam
801 1437 1036 1560 regendam
1089 1439 1326 1556 susceperit
1359 1437 1521 1526 iudicio
1556 1436 1644 1524 iam
1678 1437 1909 1540 absoluto,
1947 1471 2039 1530 rem

551 1599 632 1660 nec
678 1564 834 1656 habuit
884 1593 963 1651 nec
1010 1561 1173 1650 babere
1206 1561 1348 1681 potuit
1379 1592 1479 1650 cum
1513 1561 1922 1664 actore-Girolami,
1960 1593 2034 1651 ve-

559 1721 654 1782 rum
679 1688 815 1777 etiam
839 1687 943 1809 quia
965 1686 1239 1775 Oeconomus
1272 1716 1371 1773 cum
1405 1686 1475 1791 sit,
1492 1684 1611 1772 nullo
1637 1697 1760 1800 paeto
1793 1713 1885 1772 sese
1908 1717 2031 1774 occu·

555 1831 630 1936 pat
663 1813 720 1902 de
747 1811 977 1898 Paroeciae
1019 1808 1301 1925 patrimonio,
1323 1808 1444 1898 euius
1476 1805 1796 1896 administratio
1832 1807 1877 1895 iu
1912 1839 2039 1926 prae·

547 1935 666 2027 senti
700 1965 845 2023 rerum
879 1930 1133 2022 conditione
1165 1965 1214 2020 ae
1256 1948 1370 2021 statu
1405 1963 1540 2049 penes
1573 1932 1979 2022 Sub-oeconomum
2016 1963 2039 2022 a

549 2057 780 2151 Gubernio
814 2055 1072 2172 deputatum
1102 2073 1315 2145 remanet.
1333 2057 1397 2146 tte
1416 2055 1600 2174 quidem
1620 2085 1722 2144 vera
1745 2054 1928 2144 actualis
1960 2055 2039 2146 Sa-

551 2183 706 2273 cerdos
740 2179 855 2268 vices
888 2177 1066 2298 parochi
1099 2209 1255 2297 gerens
1292 2179 1428 2268 veluti
1462 2179 1687 2296 operarius
1708 2177 1948 2296 spiritualis
1967 2179 2041 2266 bu-

556 2305 732 2395 bendus
755 2303 927 2422 est,qui
961 2302 1021 2389 ob
1054 2330 1231 2420 operam
1267 2302 1311 2388 in
1348 2303 1595 2390 unimarutn
1645 2301 1732 2390 sibi
1780 2299 2042 2388 commissa-

556 2460 654 2517 rum
690 2429 858 2515 bonum
895 2425 1488 2545 praestandam,mercedem
1524 2453 1647 2514 suam
1683 2423 1864 2513 servitio
1898 2456 2043 2512 eorre-

557 2549 845 2670 spondeutem
894 2583 918 2636 a
963 2548 1180 2640 Gubernii
1229 2550 1580 2640 Sub-oeconomo
1629 2547 1829 2668 quotidie
1863 2546 2034 2664 recipit.

554 2678 639 2763 Res
673 2673 821 2791 itaque
853 2704 952 2761 cum
987 2671 1046 2760 itu
1079 2703 1125 2760 se
1158 2673 1362 2775 habeant,
1403 2673 1595 2791 prolecto
1630 2671 1821 2760 uescitur
1842 2699 1930 2788 quo
1960 2671 2041 2757 ho-

551 2827 612 2886 no
646 2796 741 2884 iure
773 2793 950 2884 iunixus
973 2798 1250 2885 Oeconomus
1282 2796 1494 2888 Girolami
1528 2797 1619 2883 500
1641 2794 1892 2884 libellarem
1926 2823 2040 2881 sum·

547 2950 674 3010 ‘mam
700 2950 724 3006 a
746 2918 861 3007 vices
883 2919 1061 3037 parochi
1095 2935 1274 3037 gerente
1309 2951 1422 3008 nune
1437 2936 1638 3038 repetere
1662 2933 1817 3033 potest.
1840 2917 1885 3008 Si
1918 2917 2037 3006 euim

550 3041 806 3134 huiusmodi
839 3042 1182 3131 controversiam
1207 3039 1355 3132 coutru
1379 3044 1622 3132 Perochum
1646 3041 1788 3133 Cirilli
1810 3039 2045 3157 suscipien-

555 3168 633 3270 do,
672 3164 894 3283 negotium
950 3165 1205 3281 patrimonii
1256 3166 1512 3283 parochialis
1543 3168 1674 3288 gessit
1721 3165 1848 3284 sique
1900 3167 1959 3254 ab
1992 3195 2043 3252 eo

557 3290 668 3378 loret
703 3288 1066 3405 reintegrandos3
1104 3309 1361 3407 sequeretur
1402 3289 1507 3379 iude
1549 3291 1668 3409 quod
1718 3287 2044 3408 praedictarum

418 3468 421 3486 ·
555 3414 648 3502 500
696 3411 943 3500 libellorum
990 3409 1416 3504 restitutionem'ab
1459 3447 1511 3502 eo
1560 3431 1708 3530 petere
1742 3413 1959 3512 deberet,
1996 3412 2042 3498 in

552 3534 679 3625 cuius
712 3535 992 3624 commodum
1012 3569 1061 3626 ae
1087 3538 1315 3626 utilitatem
1337 3536 1596 3656 parochialis
1618 3535 1825 3626 beneficii
1848 3533 2047 3625 redditus

555 3660 737 3750 cedunt.
775 3661 910 3778 Atqui
952 3678 1134 3776 excepta
1168 3664 1372 3753 mercede
1403 3661 1552 3750 lavore
1584 3659 1768 3748 Purocbi
1803 3657 2043 3750 Oeconomi

556 3815 640 3902 pro
661 3782 841 3870 servitio
863 3783 1079 3900 spirituali
1113 3800 1286 3890 statuta,
1325 3786 1483 3874 coeteri
1518 3785 1680 3874 lructus
1723 3813 1876 3871 omues
1907 3813 1933 3870 a
1966 3781 2045 3868 Pa·

557 3907 729 3994 roeeiae
761 3905 977 3996 beneficio
1020 3907 1203 4030 profecti
1253 3909 1467 3999 Gubernii
1501 3905 1870 3998 administrationi
1916 3907 2046 4023 vulgo

556 4029 760 4116 Dcrnanio
794 4029 994 4120 eedunt:
1047 4061 1151 4146 ergo
1186 4031 1313 4120 unice
1345 4049 1496 4120 eontra
1529 4031 1737 4120 Demunii
1766 4027 2047 4118 administra-

556 4150 722 4238 tionem
758 4152 1032 4242 Oecouomus
1059 4154 1271 4245 Girolami
1296 4156 1486 4244 actiones
1520 4171 1652 4277 atque
1683 4153 1782 4241 iura
1813 4185 1890 4240 sna
1909 4181 2045 4238 oxor-

554 4304 654 4363 cere
687 4274 927 4364 debuisset:
964 4277 1044 4364 hoc
1083 4278 1303 4396 siquidem
1341 4279 1477 4397 magis
1510 4297 1661 4398 aptum
1688 4275 1914 4395 magisque
1946 4303 2044 4394 pro-

560 4396 724 4486 ficuum
751 4429 860 4516 opus
894 4399 1089 4488 loturum
1117 4403 1249 4492 luisse
1272 4403 1464 4492 videtur.
1835 4425 1837 4430 ·

555 4571 559 4580 -
683 4525 831 4638 Neque
865 4521 989 4612 aliter
1026 4521 1264 4614 dicendum
1305 4525 1361 4614 de
1405 4525 1590 4628 actione,
1633 4557 1769 4644 quam
1807 4525 1901 4640 ipse
1935 4549 2047 4637 pro-

556 4643 670 4732 tueri
716 4661 898 4734 conatur
944 4666 1095 4737 contra
1144 4647 1321 4740 Curiam
1370 4649 1687 4767 Episcopalem.
1740 4651 1854 4738 Saue
1910 4643 2048 4732 tralu-

557 4766 704 4854 titium
740 4769 782 4854 iu
817 4767 912 4857 inre
944 4791 1005 4857 ost
1041 4773 1158 4892 quod
1194 4771 1353 4860 luctum
1382 4773 1679 4861 Procuratoris
1712 4771 1756 4860 iu
1791 4770 1884 4890 vim
1926 4799 2047 4858 acce·

558 4890 622 5009 pti
655 4891 851 4979 mandati
886 4893 1084 5010 agentis,
1120 4912 1321 4984 censetur
1355 4897 1517 4985 lactum
1552 4896 1756 4997 domiui,
1800 4925 1875 4982 seu
1912 4919 2061 5009 man·-¹

552 5011 702 5100 dentis
736 5011 853 5103 iuxta
888 5019 995 5136 llcg.
1033 5021 1120 5107 lur.
1159 5023 1219 5108 72
1254 5017 1296 5105 in
1330 5019 1377 5106 6⁰
1412 5019 1537 5136 -ibi
1579 5071 1609 5086 -
1649 5061 1666 5100 ι
1709 5019 1794 5130 Qui
1826 5016 1933 5136 [neit
1965 5043 2047 5130 per
2086 5071 2089 5078 Α

477 5249 481 5258 ἣ
552 5136 707 5234 atium,
734 5139 990 5256 estperinde
1021 5177 1068 5229 ue
1100 5143 1138 5230 si
1169 5143 1304 5266 faciut
1343 5148 1647 5261 perseipsum.
1692 5185 1707 5220 a
1748 5141 1880 5230 Cuius
1914 5167 2045 5255 regu·

560 5258 630 5347 loe
665 5260 798 5348 veluti
832 5263 1009 5383 sequela
1043 5287 1107 5356 est
1140 5267 1260 5356 aliud
1296 5267 1398 5356 iuris
1445 5267 1746 5388 principium,
1785 5262 1902 5383 quod
1936 5258 2045 5349 scili·

555 5397 625 5468 cet
660 5389 952 5500 procmatoris
994 5390 1086 5480 sivo
1126 5391 1344 5509 generalis
1392 5393 1483 5479 sive
1530 5392 1727 5508 specialis
1778 5381 2042 5506 negligentia

555 5503 630 5591 ·vel
666 5505 792 5596 dolus
824 5507 858 5596 si
893 5515 936 5598 in
971 5517 1225 5602 executione
1262 5513 1457 5603 mandati
1494 5513 1599 5602 lines
1633 5545 1720 5603 nou
1770 5507 2040 5608 excesserit,
