4350 6326
741 289 1206 452 conctustonnn
1600 364 1691 452 579

291 514 919 637 Ampliaetdignitatesetiam
1077 519 1127 606 Et
1159 519 1384 637 quaetibet
1407 519 1517 606 aetio
1542 517 1696 606 55115-

204 639 603 758 extracapitutares
636 637 748 726 ibid.
985 641 1161 730 ctesiam
1180 641 1315 729 vel
1274 671 1390 758 pram
1409 671 1582 730 cansam
1602 671 1697 757 per·

305 763 476 852 Unde
465 793 510 850 m
544 761 923 881 locedigniorise·
987 759 1125 850 tinens
1165 763 1438 905 longissimi
1483 762 1693 902 temporis

214 891 323 983 dere
374 885 509 974 debet
556 914 662 1000 959.
724 886 817 974 225
872 883 916 1005 3.
984 885 1328 1002 praescriptione
1350 883 1622 1003 extinguatur
1642 915 1690 1000 p.

213 1009 431 1148 Pruefioeu.
985 1005 1154 1127 5363.
1193 1005 1359 1094 nitito.

314 1135 366 1219 Et
421 1128 555 1246 ipsius
607 1127 731 1218 sedes
783 1128 919 1219 semet
1076 1131 1196 1218 Lreet
1217 1145 1370 1246 agatur
1392 1127 1448 1216 de
1473 1126 1695 1218 fundatio

214 1253 406 1394 praefixa
441 1279 527 1338 non
576 1249 772 1338 debet
763 1283 805 1338 rn
843 1281 921 1340 sua
984 1281 1041 1341 ne
1074 1268 1117 1339 et
1148 1249 1366 1340 beneficio
1400 1250 1509 1338 ibid

213 1375 409 1468 absentia
433 1375 489 1462 ab
511 1371 608 1460 alus
632 1373 921 1491 dignitatibus
1077 1375 1151 1462 lus
1181 1373 1436 1490 baptizandi
1480 1391 1702 1466 tnmcon-
1819 1469 1821 1474 ,

127 1495 130 1499 ’
213 1501 281 1588 vet
316 1495 530 1586 canonicis
563 1496 780 1638 occupari·
808 1495 917 1606 ibid.
985 1513 1051 1584 tra
1067 1495 1304 1584 Ecclesiam
1339 1513 1429 1583 turn
1455 1510 1605 1586 contra
1622 1502 1699 1588 Pa
1819 1525 1820 1528 ‘

303 1623 532 1733 Quaenam
565 1633 711 1705 uatem
746 1619 802 1706 sit
830 1617 943 1738 pri·
985 1619 1165 1708 rochum
1180 1617 1417 1734 praescribi
1432 1633 1573 1735 potest
1584 1651 1693 1739 959

212 1775 285 1834 ma
333 1740 458 1830 sedes
503 1739 768 1830 describitur
813 1741 1270 1862 959.1553.Α5.

214 1861 1473 1985 22631551ίὶ1.Ρ55555555155Ι55
1506 1811 1612 1954 fidei
1637 1867 1699 1954 51-

318 1986 474 2098 Quoad
545 1985 921 2074 confraternitates
983 1987 1025 2075 lo
1071 2004 1268 2101 ternpore
1315 2014 1403 2072 non
1436 1986 1699 2100 praescribit

210 2111 437 2213 laicorum,
495 2107 804 2226 praecedentia
857 2105 920 2197 itti
979 2141 1083 2226 959.
1120 2109 1201 2196 261
1245 2105 1291 2228 3.
1322 2107 1569 2220 Perperene.

213 2231 348 2320 tribui
381 2231 534 2336 debet,
570 2263 684 2349 quae
717 2232 761 2318 iu
795 2229 920 2349 quasi
1075 2231 1237 2321 Contra
1253 2261 1340 2317 non
1361 2231 1581 2318 valentem
1598 2265 1697 2351 age-

208 2353 478 2474 possessione
512 2353 848 2470 praecedentiae
871 2382 920 2438 ae
984 2386 1031 2445 re
1065 2353 1181 2441 nnita
1227 2352 1363 2440 currit
1405 2354 1695 2473 praescriptio

207 2477 313 2566 iuris
358 2475 651 2591 praecedendi
702 2476 921 2594 reperitur
983 2475 1093 2564 idid.

200 2630 307 2717 959.
349 2599 440 2685 129
478 2598 522 2720 3.
569 2599 706 2686 Hisce.
1075 2595 1362 2714 Praescriptio
1381 2626 1467 2683 555
1492 2596 1628 2684 currit
1650 2597 1693 2684 in

296 2718 425 2832 Quod
486 2721 521 2807 si
577 2740 774 2811 constare
829 2749 917 2805 nou
981 2723 1152 2810 actibus
1168 2719 1447 2821 facultativis
1466 2718 1546 2805 nisi
1568 2751 1696 2835 prae

203 2842 336 2986 possit
370 2841 543 2931 cuinam
577 2843 702 2961 quasi
747 2871 915 2960 posses·
982 2845 1167 2934 cedente
1190 2839 1485 2982 prohibitione
1518 2857 1562 2929 et
1594 2840 1698 2957 legi·

205 2967 269 3056 sio
303 2963 484 3066 assistat,
523 2981 625 3052 tnnc
665 2967 692 3052 ii
736 2993 917 3106 praece·
983 2967 1090 3055 tima
1124 2962 1695 3084 5595155555115959.101

207 3089 312 3177 dere
347 3083 530 3223 debent,
568 3088 645 3204 qui
679 3089 877 3206 priusa
831 3117 920 3174 sat-c
983 3088 1247 3210 31555155,
1278 3116 1382 3202 959.
1421 3084 1584 3207 3323.
1615 3085 1695 3172 Mi-

205 3211 264 3300 cis
301 3206 363 3295 nsi
398 3223 501 3294 sunt
535 3207 642 3297 ibid.
981 3245 1149 3329 nusque.

1079 3331 1189 3420 Vide
1213 3328 1487 3428 Consuetudo,
1506 3329 1653 3418 Missa.

300 3451 410 3542 Vide
464 3453 716 3554 Caudiutor,
761 3452 921 3540 Obser-

210 3579 371 3665 uantia.
1145 3576 1539 3666 PRAESUMPTIO

348 3759 760 3851 rnanscnnrro
1073 3817 1684 3936 Locumc,d;„„;„,;„9‚

300 3943 338 4030 Α
373 3943 543 4061 legibus
571 3959 636 4032 est
671 3941 919 4030 introducta
983 3946 1073 4032 un
1108 3941 1152 4064 3.
1191 3941 1267 4031 At.

208 4067 255 4156 in
289 4095 477 4182 poenam
513 4061 866 4185 negligentium
854 4093 920 4150 rus
1072 4069 1201 4155 Facta
1219 4097 1306 4154 non
1329 4079 1689 4183 praesumuntur,

206 4185 438 4306 proprium
453 4221 556 4306 959.
583 4188 742 4310 5383.
766 4187 916 4303 Neque.
980 4189 1056 4278 sed
1096 4188 1443 4330 probationibus
1498 4187 1697 4274 demon-

297 4308 564 4401 Absentium
599 4305 898 4399 ammobilia
864 4337 921 4394 ει
981 4311 1107 4400 strari
1150 4327 1353 4429 oportet,
1400 4323 1447 4395 ut
1485 4306 1689 4396 effectum

205 4461 261 4520 ne
278 4431 390 4520 rusto
408 4435 536 4524 trtulo
553 4463 745 4553 possessa
765 4429 920 4518 tracen
980 4435 1275 4552 pariantpup.
1302 4429 1464 4552 3633.
1489 4427 1617 4538 Quin.

204 4554 292 4642 nati
318 4554 386 4642 vet
410 4555 758 4676 quadragenaria
790 4582 916 4670 prae·
1093 4558 1329 4673 Nunquam
1400 4551 1695 4670 praesumitur

202 4675 454 4768 scribuntur
480 4712 631 4822 959.
617 4675 778 4798 5373.
805 4675 911 4762 155.
979 4678 1225 4796 Principem
1251 4705 1363 4765 nora
1386 4675 1481 4794 lege
1505 4675 1694 4766 voluisse

302 4800 390 4888 tmo
446 4802 637 4892 actiones
691 4798 917 4921 quaelibet
982 4799 1110 4890 alicui
1160 4797 1478 4918 praeiudicium
1533 4795 1693 4885 inferre

205 4919 622 5038 trigintaannorum
647 4922 770 5041 lapsu
793 4949 920 5040 prae-
980 4955 1082 5041 959.
1110 4919 1269 5042 3193.
1296 4921 1628 5008 Controuersiae.

204 5045 453 5137 scribuntur
479 5080 584 5166 959.
620 5048 712 5135 268
751 5045 796 5168 3.
828 5043 922 5133 Va-
1060 5041 1693 5164 Cumpraesnminondebeat

206 5181 454 5378 99515555,
443 5203 590 5290 ,959
595 5165 766 5289 2693.
809 5165 918 5252 Tun·
982 5168 1231 5288 Principem
1257 5166 1407 5259 veile
1395 5197 1462 5278 rus
1484 5164 1695 5256 tertiian-

239 5319 299 5376 em
985 5293 1101 5382 terre
1134 5291 1241 5380 ibid.
