4516 6318
716 388 800 476 Die
835 385 891 476 t3
929 383 1077 472 Martii
1113 381 1249 489 t87tt.
1644 395 1731 484 163

230 513 538 608 tantummodo
573 513 845 630 contingere,
885 509 1068 628 quaudo
1102 526 1281 623 agentes
1321 541 1399 626 per
1429 513 1602 603 civilem
1628 551 1728 608 cae·

228 641 476 734 remoniam
520 667 672 724 rerum
709 635 1040 726 matrimonium
1078 633 1288 748 perticere
1320 638 1568 724 votuerunt.

359 763 617 862 Sententia,
666 793 780 879 quae
817 761 903 846 vim
952 759 1217 875 sponsalium
1254 759 1408 847 tribuit.
1449 765 1728 855 matrimonio

230 890 367 989 civiti,
401 887 604 986 innititur
636 885 790 973 rationi
824 903 867 968 ut
900 883 1164 974 auctoritati.
1190 884 1364 970 Rationi
1393 884 1590 1000 (pridem,
1627 891 1730 1008 quia

231 1032 353 1103 actus
402 1010 542 1096 civilis
588 1011 852 1125 regulariter
892 1006 1250 1123 praedisponitur
1296 1007 1353 1094 ad
1393 1011 1725 1100 matrimonium

232 1137 572 1226 ecclesiasticum
602 1132 944 1232 celebrandum,
978 1149 1019 1216 et
1056 1131 1244 1218 continet
1291 1131 1518 1250 utriusque
1564 1138 1730 1253 agentis

235 1261 525 1348 intentionem
561 1289 609 1344 ac
645 1257 914 1372 propositum
955 1255 1223 1344 matrimonii
1246 1255 1302 1342 dc
1328 1255 1490 1344 futuro.
1521 1261 1574 1344 dt
1597 1289 1729 1346 ecou-

232 1402 298 1472 tra
332 1383 510 1470 videtur
544 1379 796 1468 huiusmodi
833 1379 945 1465 actui
986 1375 1210 1466 unitoriam
1248 1396 1291 1464 ct
1326 1378 1512 1468 sormam
1546 1414 1729 1498 sponsa·
1838 1411 1840 1416 ·

235 1511 343 1597 lium
381 1505 565 1592 omnino
599 1501 804 1591 deficere.
842 1505 956 1591 Sane
991 1503 1047 1589 de
1081 1502 1348 1620 sponsalium
1374 1505 1617 1592 substantia
1649 1527 1731 1596 est.

236 1653 284 1720 nt
317 1633 568 1718 contineant
605 1643 747 1714 aetum
788 1627 1084 1716 deliberatum
1127 1640 1308 1712 mutuae
1339 1629 1636 1740 promissionis
1669 1633 1736 1716 tu·

237 1755 319 1842 turi
376 1751 644 1840 matrimonii
688 1782 765 1865 per
814 1751 970 1837 idonea
1012 1753 1143 1838 verba
1185 1750 1252 1838 vel
1295 1749 1421 1865 signa.
1477 1753 1732 1840 manifesta-

237 1898 339 1981 tae,
378 1909 433 1964 ex
468 1892 589 1963 textu
628 1875 669 1960 in
705 1907 851 1960 cauma.
893 1877 1102 1960 Nostrates
1144 1877 1204 1960 30
1249 1892 1406 1989 ptruest.
1450 1877 1478 1962 5
1520 1895 1562 1962 et
1605 1907 1738 1962 com-

236 2002 360 2092 muni
395 2000 632 2086 sententia.
673 2003 871 2086 tamvero
905 2027 1211 2114 (puerorumque
1247 2001 1449 2100 intentio,
1488 2000 1734 2115 quodcum·

241 2157 327 2244 qne
364 2124 636 2240 propositum
672 2124 807 2210 futuri
845 2124 1023 2211 iueumii
1048 2122 1318 2211 matrimonii
1341 2141 1511 2210 scatens
1536 2156 1588 2208 ex
1618 2121 1737 2209 civili

240 2248 535 2347 caeremonia,
576 2266 707 2362 prout
740 2247 942 2334 similiter
977 2263 1111 2334 scatet
1146 2279 1199 2334 ex
1235 2250 1490 2334 tractatibus
1517 2247 1739 2347 dotalibus

241 2373 425 2490 aliisque
459 2371 629 2458 actibus
662 2371 994 2491 praeambulis,
1033 2371 1148 2458 haud
1184 2373 1448 2458 constituere
1485 2403 1609 2487 posse
1643 2401 1737 2456 ma-

244 2496 400 2584 teriam
436 2511 683 2583 contractus
718 2496 1009 2612 sponsalium,
1050 2497 1260 2582 nimirum
1305 2493 1596 2581 deliberatam
1645 2525 1742 2580 mu-

246 2639 459 2739 tuamque
483 2621 762 2734 sponsionem
791 2619 1027 2735 pariendau
1062 2618 1319 2732 obligationi
1356 2618 1556 2705 idoneam
1583 2618 1742 2704 docent

242 2747 293 2832 L.
339 2748 412 2830 to.
452 2741 502 2864 ff.
540 2742 591 2830 de
623 2744 755 2857 obtr'p.
794 2761 830 2827 et
869 2745 1023 2828 erctiou.
1057 2745 1106 2828 l..
1139 2745 1216 2828 99.
1254 2742 1299 2863 S.
1349 2741 1392 2828 1.
1427 2739 1476 2861 ff.
1525 2742 1576 2827 dc
1623 2738 1737 2826 eerb.
1794 2759 1800 2772 '

243 2868 376 2984 ottiq.
415 2869 607 2958 Saneircz
636 2867 687 2953 de
720 2869 905 2952 ruutrim.
953 2867 1027 2953 tit.
1066 2865 1309 2986 t·.'dr‘sput.
1347 2867 1392 2952 5.
1431 2866 1476 2985 S.
1519 2869 1561 2952 1.
1594 2865 1738 2952 Piton.

243 2991 416 3107 disccpt.
436 2992 575 3080 eccles.
590 2993 667 3078 52.
684 3024 728 3078 u.
744 2992 820 3076 72.
838 2991 1337 3107 Schmalzgrncbertom.
1357 2992 1383 3075 1
1394 3007 1510 3104 pert.
1536 2991 1551 3073 1
1570 3058 1579 3076 .
1597 2989 1663 3075 u'c.
1693 2987 1737 3072 1.

247 3115 296 3202 de
329 3115 516 3231 sponset.
554 3119 663 3204 Rota
699 3115 835 3202 decr's.'
870 3117 977 3204 682.
1016 3149 1060 3204 n.
1093 3117 1137 3200 1.
1181 3131 1219 3198 et
1251 3145 1333 3230 sep.
1369 3145 1456 3200 cor.
1510 3113 1737 3207 Leucetta,

248 3239 398 3337 decis„
433 3238 570 3328 1285.
606 3273 648 3324 n.
684 3243 729 3326 3.
760 3272 846 3326 cor.
886 3242 1078 3326 Enoria.

376 3367 591 3452 Externae
639 3381 786 3451 autem
834 3363 1193 3452 manifestationis
1242 3361 1341 3449 iicet
1378 3363 1490 3450 nuda
1525 3363 1580 3448 sit
1616 3389 1746 3478 prae-

250 3486 407 3604 scripta
441 3488 598 3589 forma,
636 3519 688 3574 ex
724 3489 815 3602 ipsa
854 3505 1000 3574 tamen
1045 3487 1106 3575 rei
1154 3499 1307 3573 natura
1341 3486 1655 3603 consequitur,
1696 3497 1746 3568 ut

250 3611 370 3730 signa
406 3613 460 3699 ad
488 3643 582 3698 rem
606 3612 893 3728 significatam
934 3612 1182 3728 adaequate
1216 3611 1552 3724 exprimendam
1588 3609 1745 3694 idonea

249 3765 340 3822 esse
374 3734 587 3834 debcant,
625 3734 735 3823 adeo
771 3753 819 3822 nt
852 3751 1077 3852 nequeant
1112 3749 1229 3821 certo
1263 3733 1420 3820 certius
1476 3731 1742 3852 sponsalium

251 3859 437 3945 formam
473 3858 684 3946 exhibere
716 3861 871 3962 verba,
900 3889 1012 3977 quae
1033 3887 1207 3947 sensum
1233 3857 1491 3974 exprimunt
1516 3859 1644 3974 piane
1669 3882 1749 3967 op·

252 3981 441 4098 positum
477 3983 832 4070 contrahentium
861 3983 1092 4070 volontati.
1119 3983 1163 4070 V
1163 3979 1261 4067 erbe
1284 3981 1389 4067 euim
1415 3982 1475 4068 ait
1499 3980 1674 4092 ttieher.
1703 3975 1749 4061 iu

255 4103 417 4220 disput.
456 4104 506 4190 de
544 4108 766 4221 interpret.
803 4124 1003 4194 contruct.
1043 4123 1080 4193 et
1115 4104 1253 4191 ultim.
1291 4105 1452 4192 uolutat.
1481 4104 1508 4224 S
1542 4103 1647 4191 187.
1687 4097 1745 4184 ad

253 4228 579 4346 sipuificeudmu
613 4231 749 4316 auiuu'
775 4263 933 4316 sensum
965 4231 1083 4317 tetrice
1115 4246 1209 4316 suut
1245 4227 1586 4316 instituissent
1613 4253 1744 4340 porro

253 4351 392 4468 magis
427 4373 674 4470 repugnat,
713 4385 846 4472 quam
883 4368 1055 4472 tempus
1090 4384 1294 4470 praesens
1328 4387 1352 4440 a
1389 4353 1532 4438 verbis
1568 4377 1745 4464 expres·

258 4503 371 4578 snm,
409 4477 685 4566 defuturum
722 4478 781 4565 ab
815 4481 961 4565 animo
996 4477 1348 4570 contrahentium
1390 4476 1593 4562 volitum.
1641 4469 1751 4554 Hinc

255 4597 412 4685 merito
449 4601 710 4689 Benedictus
745 4605 864 4690 xlv.
903 4605 944 4690 iu
981 4604 1121 4690 lustit.
1160 4603 1221 4688 te
1253 4633 1294 4685 u.
1317 4601 1377 4686 23
1402 4593 1654 4686 huiusmodi
1678 4621 1744 4676 ra·

258 4720 365 4808 tioui
397 4724 684 4813 contrahendi
710 4727 926 4842 sponsalia
953 4757 1032 4843 per
1057 4727 1191 4814 verbe
1221 4723 1276 4812 de
1299 4721 1518 4841 praesenti
1557 4715 1747 4804 insaniae

256 4843 468 4964 salsaeque
501 4845 719 4936 doctrinae
753 4869 900 4939 notam
937 4851 1088 4940 inurit.

259 5017 262 5022 ·
382 4973 699 5061 Auctoritatem
753 5003 855 5062 vero
904 4975 1171 5092 sponsalium
1207 4988 1443 5064 assertores
1494 4977 1751 5053 mutuantur

195 5127 197 5130 ·
258 5091 322 5178 4⁰.
358 5109 540 5210 excep.
569 5096 707 5184 atrita.
734 5101 976 5188 iunocentii
1010 5103 1083 5187 111.
1122 5099 1175 5188 de
1208 5098 1443 5212 desponset.
1492 5085 1650 5204 imput.
1705 5083 1749 5169 iu

260 5245 347 5336 quo
380 5219 530 5308 Glossa
554 5221 661 5310 haec
684 5221 897 5311 adnotare
912 5225 1097 5313 censuit:
1121 5273 1150 5289 -
1172 5223 1250 5310 Est
1265 5217 1335 5308 tic
1352 5227 1638 5334 erprnueutum
1656 5238 1744 5293 rua·

256 5337 470 5458 aisestum,
490 5344 603 5462 quod
634 5347 673 5433 si
709 5347 848 5433 minor
879 5347 924 5432 iu
957 5345 1237 5435 contradendo
1270 5359 1414 5430 utatur
1445 5336 1582 5426 uerbis
1612 5329 1746 5450 perti·

257 5463 446 5554 uentibus
469 5467 526 5554 ud
549 5467 862 5560 runtrimonium
892 5471 1233 5569 contrahendum,
1252 5465 1464 5555 contradit
1481 5457 1753 5578 mensatim-

260 5583 323 5674 2⁰·
362 5621 417 5678 θΧ
449 5623 543 5709 0⁰11·
565 5625 638 5682 wt-
675 5593 723 5716 3·
759 5605 871 5694 idem
905 5629 1065 5717 quoque
1103 5597 1154 5686 de
1181 5595 1416 5713 desponsat.
1449 5583 1607 5704 impub.
1634 5584 1679 5670 ia
1702 5581 1747 5666 6.
