4530 6336
726 379 807 467 Die
839 381 900 467 26
932 377 1039 465 Iulii
1074 377 1209 491 1879.
1625 377 1715 466 343

356 495 456 594 Post
488 503 593 593 haec
626 501 774 591 omnia
808 501 1047 620 dignentur
1069 504 1153 589 Eli.
1180 501 1275 590 VV.
1304 501 1421 590 iuxta
1440 503 1715 620 exploratam

231 627 492 746 sapientiam
528 657 576 715 ac
593 623 834 714 doctrinam
859 621 945 747 qua
969 623 1242 742 praefulgent
1261 621 1585 745 infrascriptum
1609 653 1715 712 euo-

233 751 341 840 dare

868 869 1086 958 DUBlUlll

236 1147 239 1160 ·
355 1115 426 1202 Aa
459 1118 514 1204 sit
547 1115 839 1204 considentium
872 1115 999 1205 SSri'ao
1018 1146 1103 1233 pro
1126 1114 1433 1232 dispensatione
1453 1119 1719 1207 matrimonii
1763 1221 1767 1230 .

229 1240 319 1326 rati
351 1255 389 1326 et
421 1271 501 1327 aon
532 1240 803 1328 contaminati
839 1240 883 1325 ia
916 1271 1026 1327 casa.

358 1695 626 1784 Affirmative
659 1698 795 1784 vetito
833 1695 927 1783 viro
961 1688 1148 1784 transitu
1187 1696 1242 1784 ad
1276 1695 1379 1784 alias
1431 1695 1607 1812 nuptias
1659 1696 1722 1784 in-

234 1819 427 1910 oousulta
461 1822 505 1910 S.
543 1819 909 1938 Congrcgatiouc.
964 1877 971 1892 ·

242 2371 249 2418 ²
319 2407 322 2414 ‘
363 2285 606 2476 laa'UEtt.
644 2383 1335 2476 SUSPENSlONlS.=Sacerdos
1368 2381 1560 2500 Angelus
1594 2381 1717 2471 Ralla
1748 2363 1855 2453 3⁶⁸³·
1896 2361 1958 2451 ll*
1982 2389 2080 2480 ⁶01>i
2114 2359 2135 2446 l

232 2507 457 2595 lanuensis
475 2504 832 2610 lli-chidioeccsis,
855 2507 930 2624 qui
948 2505 1101 2624 viginti
1121 2524 1164 2595 et
1184 2506 1295 2594 ultra
1313 2505 1402 2593 lere
1414 2504 1575 2593 abhinc
1591 2505 1718 2594 annis
1782 2485 1835 2575 ‘lt
1864 2483 2055 2608 Reim-

233 2629 590 2746 procurationem
616 2629 844 2717 universae
862 2629 1128 2718 substantiae
1148 2629 1338 2718 lumiliae
1360 2627 1499 2718 Solari
1517 2629 1717 2746 gerebat,

232 2751 354 2839 initio
378 2752 482 2840 anni
507 2751 696 2840 t878ah
719 2750 1060 2868 Archiepiscop'o
1086 2751 1184 2840 viva
1202 2751 1524 2840 voce-monitus
1548 2749 1645 2856 luit,
1676 2747 1722 2838 ut

233 2875 292 2962 ab
324 2904 376 2962 cn
410 2877 715 2990 procuratione
750 2875 994 2964 desisteret.
1021 2875 1151 2988 Quod
1174 2905 1274 2962 cum
1300 2877 1392 2992 ipse
1413 2905 1625 2993 peragere
1655 2904 1721 2961 re·

233 2997 413 3102 unisset,
443 2999 541 3088 hinc
564 2999 681 3086 edito
715 2996 892 3085 decreto
927 2997 1013 3086 diei
1049 2998 1108 3084 tt
1130 3000 1221 3086 lau.
1264 2998 1386 3086 t878
1408 3029 1459 3084 ea
1486 2995 1719 3113 informata

236 3121 560 3208 couscientiaab
595 3120 800 3208 ordinum
836 3119 1045 3209 exercitio
1079 3152 1311 3238 suspensus
1344 3121 1441 3208 luit.
1477 3119 1612 3207 Huius
1645 3119 1724 3208 de·

233 3241 339 3328 creti
360 3243 505 3358 rigore
531 3244 724 3360 Angelus
744 3245 965 3358 perculsus
986 3244 1159 3331 subdia
1189 3245 1247 3332 t2
1265 3243 1398 3331 Febr.
1426 3273 1528 3332 mox
1552 3241 1723 3333 recitati

235 3363 339 3450 anni
356 3366 694 3486 Archiepiscopo
718 3367 862 3456 literas
886 3367 1026 3468 dedit,
1053 3367 1214 3484 quibus
1238 3367 1440 3482 exposuit
1464 3363 1631 3453 intendo
1655 3363 1723 3452 di·

234 3485 429 3574 cltiarare
444 3487 769 3602 aeplicitameate
802 3523 827 3575 a
864 3491 920 3580 V.
938 3491 993 3579 Ε.
1010 3491 1063 3578 R.
1084 3488 1154 3578 alre
1187 3522 1285 3578 sotto
1302 3489 1577 3606 prontissimo
1600 3521 1627 3574 a
1657 3491 1720 3575 ri·

232 3611 433 3697 nunciare
465 3613 511 3698 ire
543 3613 777 3730 qaalaapae
807 3613 1070 3701 cooaeaeoole
1101 3613 1243 3731 forma
1275 3611 1365 3701 alla
1397 3613 1511 3701 detta
1541 3643 1725 3728 procura

231 3729 377 3818 Solari
409 3765 484 3820 con
516 3765 729 3848 proraessa
763 3737 811 3824 ali
843 3770 923 3824 aori
957 3739 1184 3854 iaperirmi
1201 3735 1316 3852 nepti
1337 3735 1469 3858 assari
1502 3731 1618 3822 della
1637 3766 1729 3839 moq

233 3885 336 3942 traca
367 3853 512 3944 Solori
542 3859 806 3975 caprimenda
839 3860 897 3948 act
928 3893 984 3947 aa
1017 3879 1149 3975 tempo
1182 3861 1219 3948 il
1247 3860 1462 3982 profonda
1500 3853 1645 3946 dolore
1678 3855 1725 3964 di

233 4007 363 4064 essere
400 3997 507 4068 stato
551 3985 595 4069 ia
638 3984 811 4100 qualche
853 3981 975 4071 modo
1028 3986 1237 4072 occasione
1277 3983 1325 4070 di
1369 3983 1639 4098 spiacimeato
1682 3972 1726 4066 al

233 4098 459 4216 Superiora
502 4103 572 4192 clte
607 4105 748 4222 ooplio
781 4138 939 4222 serapte
983 4137 1156 4205 amare,
1192 4111 1416 4220 rispetlare
1454 4104 1507 4192 ed
1532 4101 1728 4191 obhedire

236 4253 310 4311 coa
350 4220 394 4309 la
430 4229 646 4344 mappiore
683 4261 947 4317 osseroaaza.
1444 4315 1447 4324 .

249 4352 254 4360 '
358 4349 749 4439 Renuntiationem
784 4383 913 4471 porro
946 4353 1061 4445 hisce
1095 4351 1242 4442 verbis
1275 4368 1534 4470 conceptam
1568 4347 1721 4434 Archi·

234 4469 471 4588 episcopali
504 4473 663 4562 Curiae
698 4479 897 4589 minime*
917 4477 1110 4566 arrisisse
1142 4473 1332 4576 videtur,
1361 4469 1726 4591 quandoquidem

235 4598 344 4695 rata,
382 4593 500 4712 quod
535 4597 607 4684 illa
642 4601 776 4687 verba
810 4599 979 4688 laterado
1014 4592 1259 4688 dichiarare
1264 4662 1358 4686 .....
1365 4587 1435 4684 clia
1468 4623 1564 4682 sono
1596 4623 1726 4707 proa-

236 4715 394 4802 tiesimo
428 4751 454 4804 a
485 4719 728 4810 riaaaciare
762 4722 947 4812 minime
968 4721 1339 4812 renuntiationem
1361 4713 1541 4838 proprie
1564 4713 1745 4834 dictam,

232 4839 548 4929 secumlerrcnt
580 4842 657 4932 sed
694 4861 865 4934 tantum
884 4845 1165 4936 renuntiandi
1201 4845 1489 4963 propositum,
1526 4839 1629 4927 hinc
1674 4831 1730 4926 ad

233 4959 412 5081 Ordinis
446 4965 704 5054 exercitium
739 4970 955 5086 Angelum
992 4971 1222 5058 restituere
1265 4997 1352 5054 non
1400 4993 1538 5081 posse
1574 4959 1729 5048 authu·

233 5084 391 5172 mavit.
425 5085 516 5176 lloc
547 5108 697 5202 autem
730 5120 830 5181 cum
862 5095 1035 5212 Angelo
1070 5091 1232 5189 lactum
1268 5089 1417 5189 luisset
1451 5105 1620 5188 notum,
1646 5083 1731 5171 sub

234 5201 311 5294 die
342 5209 372 5295 8
405 5213 546 5300 Martii
572 5213 691 5301 t878
725 5245 885 5304 novam
919 5215 1013 5334 ipse
1047 5212 1185 5302 edidit
1222 5210 1593 5322 renuntiationem
1608 5205 1734 5294 'hisce

234 5329 383 5420 verbis
433 5353 692 5456 conceptam
738 5355 1004 5428 arctamenta
1041 5337 1238 5426 dichiaro
1268 5366 1345 5424 aaa
1378 5335 1421 5425 la
1457 5345 1647 5449 presente
1683 5329 1739 5416 ia·

233 5449 358 5541 modo
390 5457 537 5546 altiora
564 5462 752 5576 positivo
807 5461 858 5548 ed
887 5461 1095 5577 esplioito,
1128 5457 1200 5548 clre
1243 5461 1284 5546 io
1318 5451 1490 5546 intendo
1536 5450 1729 5566 eaoplio

231 5575 478 5668 rinartoiare
511 5583 601 5668 alla
634 5581 747 5673 detta
773 5617 962 5704 procura
1005 5583 1080 5672 atat
1127 5600 1326 5672 momento
1365 5581 1436 5668 alte
1479 5579 1542 5665 eid
1587 5575 1645 5662 mi
1686 5573 1725 5660 si
1865 5649 1881 5676 ,
