4558 6340
555 267 649 357 270
1053 265 1138 352 Die
1169 265 1220 352 2l
1263 264 1380 352 lamii
1412 263 1549 355 t879.

559 419 699 480 exeo
732 385 854 505 quod
887 385 1040 506 qrroris
1074 387 1269 475 veritatis
1312 386 1603 480 fundamento
1635 381 1859 477 deficiant.
1885 384 2051 478 Verum

560 541 801 634 parumper
837 511 1027 599 admisso
1057 508 1178 627 quod
1218 509 1458 598 adversarii
1493 511 1754 602 assertiones
1777 504 1963 595 veritate
1987 512 2051 598 ni-

563 651 727 737 tantur,
758 651 902 719 tamen
937 663 1011 720 eas
1048 631 1173 720 nihili
1213 631 1435 722 faciendas
1469 665 1563 726 esse
1596 645 1809 724 autumat.
1845 629 2053 740 Quando—

562 755 743 875 quidem
777 754 986 842 tritissimi
1014 753 1119 841 iuris
1152 785 1245 842 csse
1276 755 1338 842 ait
1371 787 1636 848 successores
1667 755 1743 874 qui
1773 752 1869 839 iure
1896 782 1976 841 suo
2008 771 2051 844 ct
2129 861 2132 866 .

549 876 915 994 ¹independenter
956 877 1157 980 veniunt,
1195 907 1342 994 neque
1377 908 1550 966 causam
1581 911 1605 970 a
1643 877 2049 996 praedecessoribus

562 1001 744 1103 babent,
773 999 938 1086 nullam
963 998 1277 1115 obligationem
1300 1029 1355 1086 ex
1377 1029 1530 1088 eorum
1555 1001 1668 1090 lacto
1692 1001 1760 1088 vel
1786 997 2051 1112 negligentia

564 1123 832 1214 contrahere.
845 1123 891 1208 ln
908 1123 1029 1210 cuius
1047 1121 1287 1210 sententiae
1305 1121 1682 1212 confirmationem
1703 1119 1879 1210 adducit
1896 1119 2051 1210 doctri·

562 1276 667 1334 nam
704 1241 838 1336 Card.
861 1247 928 1332 De
951 1247 1066 1332 Luca
1087 1245 1163 1360 qui
1197 1243 1241 1330 in
1265 1243 1369 1330 diac.
1392 1248 1450 1334 77
1467 1249 1624 1334 66667
1648 1245 1700 1332 dc
1722 1242 1913 1358 Ernpltit.
1933 1261 2050 1360 post·
2171 1335 2174 1338 .

565 1397 698 1486 quam
734 1366 959 1455 tradiderit
981 1367 1100 1484 quod
1122 1365 1375 1482 Capitulum
1409 1399 1584 1486 semper
1607 1397 1743 1457 unum
1768 1380 1812 1454 et
1842 1363 1960 1452 idem
1985 1397 2051 1454 re-

565 1505 729 1592 manet,
770 1487 868 1576 licet
903 1518 1113 1606 personae
1147 1505 1387 1594 mutentur,
1415 1490 1522 1578 baec
1555 1490 1680 1580 addit
1711 1537 1740 1554 -
1773 1487 1834 1576 ibi
1866 1535 1897 1552 -
1924 1527 1940 1564 ι
1969 1488 2049 1576 Αι-

569 1653 586 1690 r
629 1629 775 1698 tamen
811 1610 856 1698 id
892 1610 1090 1727 procedit
1123 1609 1166 1696 in
1204 1610 1255 1698 iis
1287 1641 1402 1728 quae
1450 1627 1717 1701 concernunt
1766 1611 1910 1726 ipsum
1947 1641 2049 1697 cor-

571 1773 589 1811 «
629 1762 742 1850 pua,
781 1748 911 1849 atque
946 1732 1131 1821 iuridice
1164 1749 1266 1851 apta
1297 1749 1396 1820 sunt
1430 1733 1596 1824 allicere
1638 1762 1919 1836 successores,
1963 1763 2049 1821 non

571 1895 589 1934 ι
628 1869 776 1942 autem
810 1853 852 1940 in
888 1855 1073 1970 culposis
1097 1856 1165 1942 vel
1180 1855 1422 1944 criminosis
1455 1857 1820 1973 provenientibus
1849 1885 1904 1942 ex
1936 1855 2052 1972 ipso·

574 2019 591 2058 ι
630 2007 725 2063 rum
762 1976 864 2064 dolo
898 1979 966 2065 vel
1001 1977 1127 2093 culpa
1162 1977 1394 2094 personali,
1418 2009 1515 2066 cram
1540 1979 1647 2068 haec
1675 2006 1940 2066 successores
1965 2005 2050 2066 non

504 2168 509 2178 .
570 2141 587 2178 ι
627 2096 812 2186 alliciant
845 2131 900 2186 ex
934 2098 1132 2187 deductis
1157 2101 1200 2188 d.
1223 2100 1329 2190 eliac.
1351 2101 1368 2186 l
1396 2101 1446 2188 de
1468 2103 1640 2188 alienat.
1663 2119 1701 2188 et
1726 2115 1926 2188 contract.
1943 2131 2042 2215 pro·

571 2263 587 2300 ι
627 2220 754 2307 tit.»
781 2222 1004 2336 Explorati
1029 2223 1191 2340 pariter
1214 2223 1317 2310 iuris
1340 2253 1432 2312 esse
1456 2239 1581 2342 urget
1608 2221 1847 2341 longissimi
1880 2237 2046 2337 tempo·

564 2343 622 2432 ris
657 2345 997 2461 praescriptione
1030 2345 1275 2462 quamlibet
1308 2347 1523 2435 actionem
1559 2348 1733 2465 perimi.
1775 2348 1823 2431 ln
1861 2344 2049 2432 themate

566 2483 715 2554 autem
758 2466 923 2555 nedum
957 2468 1013 2556 de
1047 2469 1123 2570 30,
1163 2469 1231 2556 vel
1266 2469 1594 2573 tenerorum,
1634 2497 1787 2557 verum
1822 2465 1959 2553 ctiam
1994 2467 2049 2556 de

564 2589 801 2706 plusquam
835 2607 1012 2676 centnm
1046 2619 1263 2677 annorum
1299 2592 1639 2708 praescriptione
1672 2592 1757 2709 agi,
1800 2619 1915 2708 quae
1951 2607 2051 2676 tan-

566 2727 656 2797 tam
705 2711 794 2796 vim
844 2712 1051 2812 obtinet,
1105 2730 1151 2800 ut
1210 2712 1285 2830 qui
1345 2745 1442 2802 eam
1499 2715 1701 2801 invocare
1748 2712 1889 2812 valet,
1942 2713 2052 2798 titu-

566 2831 655 2919 lum
692 2832 958 2949 praeseferat
991 2832 1048 2921 de
1082 2834 1248 2924 mundo
1281 2836 1530 2924 meliorem.
1568 2838 1671 2927 Sive
1704 2863 1808 2950 ergo
1850 2830 2049 2922 adversa·

426 2969 429 2976 ’
564 2955 615 3042 rii
653 2985 803 3070 preces
837 2956 1021 3043 veritate
1054 2955 1304 3060 luleiantur,
1342 2958 1433 3046 sive
1468 2989 1570 3062 non,
1608 2959 1732 3046 illum
1756 2971 1901 3041 tamen
1936 2957 2050 3042 aiu·

567 3077 670 3166 dicii
706 3076 857 3166 limine
909 3079 1212 3196 repellendum
1259 3109 1351 3168 esse
1402 3081 1620 3170 concludit
1663 3078 1955 3197 Capitulum;
1992 3109 2043 3168 eo

568 3199 686 3319 quod
722 3199 818 3286 iura
852 3233 937 3290 non
972 3202 1312 3306 dormientibus,
1350 3203 1426 3292 sed
1460 3204 1744 3322 vigilantibus
1766 3199 1987 3288 assistunt.

689 3324 813 3434 Quae
846 3357 945 3413 cum
980 3329 1038 3413 ita
1071 3326 1154 3412 sint
1188 3325 1487 3443 dignabuntur
1520 3331 1602 3414 ΕΕ.
1642 3329 1734 3412 VV.
1772 3355 1824 3410 ea
1847 3354 1933 3438 qua
1958 3323 2045 3441 pol·

565 3442 658 3532 lent
690 3445 927 3560 prudentia
950 3465 1081 3566 atque
1115 3447 1394 3563 iurisperitia‚
1431 3447 1658 3569 sequentia
1691 3446 1900 3535 dirimere

1217 3692 1393 3780 DUBlA

691 3939 736 4022 l.
772 3937 845 4022 Aa
890 3938 955 4022 ius
1004 3951 1206 4050 competat
1248 3936 1458 4023 Cononieo
1506 3895 1733 4025 Gioccltetti
1781 3933 1996 4051 repetendi
2028 3967 2053 4020 a

569 4053 777 4171 Capitale
799 4089 996 4144 samaram
1020 4079 1224 4146 serstorum
1259 4059 1336 4146 til:
1365 4061 1422 4144 l7
1446 4059 1503 4145 od
1525 4062 1825 4148 Cranooicotum
1849 4058 2052 4174 Magnoni

561 4183 837 4293 pertinentem
871 4213 954 4268 666
987 4213 1076 4268 cum
1108 4180 1314 4302 [ructibus
1347 4181 1529 4270 decursis
1564 4184 1608 4268 in
1640 4215 1752 4270 casu.

688 4425 733 4512 2.
775 4427 843 4511 Ara
884 4455 963 4539 per
1011 4425 1254 4538 Capitulum
1301 4431 1358 4513 ait
1403 4427 1512 4516 locata
1544 4432 1824 4544 praestationi
1853 4424 2054 4544 publicae

564 4546 1190 4662 666966616666679666616116
1238 4548 1283 4637 di
1330 4551 1611 4640 Consolidato
1660 4553 1808 4672 facore
1852 4550 2056 4637 Cononici
2135 4617 2137 4619 -

565 4668 795 4809 Ciocclretti
826 4702 908 4756 666
941 4701 1029 4758 cum
1062 4670 1268 4791 [ructibus
1292 4671 1475 4802 decursis
1507 4708 1534 4760 o
1567 4673 1637 4760 die
1668 4694 1812 4791 coplae
1832 4673 2055 4791 possessio·

563 4821 630 4878 ma
662 4823 707 4878 tn
741 4823 853 4880 casu.

685 5035 732 5122 3.
766 5030 839 5120 An
871 5049 909 5120 et
941 5034 987 5118 ln
1019 5065 1099 5150 quo
1131 5065 1289 5122 sumata
1321 5034 1377 5122 sit
1413 5034 1522 5122 locus
1563 5035 1842 5125 ernendotiona'
1876 5037 2051 5127 damno·

561 5187 656 5244 rum
689 5189 741 5246 66
770 5172 892 5273 porte
925 5156 1117 5272 Capituli
1148 5157 1297 5277 [uvore
1328 5158 1606 5246 canonicatus
1640 5161 1684 5246 in
1717 5191 1828 5250 6666.

685 5401 757 5491 Ad
788 5405 823 5489 l.
859 5403 914 5491 11.
950 5419 994 5490 et
1027 5403 1100 5492 lll.
1137 5405 1361 5524 Negative.
