4350 6326
520 325 613 413 526
952 327 1037 416 Die
1066 331 1128 418 20
1159 331 1396 418 Decembris
1430 333 1569 422 1879.

647 451 762 563 Quin
798 451 931 540 obiici
966 453 1109 541 valeat
1144 453 1223 542 boc
1265 453 1454 543 de'iure
1488 473 1686 574 spectare
1732 456 1791 548 cd
1832 473 2023 548 testato-

522 601 616 661 rem
667 575 734 662 vel
780 574 1047 679 haeredem,
1089 577 1369 696 subindeque
1414 580 1685 668 consuetudo
1719 581 1826 672 baec
1862 583 2024 701 nequit

522 695 757 800 introduci,
781 697 926 815 prouti
962 699 1215 817 irnpeditiva
1250 701 1479 790 libertatis.
1501 705 1617 791 llaec
1649 703 1770 792 enim
1804 705 1902 794 talis
1929 736 2021 794 non

516 835 589 908 cst
623 835 670 906 ut
703 834 829 938 cogat
861 821 1073 910 haeredes
1109 825 1162 912 ad
1197 825 1470 913 evocandum
1494 827 1676 914 Clerum
1698 827 1741 913 in
1767 825 2023 932 luneribuS,

519 973 609 1060 quo
644 946 686 1031 in
721 975 821 1033 cusu
854 943 940 1032 dici
976 964 1119 1063 posset
1152 948 1412 1064 impeditivu
1445 948 1676 1049 libertatis,
1712 949 1790 1038 sed
1834 967 2014 1040 tuntum

523 1067 838 1182 praelationem
873 1067 986 1158 Cleri
1030 1069 1149 1158 iuxta
1181 1071 1484 1160 ordinationes
1517 1089 1561 1159 et
1593 1074 1766 1162 Statuta
1817 1073 1875 1163 ab
1923 1075 2022 1192 Epi·

519 1191 662 1306 scopis
698 1187 868 1279 firmata
903 1189 1085 1294 inducit,
1108 1195 1287 1312 qnando
1320 1195 1531 1286 haeredes
1576 1190 1716 1284 ¹velint
1761 1196 1891 1286 sunus
1937 1229 2023 1313 por

522 1311 627 1399 alios
662 1314 897 1414 associari,
939 1314 1055 1402 unde
1089 1315 1137 1402 lit
1186 1317 1305 1433 quod
1350 1320 1442 1433 ipsa
1493 1318 1686 1410 maxime
1736 1319 2021 1410 rationabilis

521 1432 606 1521 dici
640 1435 804 1524 debeat
835 1437 955 1524 iuxta
988 1437 1225 1554 Piqnutcll.
1267 1441 1344 1528 loc.
1382 1469 1526 1557 nuper
1570 1441 1642 1528 cit.
1698 1445 2020 1560 Praeterquam

520 1559 641 1674 quod
676 1561 913 1648 observare
946 1559 1008 1648 las
1042 1563 1257 1680 estquod
1294 1582 1380 1651 tam
1416 1564 1459 1650 in
1483 1563 1663 1652 decreto
1688 1563 1937 1682 Episcopali
1960 1567 2022 1656 de
2077 1615 2081 1626 ·

511 1709 635 1768 anno
661 1683 797 1784 1739,
820 1713 952 1801 quum
986 1683 1029 1770 iu
1054 1687 1232 1776 Statutis
1251 1687 1610 1804 Congregationis
1633 1686 1818 1776 minime
1842 1705 2021 1778 vetatur

520 1801 785 1892 haeredibus
822 1807 889 1894 ius
923 1807 1154 1896 benevisas
1176 1809 1261 1898 sibi
1284 1841 1490 1929 personas
1525 1809 1739 1898 invitandi
1774 1811 1831 1899 ud
1869 1812 2016 1918 luuuS,

517 1925 597 2014 sed
632 1943 802 2016 tantum
837 1931 1111 2046 Presbyteris
1144 1933 1402 2052 imponitur,
1432 1961 1486 2020 ne
1522 1935 1661 2050 ipsam
1712 1933 2017 2024 conditionem

522 2049 749 2166 accipiant.

643 2175 842 2262 lllinnsve
876 2175 1098 2294 suffragari
1119 2179 1294 2269 videtur
1316 2178 1436 2296 quod
1477 2180 1552 2266 tali
1585 2178 1910 2268 cousuetudine
1935 2183 2014 2268 Pa·

518 2295 639 2382 rocbi
674 2295 740 2385 ius
773 2297 973 2388 laedatur
995 2301 1114 2418 quod
1153 2303 1388 2418 praescribi
1412 2333 1498 2389 nou
1523 2315 1684 2420 potest.
1709 2302 2015 2393 lleuolendum

516 2419 634 2506 enim
660 2419 728 2507 hic
750 2423 956 2524 arbitror,
974 2426 1292 2542 quamplurimi
1316 2427 1537 2514 aestimari
1569 2426 1711 2514 solere
1735 2427 1793 2514 ab
1815 2428 1870 2512 ll.
1888 2427 1935 2516 S.
1957 2428 2011 2515 Ο.

519 2541 759 2658 peculiares
793 2545 987 2634 locorum
1022 2550 1377 2651 consuetudines
1406 2549 1578 2667 quaesi
1604 2549 1687 2636 rite
1714 2547 2008 2657 introductae,

519 2666 814 2783 praescriptae
847 2685 890 2756 et
912 2671 1123 2788 probatae
1157 2670 1334 2774 luerint,
1371 2670 1463 2758 vim
1496 2671 1604 2787 legis
1644 2673 1851 2760 obtinent
1887 2671 2012 2760 iuxta

516 2785 733 2908 lleiffcrcst.
759 2789 833 2877 tit.
870 2795 899 2880 2
936 2795 1102 2881 Decret.
1148 2795 1217 2882 tit.
1254 2797 1315 2882 26
1344 2827 1388 2881 rc.
1419 2794 1525 2898 tto,
1556 2793 1603 2882 S.
1629 2794 1837 2910 Conpreq.
1863 2788 1909 2882 in
1929 2795 2008 2884 Ro-

516 2943 639 2999 mona
655 2913 715 2998 21
729 2913 883 3002 Martii
906 2917 1017 3006 1821
1046 2915 1370 3040 §.Hoeoldquc
1384 2917 1517 3004 etiarn
1539 2915 1788 3005 verificatur
1804 2919 2009 3034 quamvis

515 3033 581 3123 ius
600 3037 909 3152 praescribenti
928 3039 1366 3141 resistat,dummodo
1386 3055 1531 3128 tamen
1545 3038 1816 3157 frequentiae
1832 3055 2011 3128 actuum

508 3157 807 3278 quadraginta
832 3193 1044 3251 annorum
1079 3152 1269 3281 spatium
1303 3193 1401 3252 eum
1439 3162 1565 3252 titulo
1590 3163 1657 3250 vel
1683 3162 2008 3254 immemoriale

517 3297 690 3397 tempus
723 3281 984 3403 suffragetur
1016 3287 1071 3376 ad
1106 3303 1206 3376 tecet.
1233 3289 1278 3375 in
1304 3319 1396 3402 cop.
1435 3287 1477 3372 1.
1510 3284 1847 3400 chrcescript.
1882 3288 1928 3370 in
1958 3289 2004 3388 6,

517 3404 2003 3530 DetucaDeteuescisattoslt„ttetfftoactsnttt‚rotulos

415 3635 417 3638 Ι
502 3528 871 3647 ’ρωοοίρυονονο
891 3533 932 3619 in
953 3534 1155 3623 funerum
1173 3533 1355 3624 materia
1370 3535 1509 3650 inqua
1533 3533 1713 3620 maximi
1729 3533 2004 3625 consuetudo

508 3647 625 3738 solet
658 3650 813 3740 baberi
849 3685 900 3742 ex
938 3656 1044 3772 Cep.
1084 3657 1328 3778 Certificnri
1369 3655 1600 3770 Desspult.
1625 3655 1730 3742 Rota
1757 3652 1884 3742 decis.
1916 3655 2005 3744 376

513 3803 557 3860 n.
581 3773 598 3857 1
618 3840 626 3858 .
644 3795 765 3886 port.
789 3778 806 3862 1
832 3799 983 3868 recent.
1011 3799 1053 3868 et
1089 3783 1206 3868 iuxta
1242 3810 1338 3869 enm
1359 3813 1382 3866 a
1405 3781 1449 3868 S.
1477 3781 1525 3868 C.
1553 3779 1830 3895 quaestiones
1853 3777 2001 3866 dirimi

515 3889 654 3980 solent
688 3901 750 3983 uti
786 3899 939 3988 videre
973 3921 1034 3990 est
1074 3904 1116 3989 in
1168 3903 1418 3989 Fabriorscn.
1460 3901 1644 4010 Quartae
1678 3899 1893 4021 funeralis
1939 3900 1997 3988 to

417 4117 421 4120 ,
514 4013 669 4103 Martii
696 4037 733 4106 ct
764 4025 791 4107 7
826 4021 1002 4138 Aprilis
1047 4026 1237 4129 trater
1267 4027 1297 4113 9
1326 4023 1608 4128 Febr.t73it,
1647 4021 2003 4112 Communem&-

507 4139 710 4254 pclturcc
738 4144 795 4233 18
827 4147 929 4234 Dec.
970 4149 1091 4237 1819
1124 4149 1236 4236 adr
1275 4148 1385 4236 Ded.
1424 4149 1470 4234 ln
1505 4177 1605 4236 cusu
1642 4166 1788 4236 autem
1830 4145 1998 4234 nedum

502 4262 865 4383 quadragenaria
889 4301 990 4358 cnm
1017 4273 1139 4360 titulo
1163 4289 1207 4358 ct
1229 4289 1405 4361 acturum
1431 4269 1676 4388 trequentia
1711 4271 1752 4356 in
1789 4283 1998 4385 promptu
2146 4359 2147 4396 ,

513 4404 594 4488 est,
612 4385 717 4478 dum
736 4392 950 4509 originem
972 4397 1131 4514 repetit
1151 4425 1205 4482 ex
1224 4392 1422 4512 Episcopi
1445 4391 1795 4493 confirmatione,
1838 4393 1914 4509 qui
1939 4409 2000 4480 est
2146 4403 2147 4486 l

497 4507 734 4602 ·Parocbus
767 4533 808 4602 et
850 4517 1003 4604 Pastor
1040 4519 1169 4606 tutius
1193 4516 1431 4617 Dioecesis,
1453 4515 1528 4604 sed
1563 4517 1620 4606 dc
1650 4514 1996 4634 praescriptione

497 4629 673 4748 viugiter
705 4636 935 4727 observata
970 4673 1018 4729 ac
1047 4643 1282 4759 plusquam
1318 4640 1569 4728 centenaria
1587 4637 1902 4728 consuetudine
1926 4635 1996 4724 fir·

499 4770 664 4856 muta,
712 4791 825 4877 quae
862 4763 1094 4852 secumlert
1135 4763 1364 4852 meliorem
1402 4761 1458 4851 de
1503 4761 1671 4852 mundo
1719 4761 1997 4876 titulumque

511 4875 719 4968 mediante
760 4887 901 4972 omnio
934 4885 1300 5004 praescribentur:
1329 4885 1438 4974 Rota
1465 4887 1511 4972 in
1538 4885 1664 4974 decis.
1686 4885 1778 4972 962
1797 4908 1890 4972 cor.
1911 4882 1995 4970 llic·

497 4998 617 5088 -·lt'ocs
649 5033 691 5090 n.
716 5005 792 5093 31.
830 5010 924 5097 lmo
959 5027 1077 5099 tanto
1111 5011 1193 5129 ipsi
1228 5007 1365 5097 virtus
1397 5007 1510 5098 inest
1548 5025 1597 5102 ut
1628 5035 1910 5128 praesumere
1934 5003 1994 5092 la·

494 5121 599 5210 ciat
634 5125 778 5243 ipsum
824 5133 1125 5251 Apostolicum
1162 5131 1485 5249 beneplacitum
1522 5131 1725 5250 quamvis
1766 5159 1854 5216 non
1892 5158 1988 5244 pro-

514 5243 688 5340 batum:
737 5253 906 5380 Bonfin.
959 5257 1025 5344 Dc
1063 5255 1486 5344 icreFidcicomncis.
1533 5253 1647 5371 disp.
1691 5252 1800 5343 tlt.
1826 5285 1870 5338 a.
1895 5250 1946 5340 31
1961 5315 1989 5351 .,

516 5367 625 5458 Rota
658 5372 769 5463 decis
802 5381 847 5468 6.
888 5413 932 5468 n.
977 5381 1056 5469 21.
1093 5410 1180 5468 cor.
1204 5378 1466 5476 Falcoocrio,
1502 5393 1541 5466 et
1569 5377 1698 5469 decis.
1725 5375 1818 5464 621
1853 5407 1898 5462 n.
1943 5375 1988 5470 8.

513 5521 600 5579 cor.
641 5495 846 5590 Olicotio.
