4350 6326
509 311 601 402 575
1105 309 1410 398 INDEX

607 473 656 558 Et
673 464 952 558 Innocentius
969 466 1052 551 Xll
1070 463 1223 552 reseri·
1380 463 1500 549 Licet
1534 491 1620 550 uon
1656 459 1803 550 desint
1838 463 1992 548 Docto·

509 609 585 710 pta
620 591 768 679 omnia
792 618 923 704 super
944 585 1226 674 condonatio·
1289 615 1356 674 res
1389 585 1464 702 qui
1500 584 1761 672 contrariam
1797 596 1995 699 proluen-

510 745 567 802 ne
600 745 648 804 ac
687 711 946 800 reductione
995 709 1225 796 Missurum
1288 723 1360 794 tur
1392 706 1653 796 sententiam
1683 735 1788 822 pop.
1827 705 1920 792 536
1952 705 1990 828 8.

512 835 652 925 voluit
685 835 763 923 lrac
797 830 988 921 clausula
1012 859 1105 918 esse
1128 859 1224 916 mu·
1288 828 1437 916 Nihilo
1469 845 1509 916 et
1541 859 1624 945 seq.

513 960 605 1048 nita
639 953 864 1044 dnmmodo
903 951 1113 1040 inolitiosc
1144 982 1227 1038 non
1380 950 1556 1040 Secluso
1579 949 1831 1068 Apostolico
1851 950 1994 1038 ludul-

512 1078 892 1168 onn'serintnnimo
916 1073 1097 1163 irridendi
1118 1104 1226 1159 conr·
1290 1091 1348 1178 to,
1387 1105 1468 1188 pro
1520 1071 1823 1161 satisfaciendo
1857 1067 1995 1160 domi·

505 1204 775 1320 positionem,
811 1197 922 1286 olins
944 1199 1087 1314 qratia
1109 1193 1226 1283 nnllo
1289 1195 1417 1284 nicali
1452 1211 1686 1313 praecepto
1721 1224 1895 1282 necesse
1938 1211 1997 1284 cst

511 1325 633 1414 modo
666 1324 919 1446 snffrnpetnr
952 1319 1060 1406 ibid.
1288 1322 1462 1408 Missam
1498 1319 1654 1406 audire
1676 1316 1769 1405 sive
1793 1318 1836 1404 iu
1860 1319 1995 1406 Eccle·
2146 1345 2147 1412 ἴ

605 1451 658 1534 Et
689 1449 734 1538 S.
771 1447 826 1534 Ο.
862 1445 907 1530 in
942 1471 1063 1530 more
1094 1441 1227 1527 habet
1288 1441 1350 1530 sia
1385 1441 1550 1530 sivein
1586 1439 1763 1556 publico
1797 1440 1994 1529 Oratorio

512 1567 793 1658 fundationes
827 1571 1052 1655 Missurum
1087 1593 1226 1680 usque
1286 1595 1387 1680 pop.
1424 1565 1485 1652 82
1518 1561 1563 1686 8.
1602 1562 1679 1660 En,
1716 1591 1816 1680 pop.
1860 1563 1994 1684 818.

513 1692 569 1781 ad
634 1717 852 1779 summam
921 1686 1225 1775 necessitatem
1288 1684 1459 1773 Altero.

512 1808 1222 1931 conservarepop.3l7§.Hisce.
1389 1809 1505 1920 Quin
1563 1821 1795 1896 teneantur
1851 1805 1999 1895 fideles

606 1940 756 2049 Quare
789 1963 875 2021 uon
923 1933 1056 2020 semel
1098 1930 1227 2018 abso·
1288 1931 1538 2019 Paroeciam
1575 1927 1698 2030 adire
1726 1961 1831 2046 paq.
1858 1931 1920 2018 85
1951 1928 1993 2049 8.

513 2059 727 2148 lotionem
743 2088 823 2174 pro
838 2053 1084 2172 praeteritis
1099 2053 1229 2141 ornis·
1290 2055 1494 2142 Ceterum.

512 2181 711 2269 sionibus
743 2177 976 2296 denegavit
993 2207 1098 2291 pop.
1137 2175 1227 2262 317

516 2301 561 2423 8.
604 2301 779 2413 Quibus.
1384 2297 1496 2388 Vide
1541 2298 1783 2396 Absolutio,
1830 2295 2001 2412 Episco-

605 2428 659 2513 Et
690 2421 845 2511 lortius
864 2420 1164 2509 reductionem
1184 2435 1228 2509 et
1288 2452 1383 2536 pus,
1422 2421 1641 2511 deductio..

516 2547 873 2637 exonerationem
904 2573 1006 2659 pop.
1045 2543 1135 2630 317
1179 2543 1224 2666 8.

513 2669 703 2757 Potiori.
1335 2665 1493 2758 MlSSA
1528 2665 1961 2758 CONVENTUALlS

608 2791 726 2878 Licet
750 2788 807 2876 de
832 2789 1101 2904 pauperibus
1125 2817 1228 2906 age·

512 2932 635 3004 retur
668 2912 863 3030 personis
896 2910 1007 2998 ibid.
1149 3004 1153 3014 ,
1384 2914 1457 2998 Est
1473 2911 1611 2999 divini
1632 2910 1755 3000 officii
1781 2935 1883 3029 pars
1895 2939 2002 3024 pop.

606 3031 884 3150 Quandoque
920 3047 1227 3120 tamenextre·
1290 3033 1382 3122 282
1416 3033 1461 3154 8.
1502 3033 1797 3123 Conuentnule.

514 3191 587 3248 ma
622 3156 771 3347 inopiq
792 3171 1080 3244 concurrente
1103 3157 1228 3242 abso·
1383 3159 1492 3246 Hinc
1525 3158 1567 3244 in
1587 3158 1794 3246 omnibus
1817 3153 2010 3243 Patriar-

515 3282 728 3372 lutionem
778 3293 822 3367 et
870 3277 1227 3366 exonerationem
1289 3275 2013 3382 calibus,Catlredrulibusetssol·

515 3403 700 3494 indulsit
726 3433 833 3518 pop.
870 3401 1021 3522 3188.
1047 3401 1093 3492 V
1090 3431 1222 3487 erem.
1290 3401 1458 3518 legistis
1492 3403 1692 3492 Ecclesiis
1721 3400 1928 3520 quotidie
1950 3413 2015 3484 est

607 3527 722 3614 Haec
755 3523 872 3612 enim
908 3541 972 3611 est
994 3525 1104 3610 insta
1126 3553 1227 3611 ean·
1290 3524 1557 3612 celebranda
1576 3541 1620 3612 et
1643 3523 1913 3643 applicanda
1934 3551 2016 3636 pro

513 3681 559 3742 sa
603 3665 692 3738 taur
736 3646 1055 3736 absolutionem
1094 3677 1224 3761 quam
1288 3646 1642 3738 benefactoribus
1660 3648 1701 3734 in
1716 3676 1881 3766 genere
1902 3639 2015 3730 ibid.

515 3771 874 3862 exonerationem
953 3768 1224 3859 concedendi
1383 3769 1463 3859 Cui
1498 3771 1621 3858 oneri
1657 3801 1811 3857 omnes
1846 3784 1892 3854 et
1929 3765 2019 3853 siu-

516 3894 626 3983 iln'd.
1287 3890 1376 4010 guli
1410 3891 1683 4008 Capitulares
1716 3925 1796 4011 pro
1821 3890 1917 3979 suis
1951 3888 2021 3974 vi·

605 4013 821 4106 Extinctio
836 4013 981 4103 oneris
996 4015 1221 4104 Missarum
1284 4007 2020 4105 cibussatislaceretenenturibid.

515 4138 1227 4254 clarisdebetargumentisosten·
1291 4153 1329 4224 et
1357 4167 1462 4255 paq.
1500 4140 1591 4225 116
1624 4139 1668 4262 8.
1708 4137 1796 4225 Ad.

513 4263 560 4352 di
574 4293 678 4380 pap.
705 4263 796 4350 538
814 4259 858 4382 8
883 4259 1224 4350 Ponderondum.
1409 4260 1585 4348 Minime
1641 4263 1848 4350 obstante
1911 4287 2028 4378 qua·

628 4387 780 4503 Neque
833 4379 987 4471 sufficit
1041 4383 1230 4498 simplex
1294 4413 1484 4502 cumque
1516 4387 1734 4474 contraria
1766 4397 2027 4474 consuetu-

514 4507 817 4628 praesumptio
834 4535 888 4594 ex
922 4505 1168 4596 centenaria
1191 4535 1233 4594 e·
1296 4506 1400 4596 dine
1433 4505 1503 4594 vel
1537 4509 1760 4598 redituum
1797 4505 2028 4594 tenuitate

516 4661 705 4748 xurgens
740 4628 850 4718 ibid.
1286 4661 1392 4746 pop.
1429 4630 1522 4717 282
1555 4630 1599 4754 8.
1638 4632 1953 4752 Οοπυρηωαὶε.

608 4755 760 4873 Neque
792 4751 1077 4871 praescriptio
1124 4781 1224 4873 pop.
1387 4753 1476 4840 Aut
1498 4751 1533 4841 si
1557 4755 1641 4843 alio
1660 4757 1903 4844 Missurum
1925 4781 2031 4840 oue·

515 4877 607 4966 538
641 4875 685 4998 8.
724 4877 875 4992 Neque.
1297 4906 1344 4964 re
1376 4873 1646 4993 capitulares¹
1670 4877 1874 4966 obstricti
1905 4877 2032 4964 inve·

608 4999 751 5112 Quam
785 5000 832 5090 S.
868 4999 925 5088 0.
962 5029 1049 5087 non
1093 4997 1229 5086 semel
1296 4997 1473 5086 ninutur
1495 4999 1665 5088 ratione
1685 4999 1858 5118 proprii
1895 5030 2037 5090 cano-

514 5121 770 5241 reprohavit
790 5151 894 5238 pap.
913 5123 1005 5210 539
1024 5119 1068 5240 8.
1095 5120 1223 5232 Haec,
1295 5120 1462 5210 nicatus
1495 5119 1605 5210 ibid.
1782 5184 1785 5192 ,

510 5276 615 5362 pap.
655 5245 737 5332 511
782 5241 824 5365 8.
863 5244 921 5332 od
953 5243 1100 5332 anb.
1386 5243 1592 5334 Canonici
1628 5261 1838 5336 tenentur
1868 5279 1961 5368 per
1991 5273 2036 5333 se
