4516 6318
524 303 615 392 tot
795 321 798 326 ’
1006 297 1088 384 Die
1120 299 1179 384 t3
1216 294 1368 384 Martii
1401 293 1538 384 l879.

519 427 596 518 ubi
631 423 879 514 Bonilacius
915 421 1026 512 Vttt.
1065 421 1237 508 nullum
1272 419 1468 508 declarat
1491 417 1828 508 matrimonium
1858 431 2037 508 contru-

519 568 638 640 ctum
676 581 699 636 a
733 545 999 665 quibusdam
1035 541 1345 660 impuberibus
1380 575 1460 662 per
1492 542 1631 630 verbu
1673 541 1731 631 de
1767 541 2037 657 praesenti3

523 673 675 764 subdit
709 686 857 760 tarmen
881 665 1148 784 -sponsnlia
1186 667 1267 755 illu
1307 667 1416 754 iuris
1460 667 1807 782 interpretatione
1864 681 2040 752 tuntum

521 797 651 917 fnisse
689 793 904 912 sponsalia
937 793 988 880 ale.
1025 792 1188 910 fratruo,
1227 791 1320 880 licet
1355 789 1479 878 saorla
1512 821 1747 878 eonsensum
1783 791 2046 905 caprimen-
2136 843 2139 846 ·

523 922 584 1008 tia
614 919 664 1006 alc
694 918 907 1036 praesenti
933 915 1144 1012 laederent,
1181 929 1219 1002 et
1250 915 1566 1002 matrimonium
1604 911 1856 1000 contradere
1897 914 2046 1000 inten-

523 1043 667 1130 derent
694 1040 1057 1130 contrudentes...
1093 1069 1171 1153 per
1205 1037 1363 1126 dictum
1396 1053 1669 1136 contractum,
1700 1038 1774 1154 qui
1795 1035 1973 1136 ualuit,
1998 1054 2046 1126 ut

516 1168 673 1284 potnit,
712 1199 793 1252 nors
824 1166 930 1252 sicut
962 1161 1179 1278 epotator,
1203 1163 1396 1278 prrrblicac
1422 1161 1646 1250 honestatis
1688 1162 1910 1248 iustitiam
1954 1191 2045 1250 esse

417 1303 419 1306 ’
522 1290 738 1378 inductam
761 1343 806 1376 -.

643 1415 728 1527 eri
763 1443 868 1500 vero
915 1411 1180 1500 contrariam
1231 1409 1493 1498 senitentiam
1530 1425 1722 1509 tuentur,
1762 1439 1842 1496 nee
1893 1409 2039 1528 pauci

520 1555 638 1640 sunt,
699 1567 778 1626 nec
829 1535 982 1624 leviter
1026 1533 1256 1638 dimicant,
1299 1548 1345 1620 ut
1386 1533 1590 1622 evincant
1642 1549 2043 1650 praememoratos

525 1680 669 1752 textus
704 1659 832 1748 aliter
867 1659 1048 1748 omnino
1083 1687 1175 1744 esse
1215 1657 1550 1774 intelligendos,
1604 1687 1749 1774 neque
1789 1655 2042 1746 ullatenus

524 1789 778 1885 decernere,
817 1783 935 1902 quod
972 1780 1302 1872 matrimonium
1327 1781 1496 1870 nullom
1523 1781 1565 1868 in
1590 1779 1808 1898 sponsalia
1830 1809 2037 1870 conver·

528 1927 662 1998 tatur.
699 1907 833 1998 Cuius
869 1907 930 1995 rei
963 1905 1183 2021 specimen
1237 1905 1389 1998 ridere
1431 1905 1617 2023 quisque
1668 1903 1829 2021 poterit
1885 1935 2039 2018 perms

524 2031 857 2122 Emmanuelem
892 2034 948 2122 Sa
982 2030 1025 2116 in
1060 2029 1302 2145 aphorismo
1336 2029 1687 2148 confessariorum
1720 2027 1843 2114 aerim
1865 2028 2038 2114 Matri-

523 2159 706 2244 monium
737 2188 782 2272 n.
819 2155 895 2241 42.
934 2152 1039 2240 Heio
1071 2153 1174 2242 satis
1207 2152 1289 2240 erit
1324 2184 1462 2240 rutrum
1499 2153 1612 2240 inter
1647 2151 1918 2242 recentiores
1968 2151 2036 2238 al-

522 2281 667 2398 legare
702 2277 962 2368 Berardium
998 2276 1226 2364 Commeat.
1255 2279 1297 2362 in
1321 2279 1404 2364 ins.
1431 2275 1570 2364 eccles.
1597 2277 1716 2364 unio.
1742 2275 1828 2363 ool.
1855 2278 1907 2362 2.
1936 2272 2034 2360 dis·

521 2419 622 2490 sert.
658 2403 704 2490 2.
742 2418 898 2518 praeest.
936 2401 982 2485 2.
1019 2401 1098 2488 Hic
1133 2431 1278 2518 porro,
1315 2399 1465 2518 quoad
1501 2399 1760 2516 rescriptum
1805 2401 2030 2488 lurrocen·

526 2526 571 2614 tii
607 2528 681 2614 ΙΙΙ.
720 2526 842 2643 parvi
890 2523 1048 2610 iaciens
1094 2525 1351 2642 opinionem
1387 2523 1709 2640 glossograpbi,
1759 2523 2027 2624 contendit,

522 2648 776 2740 dubitatum
813 2647 944 2736 luisse
979 2647 1022 2732 in
1060 2647 1155 2736 lacti
1191 2651 1335 2766 specie
1369 2648 1623 2737 innocentio
1660 2647 1916 2766 proposita,
1968 2675 2029 2732 an

522 2789 769 2864 contractus
805 2771 938 2858 initus
973 2770 1088 2858 inter
1122 2773 1314 2886 puellam
1351 2771 1630 2889 impuberem
1666 2790 1705 2858 et
1733 2769 1932 2858 nobilem
1965 2767 2028 2856 vi·

524 2927 640 2998 rom,
679 2895 753 3012 qui
788 2892 1067 2986 subharravit
1099 2892 1285 2984 earrdem
1321 2925 1533 2983 consenso
1573 2913 1727 2984 mutuo
1758 2893 2029 2992 accedente,

522 3021 595 3110 sed
632 3017 798 3135 nuptiis
816 3017 1138 3137 aliquantulum
1164 3019 1422 3136 prorogatio,
1453 3017 1779 3108 matrimonium
1806 3019 1918 3105 leret
1944 3047 2026 3104 seu

522 3143 683 3260 potius
702 3142 974 3259 sponsalium
1009 3159 1269 3248 contractum
1309 3143 1565 3234 Pontilicem
1589 3161 1738 3231 autem
1765 3141 1923 3230 merito
1943 3140 2023 3228 de·

523 3265 733 3366 finivisse,
773 3295 856 3350 nou
894 3264 1259 3380 coniugiumsed
1294 3266 1513 3384 sponsalia
1547 3267 1682 3356 luisse
1705 3281 1945 3354 eontracta.
1970 3261 2022 3350 ld

523 3389 640 3478 enim
675 3385 893 3476 suadebat
927 3403 1019 3476 tum
1054 3390 1240 3508 qualitas
1276 3391 1449 3507 puellae
1482 3391 1672 3482 necdum
1699 3391 1781 3476 viri
1806 3387 2020 3508 potentis,

522 3543 637 3633 quae
673 3511 832 3600 idonea
867 3529 960 3600 erat
993 3511 1048 3602 ad
1083 3506 1317 3628 sponsalia,
1364 3513 1574 3604 inidonea
1619 3515 1675 3604 ad
1725 3513 2016 3630 coniugium,

523 3653 614 3728 tum
651 3633 840 3724 lormula
875 3636 931 3724 de
967 3637 1128 3751 nuptiis
1162 3637 1486 3755 aliquantulum
1524 3635 1826 3757 prorogandis
1852 3633 2022 3726 Subdit

525 3759 713 3877 proinde
748 3759 864 3846 idom
898 3777 1052 3848 auctor
1072 3805 1102 3824 ·-
1125 3759 1265 3846 Aliud
1296 3776 1431 3850 nutem
1465 3779 1522 3850 est
1556 3759 1750 3850 derlitare
1783 3757 1834 3847 de
1866 3761 2017 3880 (octo,

524 3916 579 3972 an
612 3882 662 3972 ab
700 3883 823 3967 im'tio
857 3897 1069 3970 contractu
1101 3885 1316 3998 sponsalia
1351 3885 1451 3982 sint,
1489 3918 1543 3972 on
1576 3885 1842 4001 aoniupium,
1893 3875 2023 3970 uliud

526 4023 583 4094 est
617 4004 853 4118 disputare,
872 4023 1008 4091 utrum
1042 4037 1129 4091 curn
1165 4025 1316 4096 constet
1348 4010 1399 4096 ab
1434 4009 1561 4098 initio
1594 4041 1677 4096 non
1710 4007 1927 4124 sponsalia
1947 4001 2020 4092 ssd

526 4131 763 4244 eorriupium
799 4128 843 4214 iu
876 4143 1130 4216 eorrtractum
1163 4130 1298 4250 fuisse
1331 4131 1567 4231 deductum,
1606 4135 1642 4220 si
1675 4165 1756 4220 non
1786 4147 1921 4248 potest
1943 4159 2016 4216 ua·

527 4255 611 4340 lere
643 4253 898 4367 conirrpium,
932 4251 1128 4372 [lectatur
1161 4271 1275 4342 actas
1317 4257 1360 4342 in
1401 4257 1661 4371 spots-salium
1698 4254 2015 4372 oblipationem.

524 4377 622 4489 Quo
659 4405 761 4463 vero
796 4375 852 4464 ad
887 4376 995 4494 Cap.
1022 4409 1090 4464 un.
1120 4377 1171 4464 de
1203 4378 1440 4494 desponsat.
1480 4379 1637 4496 impul.
1675 4380 1720 4466 in
1742 4381 1772 4466 6
1793 4373 2018 4468 contendit

528 4501 699 4588 unicam
737 4499 943 4588 bonilaeii
983 4502 1094 4588 Vlll.
1132 4522 1326 4592 mentem
1360 4503 1509 4608 luisse,
1536 4521 1585 4591 ut
1607 4501 1814 4592 deliniret
1836 4533 1890 4589 ex
1914 4529 2015 4619 pro·

525 4623 666 4742 posito
703 4623 984 4740 impuberum
1020 4642 1248 4716 contractu
1281 4627 1386 4715 oriri
1423 4627 1792 4747 impedimentum
1828 4623 2017 4714 iustitiae

528 4746 731 4864 publicae
766 4747 1020 4836 honestatis·
1057 4751 1166 4838 Cum
1202 4766 1350 4840 autem
1385 4751 1466 4841 boc
1492 4751 1869 4871 impedimentum
1903 4743 2017 4839 deri-

527 4869 621 4958 vari
658 4901 743 4958 rron
778 4869 992 4988 potuisset
1023 4903 1076 4962 ex
1111 4875 1389 4964 matrimonio
1423 4875 1727 4993 impuberum,
1764 4873 1885 4994 quod
1917 4868 2028 4958 nul--

526 4991 617 5080 lum
653 5002 783 5084 etium
819 4993 970 5084 luisset
1002 5027 1056 5084 ex
1089 4997 1262 5088 delectu
1297 5029 1551 5103 consensus,
1579 4999 1789 5118 praetulit
1816 4991 2016 5088 Pontifex

527 5132 797 5206 contractum
821 5119 1115 5236 interpretari,
1141 5155 1190 5214 ac
1212 5125 1398 5229 cersuit,
1419 5173 1450 5190 ··
1471 5121 1687 5240 sponsalia
1711 5123 1794 5212 itta
1813 5121 1925 5210 iuris
1947 5117 2014 5203 irs·

441 5258 445 5268 ‘
528 5244 824 5354 terpretutioue
855 5243 986 5364 (uisse
1018 5247 1235 5362 sponsalia
1256 5247 1307 5336 de
1328 5247 1493 5370 futuro.
1519 5299 1548 5318 -·
1571 5247 1619 5336 ld
1653 5263 1732 5350 est,
1767 5243 1919 5336 subdit
1934 5243 2014 5328 ns·

527 5361 702 5452 sardius
721 5413 751 5430 -
770 5397 854 5454 noe
882 5367 1003 5456 abire
1035 5370 1202 5488 quidem
1236 5371 1282 5458 in
1313 5371 1549 5488 sponsalis.
1583 5369 1655 5458 secl
1678 5369 1735 5460 ad
1755 5367 2016 5488 sponsalis!

527 5485 850 5578 similitudinem
882 5489 1225 5606 impedimentum
1249 5524 1407 5609 ponere
1437 5493 1631 5610 psdliese
1661 5492 1905 5584 baensis.
1926 5537 1954 5554 -
