4516 6318
698 257 780 346 nte
812 255 872 344 45
903 257 1130 348 retrusus
1163 257 1300 350 aare.
1661 249 1754 358 aaa

253 430 270 468 ι
308 385 479 505 galibus
514 379 656 471 libera
691 379 981 498 possidendi,
1030 399 1348 471 nostrumnon
1388 397 1453 472 est
1496 381 1743 503 inquirere.

253 553 270 592 ι
309 511 448 599 Nemo
481 523 629 594 autern
673 503 837 594 dixerit
870 504 935 594 his
979 504 1152 623 piarum
1190 506 1456 598 leminarum
1506 515 1747 604 conventi-

252 675 270 716 «
307 634 392 723 bus
426 659 648 720 concessas
682 661 706 716 a
741 629 835 718 inre
880 629 1092 720 canonico
1138 629 1317 720 easdem
1358 629 1660 724 immunitates
1694 671 1745 728 ac

255 798 271 837 ι
311 754 601 874 Regularibus
649 750 969 870 speciatimque
1008 753 1335 842 immunitatem
1375 785 1399 841 a
1441 754 1746 852 iurisdictione

252 921 270 964 ι
308 877 549 1000 parochiali
594 876 637 963 in
669 874 884 995 exequiis.
917 877 1011 963 lmo
1044 878 1171 966 certis
1205 875 1483 966 documentis
1519 878 1535 1000 (
1554 913 1748 1000 quornm

210 1065 215 1072 -
252 1043 270 1085 ι
310 1001 565 1092 [asciculum
610 997 720 1088 inira
757 997 974 1119 exhibui)
1010 1001 1118 1087 mihi
1150 1017 1431 1116 compertum
1469 1016 1534 1090 est
1566 1007 1624 1093 D.
1659 1008 1746 1096 Di-

254 1167 271 1208 «
311 1127 405 1219 diot
427 1127 599 1214 incaute
616 1124 674 1210 ab
698 1121 867 1224 Anicio,
893 1123 1154 1242 Floriopoli,
1180 1123 1495 1226 Claromontio,
1530 1127 1752 1246 Lugduuo

256 1291 273 1330 ι
310 1249 513 1366 exempla
548 1247 785 1338 adduxisse
819 1247 1151 1336 consuetudinis
1174 1245 1353 1335 duorum
1387 1248 1660 1354 soeculorum,
1687 1256 1747 1342 si-

256 1415 271 1454 «
311 1374 492 1494 quidem
527 1371 686 1474 Anicii,
725 1387 827 1458 ante
861 1398 998 1458 annos
1031 1371 1191 1460 abhinc
1215 1371 1385 1490 viginti,
1412 1373 1591 1462 Sorores
1615 1377 1661 1467 S.
1685 1377 1751 1466 lo·

254 1539 272 1578 r
311 1497 420 1616 seph
454 1495 679 1613 sepultura
712 1493 1044 1584 mandabantur
1086 1527 1109 1583 a
1143 1496 1377 1600 Parocbo,
1426 1526 1568 1613 neque
1602 1529 1656 1586 ex
1696 1531 1749 1590 eo

255 1661 273 1700 ι
312 1638 515 1738 tempore
547 1619 794 1740 quidquam
842 1618 969 1707 aliter
1005 1619 1062 1706 ab
1108 1619 1320 1735 Episcopo
1352 1617 1577 1706 Aniciensi
1611 1637 1748 1713 statu·

257 1787 273 1824 ι
315 1763 408 1833 tum
447 1759 529 1848 est;
569 1743 734 1861 pariter
785 1741 987 1861 Lugduni
1022 1759 1069 1829 et
1115 1740 1373 1860 Floriopoli,
1412 1741 1488 1830 ubi
1528 1744 1752 1860 praefatae

255 1907 272 1946 ι
312 1870 494 1960 Sorores
513 1866 685 1953 nonnisi
720 1865 1089 1954 Communalibus
1125 1881 1306 1953 utuntur
1339 1866 1632 1971 coemeteriis,
1661 1869 1749 1958 imo

257 2033 273 2068 ι
311 2009 356 2082 et
389 1989 676 2084 Claromontii
721 1990 800 2078 ubi
836 1989 1153 2078 coemeterium
1187 1989 1352 2078 habent
1384 1990 1468 2078 sibi
1516 1994 1749 2108 proprium

257 2155 275 2195 c
315 2145 492 2233 semper
525 2113 582 2202 ad
615 2114 859 2202 Parochum
899 2131 1129 2202 recurrunt
1173 2114 1218 2201 in
1260 2112 1503 2219 funeribus,
1530 2115 1634 2232 quia
1657 2147 1754 2237 pos·

259 2279 277 2318 ι
316 2240 448 2328 sessio
496 2237 663 2356 proprii
713 2237 963 2325 coemeterii
1000 2237 1146 2326 stricte
1180 2267 1338 2355 perse
1373 2268 1458 2324 non
1495 2237 1664 2326 inducit
1698 2241 1752 2340 il-

260 2402 277 2441 ·
316 2363 403 2452 lam
437 2360 495 2452 de
529 2393 615 2480 qua
648 2360 919 2478 disceptatur
968 2359 1311 2450 immunitatem.
1364 2359 1660 2452 Nihilominus
1694 2393 1751 2453 ex

256 2525 274 2564 ι
314 2488 448 2576 citato
481 2484 659 2576 decreto
699 2483 903 2603 Episcopi
952 2483 1194 2572 Aniciensis
1243 2483 1345 2571 anni
1381 2484 1502 2570 t665
1544 2485 1756 2575 audacter

256 2645 274 2688 e
314 2607 450 2698 inlert
483 2614 540 2696 D.
575 2607 717 2696 lulius
766 2607 917 2696 Didiot
951 2638 976 2694 a
1009 2608 1247 2702 Sororibus
1278 2608 1324 2697 S.
1367 2607 1545 2724 loseph,
1586 2609 1754 2731 ubique

256 2771 273 2811 ι
312 2733 506 2822 locorum
542 2731 734 2818 invocari
774 2761 901 2849 posse
925 2729 1257 2818 connsuetudinem
1282 2729 1462 2818 duorum
1484 2731 1747 2820 soeculorum
1856 2771 1866 2787 ·

256 2895 275 2934 ι
315 2857 579 2978 antiquitate
603 2854 836 2942 firmatam.
863 2856 1016 2972 Neque
1041 2855 1230 2944 advertit
1263 2855 1442 2945 easdem
1476 2857 1656 2950 Sorores
1681 2887 1760 2943 ru-

257 3019 275 3058 «
314 2995 464 3068 center
497 2980 538 3066 in
575 2976 761 3067 dioecesi
808 2977 1075 3068 Virdunensi
1112 2977 1246 3068 luisse
1284 2977 1495 3066 admissas
1518 2978 1672 3097 ibique
1693 2978 1756 3068 cl·

256 3141 275 3183 ‹
316 3103 505 3192 lormare
537 3101 749 3190 lamilium
784 3102 842 3188 ab
864 3099 961 3189 aliis
982 3100 1182 3190 eiusdem
1208 3100 1397 3190 nominis
1415 3103 1597 3191 omnino
1620 3133 1752 3222 sepa·

258 3267 276 3306 «
315 3243 473 3315 ratam.
510 3229 720 3314 Fatemur
754 3241 900 3313 tamen
923 3223 1060 3344 quod,
1083 3225 1353 3344 quibusdam
1380 3227 1425 3312 in
1449 3225 1653 3314 locis-ubi
1688 3255 1758 3314 se-

258 3389 276 3429 «
317 3353 512 3470 pulcreta
555 3346 780 3469 possident
818 3349 931 3436 intra
975 3345 1407 3437 domorumsuarum
1456 3347 1633 3452 limites,
1685 3348 1751 3436 ibi

260 3513 279 3551 ι
320 3473 564 3563 ministerio
608 3471 832 3589 Capeliani
873 3471 942 3560 sui
980 3485 1162 3559 utuntur
1201 3472 1245 3559 in
1289 3473 1520 3592 exequiis:
1557 3473 1755 3590 haecque

261 3639 277 3676 ι
319 3599 518 3716 exceptio
554 3627 639 3684 uon
663 3595 853 3686 destruit
884 3595 963 3686 sed
1003 3595 1234 3684 confirmat
1256 3597 1507 3715 generalem
1533 3595 1749 3715 regulam,

261 3761 279 3799 ι
319 3753 432 3844 quae
467 3717 684 3839 praelatas
723 3721 904 3810 Sorores
939 3719 983 3806 in
1019 3719 1158 3810 Gallia
1198 3720 1391 3808 Parocbo
1434 3719 1652 3808 subiectas
1686 3747 1753 3806 re·

262 3887 278 3924 ι
318 3843 429 3933 tinet
462 3843 836 3964 quandocumque
857 3843 1133 3932 coemeteriis
1159 3859 1343 3932 utuntur
1365 3841 1749 3933 Communalibus.

260 4007 278 4046 ι
318 3967 388 4057 Ad
423 3969 530 4057 hacc
563 3983 711 4055 autem
747 3968 791 4054 in
823 3967 1009 4087 dioecesi
1047 3966 1313 4058 Virdunensi
1338 3999 1517 4085 semper
1549 3966 1759 4056 deleruu·

262 4130 280 4170 r
321 4107 395 4179 tur
428 4094 635 4214 Sororum
658 4090 871 4179 cadavera
894 4091 1141 4209 etquidem
1166 4092 1541 4210 processionaliter
1589 4107 1759 4179 etcum

263 4255 280 4293 c
319 4214 486 4304 lacibus
519 4228 649 4332 atque
682 4213 843 4303 exteris
878 4214 1092 4303 invitatis.
1137 4255 1154 4293 »

381 4341 465 4428 Res
499 4369 599 4426 cum
635 4333 693 4425 ita
721 4367 815 4426 sese
839 4335 1029 4425 habeant
1065 4339 1207 4426 inutili
1268 4368 1445 4458 prorsus
1478 4338 1650 4440 labore,
1675 4339 1752 4426 Pa·

262 4461 420 4551 rocbus
460 4461 625 4560 subdit,
677 4461 931 4551 lllonialium
982 4462 1242 4580 Capelianus
1290 4461 1347 4550 ad
1388 4459 1756 4550 consuetudinem

260 4585 496 4708 plusquam
541 4585 837 4672 centenariam
873 4586 1073 4688 recurrit,
1132 4617 1247 4704 quae
1301 4585 1401 4675 licet
1458 4616 1537 4702 pro
1570 4584 1756 4702 quibus·

261 4709 365 4798 darn
406 4709 663 4798 lllonialium
699 4711 745 4800 S.
784 4709 937 4829 loseph
987 4707 1193 4798 domibus
1226 4709 1333 4798 alibi
1359 4705 1661 4822 lexistentibus
1695 4704 1756 4794 al·

262 4832 451 4952 legatur,
474 4832 531 4922 ad
555 4863 628 4920 eas
665 4846 808 4918 tamen
846 4833 1091 4922 nullatenus
1124 4833 1303 4923 extendi
1329 4847 1487 4949 potest,
1510 4861 1611 4920 cum
1636 4830 1756 4948 ipsae

262 4955 479 5048 familiam
503 4955 735 5044 ellorment
758 4957 814 5043 ab
833 4957 925 5044 aliis
957 4956 1155 5046 eiusdem
1191 4957 1379 5045 nominis
1419 4955 1600 5043 omnino
1633 4985 1759 5072 sepa-

259 5095 419 5169 ratam.
457 5082 641 5170 Sublata
683 5108 787 5166 vero
820 5081 1143 5169 consuetudine
1191 5076 1440 5170 aedilicium
1474 5075 1597 5197 quod
1628 5107 1761 5195 supra

260 5205 522 5324 Capelianus
557 5219 822 5306 extruxerat,
859 5205 976 5291 molo
1000 5234 1078 5291 sua
1102 5217 1213 5306 ruat,
1253 5233 1429 5294 necesse
1451 5219 1532 5292 est.

389 5329 534 5418 Aliam
560 5325 754 5445 denique
778 5327 993 5415 rationem
1026 5357 1306 5446 oppugnans,
1330 5328 1373 5414 in
1393 5325 1558 5446 quade
1579 5324 1755 5414 statutis

260 5450 483 5544 Dioecesis
502 5449 790 5542 virdunensis
812 5451 1056 5558 disseritur,
1104 5453 1310 5541 observat
1342 5449 1606 5572 praeprimis
1621 5480 1763 5569 paro-
