<?xml version="1.0" encoding="UTF-8"?>
<!DOCTYPE html PUBLIC "-//W3C//DTD XHTML 1.0 Transitional//EN"
    "http://www.w3.org/TR/xhtml1/DTD/xhtml1-transitional.dtd">
<html xmlns="http://www.w3.org/1999/xhtml" xml:lang="en" lang="en">
 <head>
  <title>
</title>
<meta http-equiv="Content-Type" content="text/html;charset=utf-8" />
  <meta name='ocr-system' content='tesseract 3.04.00' />
  <meta name='ocr-capabilities' content='ocr_page ocr_carea ocr_par ocr_line ocrx_word'/>
</head>
<body>
  <div class='ocr_page' id='page_1' title='image "./thesaurusresolu00churgoog_0182.png"; bbox 0 0 4516 6318; ppageno 0'>
   <div class='ocr_carea' id='block_1_1' title="bbox 681 417 1683 510">
    <p class='ocr_par' dir='ltr' id='par_1_1' title="bbox 681 417 1683 510">
     <span class='ocr_line' id='line_1_1' title="bbox 681 417 1683 510; baseline 0.006 -8"><span class='ocrx_word' id='word_1_1' title='bbox 681 417 762 503; x_wconf 87' lang='lat' dir='ltr'><strong>Dic</strong></span> <span class='ocrx_word' id='word_1_2' title='bbox 797 417 854 505; x_wconf 89' lang='lat' dir='ltr'><strong>t3</strong></span> <span class='ocrx_word' id='word_1_3' title='bbox 889 417 1040 505; x_wconf 81' lang='lat' dir='ltr'><strong>Martii</strong></span> <span class='ocrx_word' id='word_1_4' title='bbox 1076 419 1210 506; x_wconf 89' lang='grc'><strong>1879.</strong></span> <span class='ocrx_word' id='word_1_5' title='bbox 1602 419 1683 510; x_wconf 87' lang='grc'><strong>171</strong></span> 
     </span>
    </p>
   </div>
   <div class='ocr_carea' id='block_1_2' title="bbox 172 539 1744 5719">
    <p class='ocr_par' dir='ltr' id='par_1_2' title="bbox 199 539 1692 785">
     <span class='ocr_line' id='line_1_2' title="bbox 199 539 1692 652; baseline 0.007 -28"><span class='ocrx_word' id='word_1_6' title='bbox 199 586 217 624; x_wconf 75' lang='grc' dir='ltr'>ι</span> <span class='ocrx_word' id='word_1_7' title='bbox 259 539 445 632; x_wconf 88' lang='lat' dir='ltr'><strong>Vescovi</strong></span> <span class='ocrx_word' id='word_1_8' title='bbox 482 540 524 627; x_wconf 93' lang='lat' dir='ltr'><strong>iu</strong></span> <span class='ocrx_word' id='word_1_9' title='bbox 564 571 800 652; x_wconf 88' lang='lat' dir='ltr'><strong>procurare</strong></span> <span class='ocrx_word' id='word_1_10' title='bbox 817 541 858 628; x_wconf 89' lang='lat' dir='ltr'><strong>la</strong></span> <span class='ocrx_word' id='word_1_11' title='bbox 872 541 1171 630; x_wconf 81' lang='lat' dir='ltr'><strong>celebracione</strong></span> <span class='ocrx_word' id='word_1_12' title='bbox 1204 541 1275 630; x_wconf 87' lang='lat' dir='ltr'><strong>del</strong></span> <span class='ocrx_word' id='word_1_13' title='bbox 1310 559 1527 632; x_wconf 91' lang='lat' dir='ltr'><strong>eontratto</strong></span> <span class='ocrx_word' id='word_1_14' title='bbox 1562 543 1692 634; x_wconf 88' lang='lat' dir='ltr'><strong>civile</strong></span> 
     </span>
     <span class='ocr_line' id='line_1_3' title="bbox 200 661 1691 785; baseline 0.006 -38"><span class='ocrx_word' id='word_1_15' title='bbox 200 713 217 747; x_wconf 67' lang='grc' dir='ltr'>ι</span> <span class='ocrx_word' id='word_1_16' title='bbox 258 695 339 785; x_wconf 87' lang='lat' dir='ltr'><strong>per</strong></span> <span class='ocrx_word' id='word_1_17' title='bbox 376 665 477 751; x_wconf 91' lang='lat' dir='ltr'><strong>tutti</strong></span> <span class='ocrx_word' id='word_1_18' title='bbox 512 664 570 776; x_wconf 75' lang='lat' dir='ltr'><strong>gli</strong></span> <span class='ocrx_word' id='word_1_19' title='bbox 606 661 741 750; x_wconf 63' lang='lat' dir='ltr'><strong>‹ettout</strong></span> <span class='ocrx_word' id='word_1_20' title='bbox 775 664 821 756; x_wconf 87' lang='lat' dir='ltr'><strong>di</strong></span> <span class='ocrx_word' id='word_1_21' title='bbox 866 664 1016 782; x_wconf 75' lang='lat' dir='ltr'><strong>legge,</strong></span> <span class='ocrx_word' id='word_1_22' title='bbox 1054 665 1238 753; x_wconf 89' lang='lat' dir='ltr'><strong>tuttavia</strong></span> <span class='ocrx_word' id='word_1_23' title='bbox 1287 697 1570 754; x_wconf 87' lang='lat' dir='ltr'><strong>eonveunero</strong></span> <span class='ocrx_word' id='word_1_24' title='bbox 1620 669 1691 756; x_wconf 92' lang='lat' dir='ltr'><strong>nel</strong></span> 
     </span>
    </p>

    <p class='ocr_par' dir='ltr' id='par_1_3' title="bbox 172 787 1744 2383">
     <span class='ocr_line' id='line_1_4' title="bbox 172 787 1695 903; baseline 0.003 -30"><span class='ocrx_word' id='word_1_25' title='bbox 172 833 218 873; x_wconf 58' lang='grc' dir='ltr'><strong>Ὶι</strong></span> <span class='ocrx_word' id='word_1_26' title='bbox 262 803 364 874; x_wconf 88' lang='lat' dir='ltr'><strong>voto</strong></span> <span class='ocrx_word' id='word_1_27' title='bbox 397 787 469 875; x_wconf 91' lang='lat' dir='ltr'><strong>dei</strong></span> <span class='ocrx_word' id='word_1_28' title='bbox 505 788 773 891; x_wconf 85' lang='lat' dir='ltr'><strong>Consultori,</strong></span> <span class='ocrx_word' id='word_1_29' title='bbox 801 788 881 876; x_wconf 81' lang='lat' dir='ltr'><strong>elie</strong></span> <span class='ocrx_word' id='word_1_30' title='bbox 906 791 1130 903; x_wconf 80' lang='lat' dir='ltr'><strong>poteransi</strong></span> <span class='ocrx_word' id='word_1_31' title='bbox 1168 789 1274 876; x_wconf 89' lang='lat' dir='ltr'><strong>darc</strong></span> <span class='ocrx_word' id='word_1_32' title='bbox 1308 789 1375 876; x_wconf 89' lang='lat' dir='ltr'><strong>dci</strong></span> <span class='ocrx_word' id='word_1_33' title='bbox 1401 791 1488 878; x_wconf 91' lang='lat' dir='ltr'><strong>easi</strong></span> <span class='ocrx_word' id='word_1_34' title='bbox 1524 790 1567 878; x_wconf 90' lang='lat' dir='ltr'><strong>di</strong></span> <span class='ocrx_word' id='word_1_35' title='bbox 1604 821 1695 878; x_wconf 89' lang='lat' dir='ltr'><strong>ma·</strong></span> 
     </span>
     <span class='ocr_line' id='line_1_5' title="bbox 204 910 1693 1031; baseline 0.004 -37"><span class='ocrx_word' id='word_1_36' title='bbox 204 958 220 994; x_wconf 72' lang='grc' dir='ltr'>ι</span> <span class='ocrx_word' id='word_1_37' title='bbox 264 910 443 1000; x_wconf 90' lang='lat' dir='ltr'><strong>trimoni</strong></span> <span class='ocrx_word' id='word_1_38' title='bbox 479 910 657 1028; x_wconf 83' lang='lat' dir='ltr'><strong>segreti.</strong></span> <span class='ocrx_word' id='word_1_39' title='bbox 695 911 857 996; x_wconf 90' lang='lat' dir='ltr'><strong>lnoltre</strong></span> <span class='ocrx_word' id='word_1_40' title='bbox 909 911 1218 1014; x_wconf 86' lang='lat' dir='ltr'><strong>rilletterono,</strong></span> <span class='ocrx_word' id='word_1_41' title='bbox 1256 913 1336 1001; x_wconf 92' lang='lat' dir='ltr'><strong>che</strong></span> <span class='ocrx_word' id='word_1_42' title='bbox 1369 915 1517 1030; x_wconf 88' lang='lat' dir='ltr'><strong>quella</strong></span> <span class='ocrx_word' id='word_1_43' title='bbox 1562 943 1693 1031; x_wconf 82' lang='lat' dir='ltr'><strong>gene·</strong></span> 
     </span>
     <span class='ocr_line' id='line_1_6' title="bbox 204 1033 1695 1154; baseline 0.005 -38"><span class='ocrx_word' id='word_1_44' title='bbox 204 1079 221 1116; x_wconf 76' lang='grc' dir='ltr'>ι</span> <span class='ocrx_word' id='word_1_45' title='bbox 265 1035 352 1124; x_wconf 90' lang='lat' dir='ltr'><strong>rica</strong></span> <span class='ocrx_word' id='word_1_46' title='bbox 386 1033 441 1123; x_wconf 92' lang='lat' dir='ltr'><strong>ed</strong></span> <span class='ocrx_word' id='word_1_47' title='bbox 478 1033 668 1122; x_wconf 86' lang='lat' dir='ltr'><strong>assoluta</strong></span> <span class='ocrx_word' id='word_1_48' title='bbox 701 1033 975 1154; x_wconf 86' lang='lat' dir='ltr'><strong>proibiziono</strong></span> <span class='ocrx_word' id='word_1_49' title='bbox 1009 1054 1166 1150; x_wconf 90' lang='lat' dir='ltr'><strong>poteva</strong></span> <span class='ocrx_word' id='word_1_50' title='bbox 1188 1066 1341 1151; x_wconf 89' lang='lat' dir='ltr'><strong>sapere</strong></span> <span class='ocrx_word' id='word_1_51' title='bbox 1374 1037 1419 1122; x_wconf 94' lang='lat' dir='ltr'><strong>di</strong></span> <span class='ocrx_word' id='word_1_52' title='bbox 1458 1069 1512 1123; x_wconf 92' lang='lat' dir='ltr'><strong>un</strong></span> <span class='ocrx_word' id='word_1_53' title='bbox 1548 1067 1695 1124; x_wconf 89' lang='lat' dir='ltr'><strong>nuovo</strong></span> 
     </span>
     <span class='ocr_line' id='line_1_7' title="bbox 206 1157 1696 1277; baseline 0.005 -38"><span class='ocrx_word' id='word_1_54' title='bbox 206 1157 609 1277; x_wconf 68' lang='lat' dir='ltr'><strong>«impedimento,</strong></span> <span class='ocrx_word' id='word_1_55' title='bbox 636 1157 717 1244; x_wconf 82' lang='lat' dir='ltr'><strong>clru</strong></span> <span class='ocrx_word' id='word_1_56' title='bbox 752 1157 918 1244; x_wconf 90' lang='lat' dir='ltr'><strong>volesse</strong></span> <span class='ocrx_word' id='word_1_57' title='bbox 953 1158 1188 1246; x_wconf 88' lang='lat' dir='ltr'><strong>introdursi</strong></span> <span class='ocrx_word' id='word_1_58' title='bbox 1224 1161 1267 1245; x_wconf 94' lang='lat' dir='ltr'><strong>in</strong></span> <span class='ocrx_word' id='word_1_59' title='bbox 1292 1159 1438 1276; x_wconf 90' lang='lat' dir='ltr'><strong>quella</strong></span> <span class='ocrx_word' id='word_1_60' title='bbox 1469 1159 1696 1275; x_wconf 89' lang='lat' dir='ltr'><strong>provincia</strong></span> 
     </span>
     <span class='ocr_line' id='line_1_8' title="bbox 205 1279 1700 1385; baseline 0.004 -21"><span class='ocrx_word' id='word_1_61' title='bbox 205 1327 221 1364; x_wconf 72' lang='grc' dir='ltr'>ι</span> <span class='ocrx_word' id='word_1_62' title='bbox 262 1313 310 1369; x_wconf 92' lang='lat' dir='ltr'><strong>su</strong></span> <span class='ocrx_word' id='word_1_63' title='bbox 350 1283 377 1368; x_wconf 92' lang='lat' dir='ltr'><strong>li</strong></span> <span class='ocrx_word' id='word_1_64' title='bbox 414 1279 686 1368; x_wconf 90' lang='lat' dir='ltr'><strong>matrimoni.</strong></span> <span class='ocrx_word' id='word_1_65' title='bbox 725 1281 1026 1370; x_wconf 91' lang='lat' dir='ltr'><strong>Bilanciarono</strong></span> <span class='ocrx_word' id='word_1_66' title='bbox 1064 1280 1280 1385; x_wconf 80' lang='lat' dir='ltr'><strong>ezianclio,</strong></span> <span class='ocrx_word' id='word_1_67' title='bbox 1318 1313 1403 1368; x_wconf 95' lang='lat' dir='ltr'><strong>non</strong></span> <span class='ocrx_word' id='word_1_68' title='bbox 1457 1314 1602 1370; x_wconf 88' lang='lat' dir='ltr'><strong>essere</strong></span> <span class='ocrx_word' id='word_1_69' title='bbox 1636 1283 1700 1370; x_wconf 91' lang='lat' dir='ltr'><strong>lra</strong></span> 
     </span>
     <span class='ocr_line' id='line_1_9' title="bbox 206 1402 1703 1524; baseline 0.004 -38"><span class='ocrx_word' id='word_1_70' title='bbox 206 1453 221 1486; x_wconf 84' lang='lat'><strong>.</strong></span> <span class='ocrx_word' id='word_1_71' title='bbox 262 1403 596 1524; x_wconf 80' lang='lat' dir='ltr'><strong>gl&#39;impossibili</strong></span> <span class='ocrx_word' id='word_1_72' title='bbox 632 1402 660 1490; x_wconf 93' lang='lat' dir='ltr'><strong>il</strong></span> <span class='ocrx_word' id='word_1_73' title='bbox 695 1434 812 1507; x_wconf 89' lang='lat' dir='ltr'><strong>caso,</strong></span> <span class='ocrx_word' id='word_1_74' title='bbox 834 1405 914 1491; x_wconf 91' lang='lat' dir='ltr'><strong>che</strong></span> <span class='ocrx_word' id='word_1_75' title='bbox 950 1404 989 1492; x_wconf 93' lang='lat' dir='ltr'><strong>la</strong></span> <span class='ocrx_word' id='word_1_76' title='bbox 1011 1405 1259 1522; x_wconf 74' lang='lat' dir='ltr'><strong>leggelaica</strong></span> <span class='ocrx_word' id='word_1_77' title='bbox 1295 1405 1361 1492; x_wconf 90' lang='lat' dir='ltr'><strong>sul</strong></span> <span class='ocrx_word' id='word_1_78' title='bbox 1395 1421 1612 1492; x_wconf 89' lang='lat' dir='ltr'><strong>contratto</strong></span> <span class='ocrx_word' id='word_1_79' title='bbox 1646 1403 1703 1492; x_wconf 93' lang='lat' dir='ltr'><strong>ei·</strong></span> 
     </span>
     <span class='ocr_line' id='line_1_10' title="bbox 206 1525 1702 1646; baseline 0.003 -36"><span class='ocrx_word' id='word_1_80' title='bbox 206 1574 222 1610; x_wconf 74' lang='grc' dir='ltr'>ι</span> <span class='ocrx_word' id='word_1_81' title='bbox 265 1528 350 1616; x_wconf 90' lang='lat' dir='ltr'><strong>vile</strong></span> <span class='ocrx_word' id='word_1_82' title='bbox 386 1555 514 1644; x_wconf 89' lang='lat' dir='ltr'><strong>possa</strong></span> <span class='ocrx_word' id='word_1_83' title='bbox 536 1525 856 1615; x_wconf 88' lang='lat' dir='ltr'><strong>nell&#39;avvcnire</strong></span> <span class='ocrx_word' id='word_1_84' title='bbox 879 1529 1028 1614; x_wconf 87' lang='lat' dir='ltr'><strong>subire</strong></span> <span class='ocrx_word' id='word_1_85' title='bbox 1051 1529 1236 1645; x_wconf 79' lang='lat' dir='ltr'><strong>qualche</strong></span> <span class='ocrx_word' id='word_1_86' title='bbox 1261 1527 1594 1616; x_wconf 83' lang='lat' dir='ltr'><strong>modilieazioue</strong></span> <span class='ocrx_word' id='word_1_87' title='bbox 1627 1527 1702 1646; x_wconf 83' lang='lat' dir='ltr'><strong>piir</strong></span> 
     </span>
     <span class='ocr_line' id='line_1_11' title="bbox 205 1647 1702 1742; baseline 0.003 -9"><span class='ocrx_word' id='word_1_88' title='bbox 205 1698 222 1733; x_wconf 64' lang='grc' dir='ltr'>ι</span> <span class='ocrx_word' id='word_1_89' title='bbox 262 1665 557 1742; x_wconf 88' lang='lat' dir='ltr'><strong>consentanea</strong></span> <span class='ocrx_word' id='word_1_90' title='bbox 594 1649 633 1735; x_wconf 90' lang='lat' dir='ltr'><strong>al</strong></span> <span class='ocrx_word' id='word_1_91' title='bbox 669 1647 819 1737; x_wconf 92' lang='lat' dir='ltr'><strong>diritto</strong></span> <span class='ocrx_word' id='word_1_92' title='bbox 854 1651 1123 1739; x_wconf 70' lang='lat' dir='ltr'><strong>czinouico...</strong></span> <span class='ocrx_word' id='word_1_93' title='bbox 1160 1651 1232 1740; x_wconf 92' lang='lat' dir='ltr'><strong>Gli</strong></span> <span class='ocrx_word' id='word_1_94' title='bbox 1269 1653 1361 1740; x_wconf 76' lang='lat' dir='ltr'><strong>Emi</strong></span> <span class='ocrx_word' id='word_1_95' title='bbox 1414 1651 1613 1740; x_wconf 89' lang='lat' dir='ltr'><strong>decisero</strong></span> <span class='ocrx_word' id='word_1_96' title='bbox 1657 1651 1702 1738; x_wconf 92' lang='lat' dir='ltr'><strong>di</strong></span> 
     </span>
     <span class='ocr_line' id='line_1_12' title="bbox 206 1772 1744 1890; baseline 0.002 -33"><span class='ocrx_word' id='word_1_97' title='bbox 206 1821 221 1857; x_wconf 71' lang='grc' dir='ltr'>ι</span> <span class='ocrx_word' id='word_1_98' title='bbox 264 1803 527 1889; x_wconf 72' lang='lat' dir='ltr'><strong>correggere</strong></span> <span class='ocrx_word' id='word_1_99' title='bbox 562 1772 777 1860; x_wconf 84' lang='lat' dir='ltr'><strong>l&#39;articolo</strong></span> <span class='ocrx_word' id='word_1_100' title='bbox 813 1774 853 1858; x_wconf 91' lang='lat' dir='ltr'><strong>iu</strong></span> <span class='ocrx_word' id='word_1_101' title='bbox 888 1775 1028 1890; x_wconf 89' lang='lat' dir='ltr'><strong>questi</strong></span> <span class='ocrx_word' id='word_1_102' title='bbox 1065 1776 1256 1862; x_wconf 90' lang='lat' dir='ltr'><strong>termini.</strong></span> <span class='ocrx_word' id='word_1_103' title='bbox 1297 1777 1356 1862; x_wconf 72' lang='grc' dir='ltr'><strong>Νι</strong></span> <span class='ocrx_word' id='word_1_104' title='bbox 1389 1777 1744 1880; x_wconf 73' lang='lat' dir='ltr'><strong>matrimonium</strong></span> 
     </span>
     <span class='ocr_line' id='line_1_13' title="bbox 206 1893 1708 2018; baseline 0.001 -38"><span class='ocrx_word' id='word_1_105' title='bbox 206 1943 223 1980; x_wconf 77' lang='grc' dir='ltr'>ι</span> <span class='ocrx_word' id='word_1_106' title='bbox 264 1896 474 2018; x_wconf 73' lang='lat' dir='ltr'><strong>effectibus</strong></span> <span class='ocrx_word' id='word_1_107' title='bbox 509 1893 706 1982; x_wconf 85' lang='lat' dir='ltr'><strong>ciuilibus</strong></span> <span class='ocrx_word' id='word_1_108' title='bbox 739 1913 894 1996; x_wconf 84' lang='lat' dir='ltr'><strong>carcat,</strong></span> <span class='ocrx_word' id='word_1_109' title='bbox 917 1915 1129 1986; x_wconf 74' lang='lat' dir='ltr'><strong>seruaretur</strong></span> <span class='ocrx_word' id='word_1_110' title='bbox 1162 1932 1264 2015; x_wconf 84' lang='lat' dir='ltr'><strong>quoe</strong></span> <span class='ocrx_word' id='word_1_111' title='bbox 1300 1899 1366 1984; x_wconf 77' lang='lat' dir='ltr'><strong>lem</strong></span> <span class='ocrx_word' id='word_1_112' title='bbox 1399 1930 1540 1984; x_wconf 86' lang='lat' dir='ltr'><strong>eoram</strong></span> <span class='ocrx_word' id='word_1_113' title='bbox 1574 1900 1708 2012; x_wconf 70' lang='lat' dir='ltr'><strong>vicopi-</strong></span> 
     </span>
     <span class='ocr_line' id='line_1_14' title="bbox 207 2018 1710 2138; baseline 0.001 -36"><span class='ocrx_word' id='word_1_114' title='bbox 207 2067 223 2102; x_wconf 71' lang='grc' dir='ltr'>ι</span> <span class='ocrx_word' id='word_1_115' title='bbox 264 2035 402 2108; x_wconf 83' lang='lat' dir='ltr'><strong>stratu</strong></span> <span class='ocrx_word' id='word_1_116' title='bbox 437 2018 536 2138; x_wconf 76' lang='lat' dir='ltr'><strong>fieri</strong></span> <span class='ocrx_word' id='word_1_117' title='bbox 555 2021 792 2134; x_wconf 70' lang='lat' dir='ltr'><strong>proecepit·</strong></span> <span class='ocrx_word' id='word_1_118' title='bbox 816 2039 959 2108; x_wconf 70' lang='lat' dir='ltr'><strong>cierent</strong></span> <span class='ocrx_word' id='word_1_119' title='bbox 983 2037 1115 2107; x_wconf 81' lang='lat' dir='ltr'><strong>tauma</strong></span> <span class='ocrx_word' id='word_1_120' title='bbox 1147 2021 1346 2137; x_wconf 77' lang='lat' dir='ltr'><em>parochi,</em></span> <span class='ocrx_word' id='word_1_121' title='bbox 1369 2055 1418 2108; x_wconf 90' lang='lat' dir='ltr'><strong>uc</strong></span> <span class='ocrx_word' id='word_1_122' title='bbox 1437 2037 1710 2136; x_wconf 70' lang='lat' dir='ltr'><strong><em>praemature</em></strong></span> 
     </span>
     <span class='ocr_line' id='line_1_15' title="bbox 207 2141 1703 2262; baseline 0.003 -38"><span class='ocrx_word' id='word_1_123' title='bbox 207 2162 382 2232; x_wconf 52' lang='lat' dir='ltr'><strong>taetus</strong></span> <span class='ocrx_word' id='word_1_124' title='bbox 424 2141 499 2230; x_wconf 91' lang='lat' dir='ltr'><strong>ille</strong></span> <span class='ocrx_word' id='word_1_125' title='bbox 532 2141 803 2262; x_wconf 78' lang='lat' dir='ltr'><strong>perficiatur.</strong></span> <span class='ocrx_word' id='word_1_126' title='bbox 847 2143 879 2228; x_wconf 96' lang='lat' dir='ltr'><strong>ll</strong></span> <span class='ocrx_word' id='word_1_127' title='bbox 913 2143 959 2232; x_wconf 89' lang='lat' dir='ltr'><strong>S.</strong></span> <span class='ocrx_word' id='word_1_128' title='bbox 997 2145 1137 2233; x_wconf 71' lang='lat' dir='ltr'><strong>Padve</strong></span> <span class='ocrx_word' id='word_1_129' title='bbox 1173 2143 1474 2233; x_wconf 86' lang='lat' dir='ltr'><strong>nell’udieuza</strong></span> <span class='ocrx_word' id='word_1_130' title='bbox 1528 2142 1600 2231; x_wconf 90' lang='lat' dir='ltr'><strong>det</strong></span> <span class='ocrx_word' id='word_1_131' title='bbox 1648 2144 1703 2231; x_wconf 73' lang='grc'><strong>21</strong></span> 
     </span>
     <span class='ocr_line' id='line_1_16' title="bbox 208 2265 1207 2383; baseline 0.007 -35"><span class='ocrx_word' id='word_1_132' title='bbox 208 2313 224 2348; x_wconf 72' lang='grc' dir='ltr'>ι</span> <span class='ocrx_word' id='word_1_133' title='bbox 270 2267 424 2381; x_wconf 71' lang='lat' dir='ltr'><strong>buglio</strong></span> <span class='ocrx_word' id='word_1_134' title='bbox 459 2265 657 2383; x_wconf 83' lang='lat' dir='ltr'><strong>approvo</strong></span> <span class='ocrx_word' id='word_1_135' title='bbox 691 2285 844 2383; x_wconf 89' lang='lat' dir='ltr'><strong>questa</strong></span> <span class='ocrx_word' id='word_1_136' title='bbox 878 2269 1126 2355; x_wconf 86' lang='lat' dir='ltr'><strong>correzione</strong></span> <span class='ocrx_word' id='word_1_137' title='bbox 1169 2312 1207 2355; x_wconf 78' lang='grc' dir='ltr'><strong>ι.</strong></span> 
     </span>
    </p>

    <p class='ocr_par' dir='ltr' id='par_1_4' title="bbox 203 2389 1714 3001">
     <span class='ocr_line' id='line_1_17' title="bbox 328 2389 1714 2506; baseline -0.001 -29"><span class='ocrx_word' id='word_1_138' title='bbox 328 2393 432 2478; x_wconf 90' lang='lat' dir='ltr'><strong>Post</strong></span> <span class='ocrx_word' id='word_1_139' title='bbox 466 2389 570 2476; x_wconf 88' lang='lat' dir='ltr'><strong>baec</strong></span> <span class='ocrx_word' id='word_1_140' title='bbox 604 2389 678 2475; x_wconf 87' lang='lat' dir='ltr'><strong>vix</strong></span> <span class='ocrx_word' id='word_1_141' title='bbox 713 2420 936 2478; x_wconf 76' lang='lat' dir='ltr'>necessum</span> <span class='ocrx_word' id='word_1_142' title='bbox 972 2391 1055 2478; x_wconf 90' lang='lat' dir='ltr'><strong>erit</strong></span> <span class='ocrx_word' id='word_1_143' title='bbox 1089 2393 1283 2480; x_wconf 86' lang='lat' dir='ltr'><strong>recolere</strong></span> <span class='ocrx_word' id='word_1_144' title='bbox 1318 2391 1570 2478; x_wconf 84' lang='lat' dir='ltr'><strong>ltalicorum</strong></span> <span class='ocrx_word' id='word_1_145' title='bbox 1609 2390 1714 2506; x_wconf 85' lang='lat' dir='ltr'><strong>Epi·</strong></span> 
     </span>
     <span class='ocr_line' id='line_1_18' title="bbox 203 2513 1712 2631; baseline -0.001 -27"><span class='ocrx_word' id='word_1_146' title='bbox 203 2544 437 2631; x_wconf 91' lang='lat' dir='ltr'><strong>scoporum</strong></span> <span class='ocrx_word' id='word_1_147' title='bbox 475 2513 798 2614; x_wconf 69' lang='lat' dir='ltr'><strong>instructionem,</strong></span> <span class='ocrx_word' id='word_1_148' title='bbox 825 2513 989 2631; x_wconf 90' lang='lat' dir='ltr'><strong>quibus</strong></span> <span class='ocrx_word' id='word_1_149' title='bbox 1015 2513 1222 2603; x_wconf 82' lang='lat' dir='ltr'><strong>fidelibus</strong></span> <span class='ocrx_word' id='word_1_150' title='bbox 1256 2515 1362 2603; x_wconf 92' lang='lat' dir='ltr'><strong>dum</strong></span> <span class='ocrx_word' id='word_1_151' title='bbox 1398 2546 1504 2601; x_wconf 90' lang='lat' dir='ltr'><strong>vera</strong></span> <span class='ocrx_word' id='word_1_152' title='bbox 1539 2513 1712 2602; x_wconf 80' lang='lat' dir='ltr'>indoles</span> 
     </span>
     <span class='ocr_line' id='line_1_19' title="bbox 205 2635 1712 2754; baseline -0.005 -25"><span class='ocrx_word' id='word_1_153' title='bbox 205 2635 477 2729; x_wconf 84' lang='lat' dir='ltr'><strong>matrimonii</strong></span> <span class='ocrx_word' id='word_1_154' title='bbox 511 2635 733 2724; x_wconf 89' lang='lat' dir='ltr'><strong>ebristiuni</strong></span> <span class='ocrx_word' id='word_1_155' title='bbox 769 2667 818 2723; x_wconf 89' lang='lat' dir='ltr'><strong>ae</strong></span> <span class='ocrx_word' id='word_1_156' title='bbox 851 2640 1157 2726; x_wconf 88' lang='lat' dir='ltr'><strong>cacremouiae</strong></span> <span class='ocrx_word' id='word_1_157' title='bbox 1188 2639 1327 2728; x_wconf 82' lang='lat' dir='ltr'><strong>civilis</strong></span> <span class='ocrx_word' id='word_1_158' title='bbox 1361 2635 1616 2754; x_wconf 74' lang='lat' dir='ltr'><strong>exponitur,</strong></span> <span class='ocrx_word' id='word_1_159' title='bbox 1658 2637 1712 2722; x_wconf 91' lang='lat' dir='ltr'><strong>si-</strong></span> 
     </span>
     <span class='ocr_line' id='line_1_20' title="bbox 206 2759 1711 2876; baseline -0.005 -24"><span class='ocrx_word' id='word_1_160' title='bbox 206 2763 299 2852; x_wconf 92' lang='lat' dir='ltr'><strong>mul</strong></span> <span class='ocrx_word' id='word_1_161' title='bbox 332 2761 576 2850; x_wconf 75' lang='lat' dir='ltr'>inculcatur</span> <span class='ocrx_word' id='word_1_162' title='bbox 612 2759 725 2846; x_wconf 71' lang='lat' dir='ltr'><strong>ritale</strong></span> <span class='ocrx_word' id='word_1_163' title='bbox 759 2759 981 2847; x_wconf 76' lang='lat' dir='ltr'><strong>ominatae</strong></span> <span class='ocrx_word' id='word_1_164' title='bbox 1014 2761 1140 2849; x_wconf 81' lang='lat' dir='ltr'><strong>liuius</strong></span> <span class='ocrx_word' id='word_1_165' title='bbox 1190 2761 1497 2850; x_wconf 86' lang='lat' dir='ltr'><strong>caeremoniae</strong></span> <span class='ocrx_word' id='word_1_166' title='bbox 1548 2760 1711 2876; x_wconf 90' lang='lat' dir='ltr'><strong>imple·</strong></span> 
     </span>
     <span class='ocr_line' id='line_1_21' title="bbox 205 2883 1707 3001; baseline -0.005 -26"><span class='ocrx_word' id='word_1_167' title='bbox 205 2903 422 2985; x_wconf 89' lang='lat' dir='ltr'><strong>mentum,</strong></span> <span class='ocrx_word' id='word_1_168' title='bbox 448 2901 679 3001; x_wconf 88' lang='lat' dir='ltr'><strong>postquam</strong></span> <span class='ocrx_word' id='word_1_169' title='bbox 705 2913 729 2968; x_wconf 93' lang='lat' dir='ltr'><strong>a</strong></span> <span class='ocrx_word' id='word_1_170' title='bbox 753 2883 1038 2971; x_wconf 74' lang='lat' dir='ltr'><strong>novatoribus</strong></span> <span class='ocrx_word' id='word_1_171' title='bbox 1075 2885 1333 3001; x_wconf 89' lang='lat' dir='ltr'><strong>peninsulae</strong></span> <span class='ocrx_word' id='word_1_172' title='bbox 1369 2884 1574 3000; x_wconf 90' lang='lat' dir='ltr'><strong>imposita</strong></span> <span class='ocrx_word' id='word_1_173' title='bbox 1610 2885 1707 2968; x_wconf 91' lang='lat' dir='ltr'><strong>luit.</strong></span> 
     </span>
    </p>

    <p class='ocr_par' dir='ltr' id='par_1_5' title="bbox 206 3005 1714 5224">
     <span class='ocr_line' id='line_1_22' title="bbox 331 3005 1710 3096; baseline -0.002 -1"><span class='ocrx_word' id='word_1_174' title='bbox 331 3011 534 3095; x_wconf 88' lang='lat' dir='ltr'><strong>lumvero</strong></span> <span class='ocrx_word' id='word_1_175' title='bbox 569 3005 905 3094; x_wconf 76' lang='lat' dir='ltr'><strong>matrimonium</strong></span> <span class='ocrx_word' id='word_1_176' title='bbox 940 3007 1265 3096; x_wconf 85' lang='lat' dir='ltr'><strong>clandestinum</strong></span> <span class='ocrx_word' id='word_1_177' title='bbox 1299 3026 1364 3096; x_wconf 90' lang='lat' dir='ltr'><strong>est</strong></span> <span class='ocrx_word' id='word_1_178' title='bbox 1401 3005 1710 3094; x_wconf 70' lang='lat' dir='ltr'><strong>indubitanter</strong></span> 
     </span>
     <span class='ocr_line' id='line_1_23' title="bbox 206 3124 1712 3250; baseline -0.005 -28"><span class='ocrx_word' id='word_1_179' title='bbox 206 3131 425 3232; x_wconf 87' lang='lat' dir='ltr'><strong>illicitum,</strong></span> <span class='ocrx_word' id='word_1_180' title='bbox 463 3159 686 3246; x_wconf 78' lang='lat' dir='ltr'><strong>graveque</strong></span> <span class='ocrx_word' id='word_1_181' title='bbox 720 3128 949 3246; x_wconf 79' lang='lat' dir='ltr'><strong>flagitium,</strong></span> <span class='ocrx_word' id='word_1_182' title='bbox 988 3124 1153 3250; x_wconf 81' lang='lat' dir='ltr'><strong>quippe</strong></span> <span class='ocrx_word' id='word_1_183' title='bbox 1187 3135 1306 3250; x_wconf 89' lang='lat' dir='ltr'><strong>quod</strong></span> <span class='ocrx_word' id='word_1_184' title='bbox 1343 3149 1407 3218; x_wconf 90' lang='lat' dir='ltr'><strong>est</strong></span> <span class='ocrx_word' id='word_1_185' title='bbox 1444 3130 1609 3216; x_wconf 87' lang='lat' dir='ltr'><strong>diserte</strong></span> <span class='ocrx_word' id='word_1_186' title='bbox 1646 3159 1712 3214; x_wconf 90' lang='lat' dir='ltr'><strong>re·</strong></span> 
     </span>
     <span class='ocr_line' id='line_1_24' title="bbox 208 3251 1714 3376; baseline -0.006 -31"><span class='ocrx_word' id='word_1_187' title='bbox 208 3257 476 3376; x_wconf 88' lang='lat' dir='ltr'><strong>probatum,</strong></span> <span class='ocrx_word' id='word_1_188' title='bbox 516 3253 711 3341; x_wconf 91' lang='lat' dir='ltr'><strong>districte</strong></span> <span class='ocrx_word' id='word_1_189' title='bbox 746 3252 1052 3369; x_wconf 90' lang='lat' dir='ltr'><strong>prohibitum,</strong></span> <span class='ocrx_word' id='word_1_190' title='bbox 1090 3272 1133 3342; x_wconf 88' lang='lat' dir='ltr'><strong>ct</strong></span> <span class='ocrx_word' id='word_1_191' title='bbox 1165 3256 1377 3372; x_wconf 80' lang='lat' dir='ltr'><strong>gravibus</strong></span> <span class='ocrx_word' id='word_1_192' title='bbox 1412 3254 1565 3370; x_wconf 90' lang='lat' dir='ltr'><strong>poeuis</strong></span> <span class='ocrx_word' id='word_1_193' title='bbox 1601 3251 1714 3338; x_wconf 93' lang='lat' dir='ltr'><strong>arbi·</strong></span> 
     </span>
     <span class='ocr_line' id='line_1_25' title="bbox 212 3373 1712 3468; baseline -0.005 -2"><span class='ocrx_word' id='word_1_194' title='bbox 212 3380 296 3467; x_wconf 87' lang='lat' dir='ltr'><strong>trio</strong></span> <span class='ocrx_word' id='word_1_195' title='bbox 329 3376 551 3466; x_wconf 88' lang='lat' dir='ltr'><strong>Ordinarii</strong></span> <span class='ocrx_word' id='word_1_196' title='bbox 584 3373 832 3464; x_wconf 90' lang='lat' dir='ltr'><strong>subiectum</strong></span> <span class='ocrx_word' id='word_1_197' title='bbox 869 3407 923 3462; x_wconf 80' lang='lat' dir='ltr'><strong>ex</strong></span> <span class='ocrx_word' id='word_1_198' title='bbox 955 3379 1089 3466; x_wconf 87' lang='lat' dir='ltr'><strong>Cone.</strong></span> <span class='ocrx_word' id='word_1_199' title='bbox 1126 3379 1253 3468; x_wconf 80' lang='lat' dir='ltr'><strong>Trid.</strong></span> <span class='ocrx_word' id='word_1_200' title='bbox 1290 3378 1397 3466; x_wconf 79' lang='lat' dir='ltr'><strong>Sese.</strong></span> <span class='ocrx_word' id='word_1_201' title='bbox 1435 3379 1514 3464; x_wconf 75' lang='lat' dir='ltr'><strong>at.</strong></span> <span class='ocrx_word' id='word_1_202' title='bbox 1553 3375 1602 3460; x_wconf 88' lang='lat' dir='ltr'><strong>dc</strong></span> <span class='ocrx_word' id='word_1_203' title='bbox 1636 3406 1712 3460; x_wconf 84' lang='lat' dir='ltr'><strong>re-</strong></span> 
     </span>
     <span class='ocr_line' id='line_1_26' title="bbox 209 3499 1709 3625; baseline -0.003 -36"><span class='ocrx_word' id='word_1_204' title='bbox 209 3503 339 3625; x_wconf 77' lang='lat' dir='ltr'><strong>form.</strong></span> <span class='ocrx_word' id='word_1_205' title='bbox 378 3499 642 3586; x_wconf 81' lang='lat' dir='ltr'><strong>matrimonii</strong></span> <span class='ocrx_word' id='word_1_206' title='bbox 678 3530 772 3614; x_wconf 87' lang='lat' dir='ltr'><strong>cop.</strong></span> <span class='ocrx_word' id='word_1_207' title='bbox 812 3499 855 3587; x_wconf 93' lang='lat' dir='ltr'><strong>l.</strong></span> <span class='ocrx_word' id='word_1_208' title='bbox 893 3501 1017 3611; x_wconf 84' lang='lat' dir='ltr'><strong>Quae</strong></span> <span class='ocrx_word' id='word_1_209' title='bbox 1050 3503 1231 3619; x_wconf 87' lang='lat' dir='ltr'><strong>quidem</strong></span> <span class='ocrx_word' id='word_1_210' title='bbox 1266 3533 1410 3620; x_wconf 91' lang='lat' dir='ltr'><strong>poena</strong></span> <span class='ocrx_word' id='word_1_211' title='bbox 1446 3502 1490 3586; x_wconf 92' lang='lat' dir='ltr'><strong>in</strong></span> <span class='ocrx_word' id='word_1_212' title='bbox 1526 3499 1709 3616; x_wconf 85' lang='lat' dir='ltr'><strong>quibus-</strong></span> 
     </span>
     <span class='ocr_line' id='line_1_27' title="bbox 209 3621 1712 3741; baseline -0.007 -25"><span class='ocrx_word' id='word_1_213' title='bbox 209 3627 312 3716; x_wconf 91' lang='lat' dir='ltr'><strong>dam</strong></span> <span class='ocrx_word' id='word_1_214' title='bbox 338 3621 528 3740; x_wconf 88' lang='lat' dir='ltr'><strong>Synodis</strong></span> <span class='ocrx_word' id='word_1_215' title='bbox 550 3623 829 3711; x_wconf 90' lang='lat' dir='ltr'><strong>Dioeeesanis</strong></span> <span class='ocrx_word' id='word_1_216' title='bbox 853 3625 1068 3741; x_wconf 86' lang='lat' dir='ltr'><strong>usquead</strong></span> <span class='ocrx_word' id='word_1_217' title='bbox 1092 3623 1591 3714; x_wconf 86' lang='lat' dir='ltr'><strong>excommunicationem</strong></span> <span class='ocrx_word' id='word_1_218' title='bbox 1610 3653 1712 3738; x_wconf 87' lang='lat' dir='ltr'><strong>por·</strong></span> 
     </span>
     <span class='ocr_line' id='line_1_28' title="bbox 209 3743 1711 3866; baseline -0.004 -30"><span class='ocrx_word' id='word_1_219' title='bbox 209 3748 383 3866; x_wconf 83' lang='lat' dir='ltr'><strong>rigitur.</strong></span> <span class='ocrx_word' id='word_1_220' title='bbox 422 3745 709 3832; x_wconf 88' lang='lat' dir='ltr'><strong>lnlerendum</strong></span> <span class='ocrx_word' id='word_1_221' title='bbox 751 3747 899 3864; x_wconf 90' lang='lat' dir='ltr'><strong>itaque</strong></span> <span class='ocrx_word' id='word_1_222' title='bbox 951 3747 1147 3855; x_wconf 82' lang='lat' dir='ltr'><strong>videtur,</strong></span> <span class='ocrx_word' id='word_1_223' title='bbox 1186 3747 1540 3844; x_wconf 83' lang='lat' dir='ltr'><strong>caeremoniam,</strong></span> <span class='ocrx_word' id='word_1_224' title='bbox 1578 3743 1711 3860; x_wconf 80' lang='lat' dir='ltr'><strong>vulgo</strong></span> 
     </span>
     <span class='ocr_line' id='line_1_29' title="bbox 209 3868 1711 3970; baseline -0.005 -9"><span class='ocrx_word' id='word_1_225' title='bbox 209 3869 545 3961; x_wconf 89' lang='lat' dir='ltr'><strong>matrimonium</strong></span> <span class='ocrx_word' id='word_1_226' title='bbox 581 3868 729 3970; x_wconf 88' lang='lat' dir='ltr'><strong>civile,</strong></span> <span class='ocrx_word' id='word_1_227' title='bbox 768 3901 854 3956; x_wconf 94' lang='lat' dir='ltr'><strong>non</strong></span> <span class='ocrx_word' id='word_1_228' title='bbox 891 3901 984 3958; x_wconf 86' lang='lat' dir='ltr'><strong>esse</strong></span> <span class='ocrx_word' id='word_1_229' title='bbox 1018 3871 1351 3960; x_wconf 86' lang='lat' dir='ltr'><strong>matrimonium</strong></span> <span class='ocrx_word' id='word_1_230' title='bbox 1396 3870 1438 3956; x_wconf 93' lang='lat' dir='ltr'><strong>in</strong></span> <span class='ocrx_word' id='word_1_231' title='bbox 1472 3899 1601 3957; x_wconf 85' lang='lat' dir='ltr'><strong>sensu</strong></span> <span class='ocrx_word' id='word_1_232' title='bbox 1637 3869 1711 3953; x_wconf 82' lang='lat' dir='ltr'><strong>lle·</strong></span> 
     </span>
     <span class='ocr_line' id='line_1_30' title="bbox 211 3989 1709 4115; baseline -0.005 -31"><span class='ocrx_word' id='word_1_233' title='bbox 211 3997 368 4084; x_wconf 83' lang='lat' dir='ltr'><strong>etesiae</strong></span> <span class='ocrx_word' id='word_1_234' title='bbox 401 3991 757 4082; x_wconf 88' lang='lat' dir='ltr'><strong>clandestinum:</strong></span> <span class='ocrx_word' id='word_1_235' title='bbox 794 4024 915 4081; x_wconf 88' lang='lat' dir='ltr'><strong>secus</strong></span> <span class='ocrx_word' id='word_1_236' title='bbox 948 3996 1066 4082; x_wconf 92' lang='lat' dir='ltr'><strong>enim</strong></span> <span class='ocrx_word' id='word_1_237' title='bbox 1102 3996 1221 4086; x_wconf 74' lang='lat' dir='ltr'><strong>hacid</strong></span> <span class='ocrx_word' id='word_1_238' title='bbox 1257 4013 1402 4115; x_wconf 89' lang='lat' dir='ltr'><strong>posset</strong></span> <span class='ocrx_word' id='word_1_239' title='bbox 1438 3995 1494 4080; x_wconf 90' lang='lat' dir='ltr'><strong>ab</strong></span> <span class='ocrx_word' id='word_1_240' title='bbox 1519 3989 1709 4078; x_wconf 82' lang='lat' dir='ltr'><strong>Ecclesia</strong></span> 
     </span>
     <span class='ocr_line' id='line_1_31' title="bbox 212 4113 1710 4234; baseline -0.007 -26"><span class='ocrx_word' id='word_1_241' title='bbox 212 4119 273 4208; x_wconf 92' lang='lat' dir='ltr'><strong>uti</strong></span> <span class='ocrx_word' id='word_1_242' title='bbox 308 4116 426 4204; x_wconf 90' lang='lat' dir='ltr'><strong>licita</strong></span> <span class='ocrx_word' id='word_1_243' title='bbox 476 4115 709 4233; x_wconf 86' lang='lat' dir='ltr'><strong>permitti,</strong></span> <span class='ocrx_word' id='word_1_244' title='bbox 763 4117 993 4234; x_wconf 87' lang='lat' dir='ltr'><strong>multoque</strong></span> <span class='ocrx_word' id='word_1_245' title='bbox 1027 4119 1174 4206; x_wconf 90' lang='lat' dir='ltr'><strong>minus</strong></span> <span class='ocrx_word' id='word_1_246' title='bbox 1209 4117 1451 4220; x_wconf 88' lang='lat' dir='ltr'><strong>inculcari,</strong></span> <span class='ocrx_word' id='word_1_247' title='bbox 1489 4145 1538 4204; x_wconf 91' lang='lat' dir='ltr'><strong>ac</strong></span> <span class='ocrx_word' id='word_1_248' title='bbox 1571 4113 1710 4201; x_wconf 89' lang='lat' dir='ltr'><strong>etium</strong></span> 
     </span>
     <span class='ocr_line' id='line_1_32' title="bbox 210 4235 1714 4360; baseline -0.007 -30"><span class='ocrx_word' id='word_1_249' title='bbox 210 4241 402 4360; x_wconf 86' lang='lat' dir='ltr'><strong>praecipi</strong></span> <span class='ocrx_word' id='word_1_250' title='bbox 436 4238 624 4328; x_wconf 91' lang='lat' dir='ltr'><strong>cuiusvis</strong></span> <span class='ocrx_word' id='word_1_251' title='bbox 659 4239 857 4334; x_wconf 80' lang='lat' dir='ltr'><strong>utilitatis</strong></span> <span class='ocrx_word' id='word_1_252' title='bbox 898 4240 1169 4330; x_wconf 88' lang='lat' dir='ltr'><strong>obtinendae</strong></span> <span class='ocrx_word' id='word_1_253' title='bbox 1219 4243 1286 4330; x_wconf 91' lang='lat' dir='ltr'><strong>vel</strong></span> <span class='ocrx_word' id='word_1_254' title='bbox 1337 4240 1488 4332; x_wconf 89' lang='lat' dir='ltr'><strong>damni</strong></span> <span class='ocrx_word' id='word_1_255' title='bbox 1540 4235 1714 4324; x_wconf 90' lang='lat' dir='ltr'><strong>vitandi</strong></span> 
     </span>
     <span class='ocr_line' id='line_1_33' title="bbox 212 4361 1711 4480; baseline -0.005 -28"><span class='ocrx_word' id='word_1_256' title='bbox 212 4366 390 4468; x_wconf 90' lang='lat' dir='ltr'><strong>intuitu;</strong></span> <span class='ocrx_word' id='word_1_257' title='bbox 415 4365 519 4480; x_wconf 87' lang='lat' dir='ltr'><strong>quia</strong></span> <span class='ocrx_word' id='word_1_258' title='bbox 544 4391 774 4480; x_wconf 90' lang='lat' dir='ltr'><strong>uunquam</strong></span> <span class='ocrx_word' id='word_1_259' title='bbox 801 4363 901 4451; x_wconf 90' lang='lat' dir='ltr'><strong>licet</strong></span> <span class='ocrx_word' id='word_1_260' title='bbox 921 4365 1085 4450; x_wconf 87' lang='lat' dir='ltr'><strong>malum</strong></span> <span class='ocrx_word' id='word_1_261' title='bbox 1112 4364 1271 4470; x_wconf 89' lang='lat' dir='ltr'><strong>lacere,</strong></span> <span class='ocrx_word' id='word_1_262' title='bbox 1296 4384 1344 4453; x_wconf 92' lang='lat' dir='ltr'><strong>ut</strong></span> <span class='ocrx_word' id='word_1_263' title='bbox 1369 4363 1548 4452; x_wconf 89' lang='lat' dir='ltr'><strong>veniant</strong></span> <span class='ocrx_word' id='word_1_264' title='bbox 1569 4361 1711 4447; x_wconf 91' lang='lat' dir='ltr'><strong>bona.</strong></span> 
     </span>
     <span class='ocr_line' id='line_1_34' title="bbox 213 4479 1713 4606; baseline -0.008 -29"><span class='ocrx_word' id='word_1_265' title='bbox 213 4486 474 4577; x_wconf 86' lang='lat' dir='ltr'><strong>Huiusmodi</strong></span> <span class='ocrx_word' id='word_1_266' title='bbox 509 4503 657 4574; x_wconf 88' lang='lat' dir='ltr'><strong>autem</strong></span> <span class='ocrx_word' id='word_1_267' title='bbox 694 4485 826 4574; x_wconf 90' lang='lat' dir='ltr'><strong>illatio</strong></span> <span class='ocrx_word' id='word_1_268' title='bbox 858 4516 1001 4606; x_wconf 87' lang='lat' dir='ltr'><strong>aeque</strong></span> <span class='ocrx_word' id='word_1_269' title='bbox 1034 4517 1136 4578; x_wconf 90' lang='lat' dir='ltr'><strong>vera</strong></span> <span class='ocrx_word' id='word_1_270' title='bbox 1162 4489 1337 4578; x_wconf 89' lang='lat' dir='ltr'><strong>videtur</strong></span> <span class='ocrx_word' id='word_1_271' title='bbox 1360 4487 1525 4575; x_wconf 89' lang='lat' dir='ltr'><strong>nedum</strong></span> <span class='ocrx_word' id='word_1_272' title='bbox 1559 4479 1713 4601; x_wconf 90' lang='lat' dir='ltr'><strong>quoad</strong></span> 
     </span>
     <span class='ocr_line' id='line_1_35' title="bbox 214 4603 1713 4731; baseline -0.007 -31"><span class='ocrx_word' id='word_1_273' title='bbox 214 4643 305 4715; x_wconf 91' lang='lat' dir='ltr'><strong>eos,</strong></span> <span class='ocrx_word' id='word_1_274' title='bbox 331 4611 405 4730; x_wconf 84' lang='lat' dir='ltr'><strong>qui</strong></span> <span class='ocrx_word' id='word_1_275' title='bbox 442 4627 590 4698; x_wconf 89' lang='lat' dir='ltr'><strong>teuent</strong></span> <span class='ocrx_word' id='word_1_276' title='bbox 627 4611 960 4698; x_wconf 87' lang='lat' dir='ltr'><strong>matrimonium</strong></span> <span class='ocrx_word' id='word_1_277' title='bbox 995 4611 1123 4698; x_wconf 87' lang='lat' dir='ltr'><strong>civile</strong></span> <span class='ocrx_word' id='word_1_278' title='bbox 1156 4643 1332 4731; x_wconf 88' lang='lat' dir='ltr'><strong>semper</strong></span> <span class='ocrx_word' id='word_1_279' title='bbox 1366 4639 1458 4697; x_wconf 91' lang='lat' dir='ltr'><strong>csse</strong></span> <span class='ocrx_word' id='word_1_280' title='bbox 1482 4603 1713 4694; x_wconf 86' lang='lat' dir='ltr'><strong>matrimo-</strong></span> 
     </span>
     <span class='ocr_line' id='line_1_36' title="bbox 212 4726 1713 4854; baseline -0.007 -30"><span class='ocrx_word' id='word_1_281' title='bbox 212 4735 337 4824; x_wconf 85' lang='lat' dir='ltr'><strong>nium</strong></span> <span class='ocrx_word' id='word_1_282' title='bbox 358 4729 699 4837; x_wconf 88' lang='lat' dir='ltr'><strong>clandestinum,</strong></span> <span class='ocrx_word' id='word_1_283' title='bbox 718 4733 946 4823; x_wconf 88' lang='lat' dir='ltr'><strong>sedetiam</strong></span> <span class='ocrx_word' id='word_1_284' title='bbox 971 4733 1119 4852; x_wconf 86' lang='lat' dir='ltr'><strong>quoad</strong></span> <span class='ocrx_word' id='word_1_285' title='bbox 1153 4733 1326 4854; x_wconf 89' lang='lat' dir='ltr'><strong>eosqui</strong></span> <span class='ocrx_word' id='word_1_286' title='bbox 1353 4749 1501 4820; x_wconf 90' lang='lat' dir='ltr'><strong>tenent</strong></span> <span class='ocrx_word' id='word_1_287' title='bbox 1533 4726 1713 4818; x_wconf 92' lang='lat' dir='ltr'><strong>clande-</strong></span> 
     </span>
     <span class='ocr_line' id='line_1_37' title="bbox 212 4857 1712 4976; baseline -0.007 -29"><span class='ocrx_word' id='word_1_288' title='bbox 212 4859 377 4948; x_wconf 90' lang='lat' dir='ltr'><strong>stinum</strong></span> <span class='ocrx_word' id='word_1_289' title='bbox 413 4871 516 4945; x_wconf 90' lang='lat' dir='ltr'><strong>tuuc</strong></span> <span class='ocrx_word' id='word_1_290' title='bbox 540 4857 845 4947; x_wconf 87' lang='lat' dir='ltr'><strong>tantummodo</strong></span> <span class='ocrx_word' id='word_1_291' title='bbox 869 4887 1118 4964; x_wconf 88' lang='lat' dir='ltr'><strong>occurrere,</strong></span> <span class='ocrx_word' id='word_1_292' title='bbox 1148 4889 1245 4947; x_wconf 18' lang='lat' dir='ltr'><strong>etum</strong></span> <span class='ocrx_word' id='word_1_293' title='bbox 1282 4873 1460 4976; x_wconf 79' lang='lat' dir='ltr'><strong>agentes</strong></span> <span class='ocrx_word' id='word_1_294' title='bbox 1483 4885 1536 4942; x_wconf 85' lang='lat' dir='ltr'><strong>ex</strong></span> <span class='ocrx_word' id='word_1_295' title='bbox 1560 4879 1712 4940; x_wconf 90' lang='lat' dir='ltr'><strong>errore</strong></span> 
     </span>
     <span class='ocr_line' id='line_1_38' title="bbox 212 4976 1710 5098; baseline -0.004 -32"><span class='ocrx_word' id='word_1_296' title='bbox 212 4982 284 5070; x_wconf 86' lang='lat' dir='ltr'><strong>vel</strong></span> <span class='ocrx_word' id='word_1_297' title='bbox 319 4981 486 5068; x_wconf 86' lang='lat' dir='ltr'><strong>malitia</strong></span> <span class='ocrx_word' id='word_1_298' title='bbox 520 5011 675 5070; x_wconf 86' lang='lat' dir='ltr'><strong>verum</strong></span> <span class='ocrx_word' id='word_1_299' title='bbox 711 4979 1050 5070; x_wconf 86' lang='lat' dir='ltr'><strong>matrimonium</strong></span> <span class='ocrx_word' id='word_1_300' title='bbox 1087 5012 1166 5098; x_wconf 91' lang='lat' dir='ltr'><strong>per</strong></span> <span class='ocrx_word' id='word_1_301' title='bbox 1188 4982 1361 5071; x_wconf 88' lang='lat' dir='ltr'><strong>civilem</strong></span> <span class='ocrx_word' id='word_1_302' title='bbox 1388 4976 1710 5068; x_wconf 87' lang='lat' dir='ltr'><strong>caeremoniam</strong></span> 
     </span>
     <span class='ocr_line' id='line_1_39' title="bbox 212 5102 711 5224; baseline -0.002 -31"><span class='ocrx_word' id='word_1_303' title='bbox 212 5103 428 5224; x_wconf 80' lang='lat' dir='ltr'><strong>perlicere</strong></span> <span class='ocrx_word' id='word_1_304' title='bbox 458 5102 711 5192; x_wconf 87' lang='lat' dir='ltr'><strong>intendunt.</strong></span> 
     </span>
    </p>

    <p class='ocr_par' dir='ltr' id='par_1_6' title="bbox 215 5221 1709 5719">
     <span class='ocr_line' id='line_1_40' title="bbox 262 5221 1709 5349; baseline -0.003 -37"><span class='ocrx_word' id='word_1_305' title='bbox 262 5235 268 5312; x_wconf 83' lang='lat'>1</span> <span class='ocrx_word' id='word_1_306' title='bbox 339 5229 475 5316; x_wconf 89' lang='lat' dir='ltr'><strong>Prout</strong></span> <span class='ocrx_word' id='word_1_307' title='bbox 508 5258 702 5349; x_wconf 89' lang='lat' dir='ltr'><strong>namque</strong></span> <span class='ocrx_word' id='word_1_308' title='bbox 726 5227 913 5318; x_wconf 82' lang='lat' dir='ltr'><strong>Ecclesia</strong></span> <span class='ocrx_word' id='word_1_309' title='bbox 946 5227 1269 5318; x_wconf 88' lang='lat' dir='ltr'><strong>accuratissime</strong></span> <span class='ocrx_word' id='word_1_310' title='bbox 1310 5225 1509 5316; x_wconf 90' lang='lat' dir='ltr'><strong>illicitum</strong></span> <span class='ocrx_word' id='word_1_311' title='bbox 1561 5221 1709 5311; x_wconf 88' lang='lat' dir='ltr'><strong>deela-</strong></span> 
     </span>
     <span class='ocr_line' id='line_1_41' title="bbox 216 5342 1707 5470; baseline -0.009 -28"><span class='ocrx_word' id='word_1_312' title='bbox 216 5355 330 5442; x_wconf 86' lang='lat' dir='ltr'><strong>ravit</strong></span> <span class='ocrx_word' id='word_1_313' title='bbox 363 5351 690 5440; x_wconf 88' lang='lat' dir='ltr'><strong>matrimonium</strong></span> <span class='ocrx_word' id='word_1_314' title='bbox 725 5350 874 5456; x_wconf 86' lang='lat' dir='ltr'><strong>civile,</strong></span> <span class='ocrx_word' id='word_1_315' title='bbox 908 5351 1105 5470; x_wconf 88' lang='lat' dir='ltr'><strong>illudque</strong></span> <span class='ocrx_word' id='word_1_316' title='bbox 1139 5350 1388 5470; x_wconf 89' lang='lat' dir='ltr'><strong>prohibuit,</strong></span> <span class='ocrx_word' id='word_1_317' title='bbox 1419 5347 1590 5470; x_wconf 92' lang='lat' dir='ltr'><strong>quoties</strong></span> <span class='ocrx_word' id='word_1_318' title='bbox 1624 5342 1707 5432; x_wconf 90' lang='lat' dir='ltr'><strong>mi-</strong></span> 
     </span>
     <span class='ocr_line' id='line_1_42' title="bbox 215 5466 1708 5595; baseline -0.007 -29"><span class='ocrx_word' id='word_1_319' title='bbox 215 5476 354 5566; x_wconf 87' lang='lat' dir='ltr'><strong>nister</strong></span> <span class='ocrx_word' id='word_1_320' title='bbox 387 5475 632 5566; x_wconf 88' lang='lat' dir='ltr'><strong>haereticus</strong></span> <span class='ocrx_word' id='word_1_321' title='bbox 665 5475 837 5564; x_wconf 85' lang='lat' dir='ltr'><strong>adesset</strong></span> <span class='ocrx_word' id='word_1_322' title='bbox 869 5478 1172 5564; x_wconf 83' lang='lat' dir='ltr'><strong>caeremoniae</strong></span> <span class='ocrx_word' id='word_1_323' title='bbox 1207 5494 1435 5595; x_wconf 88' lang='lat' dir='ltr'><strong>tamquam</strong></span> <span class='ocrx_word' id='word_1_324' title='bbox 1468 5473 1601 5563; x_wconf 89' lang='lat' dir='ltr'><strong>sacris</strong></span> <span class='ocrx_word' id='word_1_325' title='bbox 1634 5466 1708 5558; x_wconf 88' lang='lat' dir='ltr'><strong>ad·</strong></span> 
     </span>
     <span class='ocr_line' id='line_1_43' title="bbox 217 5597 1703 5719; baseline -0.007 -29"><span class='ocrx_word' id='word_1_326' title='bbox 217 5599 376 5706; x_wconf 85' lang='lat' dir='ltr'><strong>dictus,</strong></span> <span class='ocrx_word' id='word_1_327' title='bbox 404 5615 479 5688; x_wconf 85' lang='lat' dir='ltr'><strong>aut</strong></span> <span class='ocrx_word' id='word_1_328' title='bbox 514 5599 614 5688; x_wconf 87' lang='lat' dir='ltr'><strong>ritui</strong></span> <span class='ocrx_word' id='word_1_329' title='bbox 649 5597 829 5718; x_wconf 86' lang='lat' dir='ltr'><strong>politico</strong></span> <span class='ocrx_word' id='word_1_330' title='bbox 862 5599 1029 5719; x_wconf 87' lang='lat' dir='ltr'><strong>aliquid</strong></span> <span class='ocrx_word' id='word_1_331' title='bbox 1047 5599 1398 5718; x_wconf 88' lang='lat' dir='ltr'><strong>superstitiosum</strong></span> <span class='ocrx_word' id='word_1_332' title='bbox 1423 5598 1703 5692; x_wconf 88' lang='lat' dir='ltr'><strong>adiiceretur,</strong></span> 
     </span>
    </p>
   </div>
   <div class='ocr_carea' id='block_1_3' title="bbox 0 0 2279 6308">
    <p class='ocr_par' dir='ltr' id='par_1_7' title="bbox 0 0 2279 6308">
     <span class='ocr_line' id='line_1_44' title="bbox 0 0 2279 6308; baseline 0 0"><span class='ocrx_word' id='word_1_333' title='bbox 0 0 2279 6308; x_wconf 95' lang='lat' dir='ltr'><strong> </strong></span> 
     </span>
    </p>
   </div>
  </div>
 </body>
</html>
