4530 6336
726 379 807 466 Dic
837 377 899 466 26
931 375 1038 466 Iulii
1074 377 1209 468 1879.
1623 379 1715 470 327

222 499 473 588 francorum
510 498 660 604 miliia,
704 530 820 618 quae
863 502 982 590 bona
1017 503 1147 590 Petro
1191 499 1343 590 debita
1376 500 1714 619 quodammodo

226 621 332 712 dicit
353 620 458 739 quia
482 638 607 710 erant
629 621 839 712 dedomo
862 639 906 710 et
929 623 1111 725 familia,
1143 622 1248 713 dum
1269 655 1323 712 ex
1346 623 1567 714 deletione
1589 623 1717 714 fidei·

226 745 564 835 commissorum
588 745 631 832 in
667 745 807 834 Gallia
842 747 884 834 in
910 746 979 834 avi
1008 763 1149 834 morte
1168 745 1366 835 Eulasiae
1393 747 1604 836 attributa
1623 748 1719 836 sue·

225 897 291 958 re.
326 869 442 955 Haec
485 867 619 956 veluti
660 885 831 985 partem
875 869 1167 988 integrantem
1206 869 1342 986 ipsios
1383 867 1535 988 oppidi
1581 869 1718 959 effor-

230 989 397 1079 mantia
429 989 561 1078 Petro
601 992 842 1080 necessaria
881 989 1013 1080 fuisse
1047 1008 1319 1112 propugnat,
1363 1021 1419 1078 ne
1455 993 1521 1080 sui
1558 993 1718 1109 oppidi

231 1115 445 1214 valorem,
504 1112 757 1201 libertatem
799 1129 841 1202 et
884 1116 1166 1204 securitatem
1211 1114 1435 1204 amitteret
1480 1145 1565 1201 una
1614 1140 1713 1204 cum

229 1235 366 1352 ipsius
398 1233 590 1322 familiae
623 1236 874 1354 splendore.
912 1236 1042 1350 Quod
1077 1237 1188 1326 adeo
1211 1267 1364 1325 verum
1404 1265 1497 1324 esse
1519 1235 1643 1336 dicit,
1671 1253 1720 1328 ut

228 1359 351 1448 Avus
384 1358 686 1446 necessitatem
718 1358 835 1446 bona
871 1359 942 1447 iiia
968 1359 1151 1448 uniendi
1191 1388 1501 1476 recognoscens
1523 1357 1716 1448 moriens

228 1477 429 1568 Euiasiae
463 1479 806 1570 commendabat
839 1497 885 1569 ut
919 1481 1078 1572 eadem
1113 1481 1230 1571 bona
1275 1483 1544 1599 relinqueret
1573 1480 1718 1570 tuturo

229 1601 382 1722 oppidi
416 1602 669 1721 possessori.
706 1602 1096 1694 Adnotatdeinde
1133 1603 1254 1722 quod
1290 1604 1420 1693 timor
1458 1602 1563 1691 iraec
1595 1603 1716 1692 bona

232 1724 466 1814 amittendi
493 1755 620 1813 causa
657 1725 739 1814 soit
772 1757 885 1845 quae
927 1731 1102 1815 Petrum
1137 1726 1277 1844 coegit
1313 1728 1369 1816 ad
1404 1725 1577 1844 nuptias
1614 1757 1719 1815 cum

230 1847 342 1936 lolia
364 1846 675 1954 conciliandas,
703 1849 887 1938 minime
907 1879 1012 1938 vero
1038 1849 1163 1938 huius
1195 1848 1377 1939 divitiae
1399 1865 1442 1939 et
1458 1847 1553 1951 dos,
1580 1875 1717 1966 qoam

229 1970 344 2058 uitro
378 1968 546 2059 dimisit
579 1987 681 2060 ante
714 1971 853 2088 ipsam
889 1972 1178 2092 separationis
1212 1971 1469 2061 sententiam
1499 1969 1599 2058 iicet
1623 1970 1718 2058 iore

229 2092 385 2182 eadem
411 2092 599 2182 retinere
624 2107 781 2209 posset.

334 2214 529 2329 tinibus
563 2245 692 2330 porro
727 2216 770 2302 in
805 2217 917 2306 facto
961 2216 1279 2306 animadversis
1324 2215 1507 2305 sustinet
1546 2215 1587 2301 in
1623 2213 1719 2302 iure

232 2337 437 2424 timorem
471 2338 848 2430 exhaeredationis
863 2356 907 2428 et
926 2341 1146 2429 bonorum
1172 2337 1414 2427 amissionis
1439 2337 1574 2425 metui
1593 2365 1721 2423 mor-

232 2459 283 2546 tis
315 2459 595 2578 aequiparari
640 2491 738 2550 cum
774 2495 839 2551 rcs
872 2465 957 2550 siue
988 2463 1292 2579 patrimonium
1324 2465 1409 2549 siut
1441 2459 1562 2578 quusi
1583 2489 1720 2545 sccun-

232 2581 309 2669 dus
351 2581 533 2670 ltominc's
586 2587 758 2701 snuput's
806 2605 845 2674 ct
889 2589 1002 2674 uitae
1038 2583 1342 2702 quodammodo
1390 2584 1719 2700 ocqrtipmcutur

232 2735 310 2794 ceu
346 2705 530 2794 totidem
565 2707 713 2796 verbis
746 2708 873 2797 docet
911 2705 1147 2825 Piqnatetti
1179 2723 1277 2795 tom.
1315 2709 1343 2794 7
1376 2737 1488 2793 cons.
1525 2706 1584 2792 77
1618 2703 1717 2790 nd

233 2857 365 2946 quem
402 2827 549 2945 piures
582 2848 830 2948 sequuntur
862 2834 963 2919 DD.
998 2831 1109 2919 inibi
1145 2831 1329 2918 recitati.
1373 2829 1432 2917 Αι
1467 2857 1554 2914 non
1591 2825 1722 2913 modo

231 2949 475 3039 amissionis
509 2951 708 3040 omnium
742 2955 962 3042 bonorum
999 2970 1142 3041 metus
1184 2954 1261 3042 sed
1296 2969 1339 3041 et
1371 2951 1433 3040 rei
1471 2963 1722 3066 magnacet

232 3071 436 3161 notabilis
474 3076 587 3165 adeo
621 3077 767 3194 gravis
800 3107 824 3164 a
858 3077 1105 3166 Canonistis
1140 3093 1372 3194 reputatur
1416 3090 1463 3160 ut
1495 3069 1581 3159 dici
1605 3069 1720 3188 opti-

233 3225 307 3284 mo
340 3195 434 3283 iure
469 3197 611 3285 valeat
646 3199 852 3288 eumdem
888 3198 1035 3287 cadere
1082 3201 1128 3286 in
1164 3201 1303 3284 uirum
1341 3211 1605 3284 constantem.
1647 3189 1716 3281 nd

232 3347 327 3408 rem
360 3320 552 3410 Sanchez
584 3324 629 3406 in
666 3320 739 3408 tit.
778 3323 807 3409 lt
840 3320 1002 3438 disput.
1039 3321 1067 3408 5
1100 3353 1126 3406 n
1150 3321 1435 3408 tutuno-26
1457 3317 1508 3404 de
1524 3317 1716 3403 matrim.

232 3491 263 3512 -
296 3441 358 3528 ibi
391 3489 419 3506 -
458 3445 642 3531 «Metus
675 3443 916 3533 amissionis
947 3444 1166 3532 bonorum
1191 3443 1310 3531 cadit
1344 3443 1388 3528 in
1429 3442 1576 3530 virum
1611 3467 1725 3528 con-

238 3603 256 3642 ι
295 3579 500 3652 stantem.
538 3567 754 3654 Probatur
798 3569 898 3686 quia
946 3566 1256 3687 aequiparetur
1301 3565 1437 3654 metui
1484 3563 1639 3650 mortis
1674 3576 1721 3646 ut

238 3723 256 3763 ι
295 3685 412 3776 bene
465 3688 592 3777 docet
634 3689 914 3808 Tiraqueiius
919 3753 1013 3776 .....
1068 3704 1209 3774 metus
1256 3686 1498 3776 omissionis
1542 3682 1722 3772 maioris

239 3847 258 3884 ι
296 3809 432 3926 partis
465 3809 687 3900 honorum
721 3812 838 3901 cadit
861 3812 904 3898 in
931 3813 1073 3899 virum
1097 3827 1387 3899 constantem.
1423 3809 1644 3898 Probatur
1667 3835 1724 3893 ex

235 3969 255 4012 ι
295 3959 387 4047 cop.
416 3933 433 4016 i
466 3932 517 4020 dc
538 3935 800 4022 restitutione
815 3933 1106 4054 spoliatorum
1123 3936 1168 4020 in
1200 3934 1248 4021 6⁰
1287 4001 1297 4022 .
1339 4001 1350 4020 .
1391 3997 1400 4020 .
1438 3948 1482 4021 et
1512 3931 1561 4017 L.
1595 3931 1716 4016 Pro·

241 4093 258 4133 ι
292 4071 390 4170 pter
425 4053 539 4143 litem
571 4058 616 4144 iu
635 4058 825 4174 princip.
862 4055 913 4180 ff.
950 4053 1001 4143 dc
1056 4089 1191 4145 exuis.
1238 4071 1366 4144 tutor.
1408 4109 1438 4126 -
1475 4053 1589 4142 ibi·
1626 4051 1725 4144 ttici

238 4215 255 4256 ι
294 4178 406 4298 [orte
439 4177 491 4266 de
523 4179 710 4267 omnibus
742 4179 859 4269 bonis
892 4195 963 4268 out
993 4177 1184 4296 plurimu
1210 4195 1337 4296 porte
1370 4207 1511 4265 corum
1547 4191 1725 4263 contro·

240 4337 258 4376 ι
298 4301 540 4392 consinsit.
588 4305 697 4391 item
731 4304 833 4421 quia
868 4303 973 4393 haec
1015 4301 1189 4391 amissio
1234 4302 1344 4391 adeo
1377 4329 1511 4419 grave
1545 4309 1725 4414 reputa·

242 4461 260 4502 ι
299 4437 371 4512 tur
405 4439 449 4512 ut
483 4427 611 4513 morti
663 4425 974 4550 aequiparetur
1008 4442 1053 4513 ut
1087 4425 1172 4514 iate
1212 4425 1370 4543 probat
1409 4419 1626 4537 Tirupuel.
1667 4415 1719 4503 dc

242 4587 259 4626 ι
297 4545 467 4637 nobilit.
499 4579 593 4666 cop.
632 4547 682 4638 34
714 4581 826 4636 num.
854 4551 961 4638 369.
999 4550 1113 4667 Ergo
1147 4547 1240 4636 cius
1273 4563 1416 4635 metus
1436 4542 1601 4631 estviri
1621 4567 1725 4626 con-

242 4706 260 4750 ι
298 4671 451 4760 stantis
486 4739 496 4758 .
538 4739 548 4758 .
589 4741 599 4760 .
642 4739 652 4759 .
690 4670 1272 4762 Universaiitercredocssc
1303 4695 1473 4769 verum,
1513 4665 1721 4752 timorem

241 4831 258 4872 ι
299 4793 533 4886 amittendi
561 4793 774 4884 maiorem
807 4796 1029 4885 bonorum
1064 4810 1232 4913 partem
1267 4821 1360 4880 esse
1394 4789 1573 4878 iustum.
1610 4783 1727 4898 Quia

244 4957 261 4996 ι
300 4931 365 5004 est
398 4917 752 5037 gravisimum,
795 4934 927 5039 atque
962 4917 1020 5005 ita
1072 4916 1216 5004 virum
1261 4930 1530 5002 constantem
1567 4908 1727 4996 merito

242 5077 262 5120 ι
301 5066 482 5130 morere
515 5054 671 5159 potest.
710 5041 841 5154 Quod
878 5039 1085 5129 videntur
1133 5053 1284 5127 tenere
1333 5037 1550 5126 doctores.
1588 5035 1728 5119 immo

244 5201 262 5240 ι
300 5159 420 5253 idem
454 5165 586 5255 credo
618 5163 797 5284 quando
830 5193 915 5252 non
961 5178 1026 5250 est
1070 5175 1211 5249 mctos
1245 5157 1490 5250 amissionis
1528 5154 1591 5245 rei
1625 5183 1729 5242 ma-

233 5324 265 5365 ἰ
304 5315 415 5402 gnae
450 5303 495 5377 et
527 5287 749 5390 notabilis,
785 5285 885 5404 quia
933 5284 1079 5374 virum
1128 5297 1399 5372 constantem
1433 5281 1527 5369 iure
1559 5277 1729 5397 optime

244 5415 263 5486 ι’
303 5407 385 5498 hoc
420 5425 571 5500 terret:
606 5409 678 5502 Sic
701 5407 863 5497 Boidus
900 5476 910 5496 .
952 5475 962 5496 .
1003 5475 1012 5496 .
1056 5449 1072 5485 ι
1131 5477 1135 5484 .
1826 5425 1828 5428 ’

366 5532 454 5624 Sed
487 5533 598 5624 aliae
629 5532 902 5623 conditiones
935 5561 1025 5619 non
1058 5531 1207 5618 minus
1236 5526 1504 5618 necessariae
1521 5541 1566 5615 et
1587 5551 1731 5615 essen-

242 5651 369 5745 tiales
401 5655 676 5748 intercedere
710 5657 877 5748 debent
900 5655 943 5744 in
966 5653 1205 5744 coactione.
1244 5652 1473 5741 Neminem
1498 5667 1646 5740 autem
1670 5648 1731 5736 Ιιι·
