4530 6336
469 365 560 460 364
964 349 1049 434 Die
1079 343 1140 433 26
1173 345 1280 435 tutti
1308 339 1444 430 1879.

592 482 748 602 Arguit
780 507 835 567 ex
866 474 1040 565 silentio
1072 469 1291 589 Episcopi,
1327 466 1404 586 qui
1439 467 1570 556 talem
1605 471 1814 564 iniuriam
1858 511 1963 570 suae

469 629 515 702 et
548 603 796 732 pontificiae
829 596 1074 690 auctoritati
1110 596 1251 685 lacere
1303 591 1588 710 permisisset;
1629 597 1736 716 quin
1757 599 1967 693 adversus

471 734 629 826 Laicae
659 721 885 846 potestatis
918 721 1078 809 abusus
1123 743 1275 807 vocem
1331 711 1563 804 attolleret.
1610 720 1737 832 Quae
1784 723 1976 840 quidem'

469 853 597 948 facile
628 842 998 969 praesumi'buud
1032 858 1229 962 possunt,
1266 867 1368 930 cum
1407 837 1606 957 Episcopi
1654 841 1849 935 districte
1896 863 1957 938 ta·

469 989 657 1070 utantur
688 970 903 1061 Ecclesiae
925 966 1019 1054 iura
1042 993 1147 1054 suae
1171 960 1375 1084 pastorali
1412 959 1692 1053 sollicitudini
1735 970 1964 1061 commissa

469 1112 716 1192 sartatecta
738 1091 868 1182 tueri.
885 1089 1043 1208 Arguit
1058 1117 1112 1175 ex
1146 1087 1320 1204 publica
1337 1084 1545 1203 opinione
1561 1117 1694 1208 quam
1728 1090 1771 1176 in
1792 1091 1973 1184 Dioece-

473 1225 509 1315 si
526 1221 646 1342 apud
669 1245 821 1306 omnes
854 1211 1086 1301 invaluisse
1119 1209 1253 1300 relcrt
1286 1210 1525 1330 Episcopus
1561 1241 1699 1300 unum
1726 1229 1894 1304 tontum
1917 1217 1973 1306 ab

470 1377 586 1438 anno
608 1342 730 1433 tuot
749 1335 877 1426 luisse
898 1335 1162 1441 Parocbum,
1184 1369 1207 1424 a
1226 1366 1316 1454 quo
1334 1333 1466 1422 ceteri
1488 1333 1678 1449 operarii
1698 1337 1968 1429 Vicariorum

471 1468 653 1562 nomine
673 1459 927 1578 dependere
946 1457 1188 1548 debebant.
1208 1459 1298 1546 nat
1322 1457 1443 1545 1801
1465 1471 1567 1544 sunt
1590 1457 1791 1576 Episcopi
1816 1462 1964 1566 verba,

472 1594 560 1716 fiac
592 1589 636 1678 al
665 1599 851 1705 presente
875 1581 918 1668 la
939 1580 1199 1669 Purroccltia
1221 1581 1269 1668 di
1292 1580 1559 1697 Carooappio
1593 1578 1642 1666 dt'
1672 1581 1782 1700 sotto
1814 1616 1834 1668 e
1863 1583 1976 1672 uella

471 1711 674 1834 pubblico
706 1705 903 1823 opinions
934 1703 1026 1792 ebbe
1058 1733 1218 1822 sempro
1249 1737 1304 1791 vu
1336 1703 1424 1792 solo
1457 1703 1647 1790 Parroco
1679 1703 1751 1792 clte
1771 1723 1899 1820 porto
1931 1707 1969 1794 il

482 1837 604 1927 titolo
637 1831 686 1920 di
719 1829 957 1945 Arciprete,
995 1825 1140 1914 beuulrd
1173 1829 1188 1913 i
1224 1827 1271 1919 V
1269 1828 1398 1914 t'curt'i
1429 1825 1607 1912 abbiano
1656 1831 1871 1916 eserct'tato
1919 1828 1971 1917 ed

480 1957 700 2051 esercitr'rco
733 1981 888 2040 encore
920 1951 966 2038 in
999 1951 1123 2037 r’urs'o
1154 1951 1315 2037 misera
1347 1950 1491 2037 alcuni
1523 1950 1620 2047 atti,
1665 1949 1735 2038 elta
1784 1968 1972 2068 spettano

484 2077 752 2173 oll'autoritd
779 2069 1089 2194 porrocclsiale.
1128 2073 1284 2192 Arguit
1315 2105 1369 2162 ex
1402 2071 1514 2162 lacto
1548 2071 1762 2191 persimili
1787 2075 1909 2193 quod
1931 2076 1975 2163 in

483 2203 687 2326 pluribus
720 2195 969 2320 Superioris
1003 2194 1154 2284 ltaliae
1187 2195 1461 2285 dioecesibus
1505 2213 1608 2285 tunc
1655 2198 1864 2316 temporis
1907 2229 1977 2286 oc·

486 2327 636 2420 currit.
673 2326 809 2412 Porro
841 2317 886 2407 in
920 2317 1172 2409 buinsmodi
1205 2317 1478 2409 dioecesibus
1511 2318 1613 2408 licet
1659 2321 1980 2436 praeveniente

487 2451 560 2540 vel
592 2445 847 2565 impellente
880 2440 999 2532 civili
1032 2459 1264 2562 potestate,
1317 2444 1547 2561 paroeciae
1595 2442 1863 2562 quandoque
1894 2443 1980 2532 dis-

487 2572 791 2702 membratae,
819 2563 1086 2686 quandoque
1143 2595 1246 2653 vero
1281 2565 1429 2656 unitae
1477 2579 1552 2655 aut
1593 2565 1839 2655 diminutae
1884 2564 1980 2655 lue·

489 2711 608 2800 runt;
646 2723 720 2782 eas
753 2709 901 2779 tamen
927 2689 1418 2808 mutationesSuperior
1437 2689 1758 2779 Ecclesiasticus
1774 2687 1983 2806 suffragio

487 2851 567 2910 suo
601 2815 820 2933 legitimas
853 2811 1066 2903 reddidit.
1102 2815 1155 2900 Et
1189 2830 1234 2899 ut
1278 2827 1451 2900 caetera
1499 2829 1792 2928 praeteream,
1844 2813 1984 2901 Nova·

486 2943 600 3032 rien.
639 2935 851 3028 dioecesis
884 2934 1142 3055 exemplum
1176 2933 1355 3054 alligare
1388 2934 1491 3024 satis
1523 2934 1592 3040 sit,
1631 2933 1675 3022 in
1743 2967 1795 3023 ua
1820 2965 1983 3052 propu-

487 3082 618 3186 gnata
652 3058 966 3151 ecclesiasticae
1000 3059 1226 3180 potestatis
1258 3057 1467 3149 adhaesio
1500 2969 1753 3146 huiusmodi
1776 3057 1982 3144 mutatio-

487 3188 624 3278 nibus
655 3185 847 3287 accessit,
885 3213 965 3272 ceu
1000 3180 1140 3270 videri
1158 3197 1222 3271 est
1240 3182 1284 3270 in
1310 3181 1535 3271 Nooort'en.
1576 3181 1714 3270 Curae
1746 3181 1984 3269 animarum

492 3311 582 3400 dici
615 3310 646 3398 lt
677 3307 789 3396 Maii
823 3307 962 3396 1878.

613 3435 766 3550 ltaque
798 3429 832 3518 si
883 3431 926 3518 ia
955 3427 1159 3548 pluribus
1201 3428 1296 3517 aliis
1338 3427 1511 3516 casibus
1559 3443 1741 3548 utraque
1792 3443 1986 3546 potestas

490 3557 537 3646 in
571 3553 624 3642 iis
655 3552 847 3671 negociis
879 3551 1143 3676 peragendis
1175 3552 1317 3639 amico
1340 3550 1515 3640 loedere
1534 3553 1760 3669 processit,
1802 3550 1873 3638 vel
1906 3551 1983 3636 Ec·

490 3677 622 3769 clesia
664 3675 803 3766 civilis
847 3674 1072 3792 potestatis
1120 3673 1280 3762 lactum
1331 3673 1496 3764 deinde
1533 3673 1717 3779 sanavit3
1765 3673 1811 3761 iu
1858 3701 1986 3792 prae·

491 3800 604 3891 senti
637 3829 814 3922 quoque
851 3827 946 3885 rem
977 3827 1064 3886 uon
1103 3799 1230 3886 aliter
1263 3829 1308 3888 se
1358 3797 1561 3887 habuisse
1596 3795 1867 3887 censendum
1900 3809 1980 3898 est,

494 3923 637 4014 donec
673 3919 913 4010 adversarii
946 3919 1188 4010 rationibus
1211 3921 1409 4039 positivis
1433 3939 1482 4009 et·
1499 3919 1862 4010 concludentibus
1886 3945 1989 4005 con·

493 4043 682 4134 tracium
718 4073 805 4130 nou
839 4045 1059 4134 evincant.
1096 4045 1253 4162 Arguit
1286 4043 1466 4133 taudem
1500 4075 1553 4132 ex
1604 4059 1728 4131 tanto
1774 4037 1987 4157 temporis

494 4167 637 4286 spatio
667 4165 789 4288 quod
818 4165 881 4254 ab
906 4197 1024 4256 auno
1049 4167 1170 4256 1804
1192 4169 1393 4288 elapsum
1423 4182 1503 4256 est.
1529 4165 1744 4256 'l'ralatitii
1766 4163 1988 4284 siquidem

495 4290 604 4380 iuris
635 4305 700 4378 est
733 4291 793 4378 30
829 4317 1048 4382 annorum
1082 4290 1316 4379 decursum
1353 4305 1518 4380 tantam
1541 4291 1627 4378 vim
1647 4287 1918 4407 praeseferre
1941 4301 1989 4372 ut

497 4415 641 4534 ipsum
674 4412 975 4529 Apostolicum
1009 4413 1336 4532 beneplacitum
1371 4443 1650 4532 praesumere
1682 4411 1827 4501 iaciat.
1873 4405 1989 4496 Vide

497 4539 545 4629 S.
581 4537 740 4625 Rotam
774 4535 819 4623 in
850 4537 950 4624 Dec.
986 4537 1049 4625 50
1079 4565 1193 4624 uum.
1232 4537 1290 4626 12
1318 4554 1437 4654 port.
1480 4539 1536 4625 lll
1568 4554 1606 4624 et
1639 4537 1739 4624 Dec.
1765 4534 1856 4622 694
1888 4529 1989 4618 1ιὸ

494 4675 614 4780 port.
652 4661 695 4746 1.
732 4659 995 4749 Praesertim
1030 4662 1323 4776 praesumitur
1356 4660 1644 4750 intervenisse
1697 4657 1773 4748 ubi
1824 4655 1988 4745 deutur

500 4797 621 4873 actus
652 4783 761 4870 certi
793 4797 838 4870 et
869 4782 1055 4898 positive
1087 4783 1198 4900 gesti
1239 4781 1490 4874 huiusmodi
1528 4781 1851 4872 observantiam
1887 4803 1990 4894 pro-

499 4907 660 4995 bantes
689 4905 789 4993 Dee.
827 4905 889 4994 -10
919 4937 1031 4994 rtem.
1069 4906 1130 4995 25
1159 4921 1279 5023 part.
1317 4908 1394 4996 10.
1430 4909 1479 4996 ln
1503 4907 1695 4996 themate
1716 4920 1864 4994 autem
1887 4925 1992 4988 cum

500 5026 671 5118 nedum
711 5029 773 5118 'de
805 5031 866 5118 30
902 5030 981 5120 sed
1005 5029 1063 5120 de
1082 5031 1143 5118 75
1166 5057 1386 5119 annorum
1405 5027 1593 5122 decursu
1609 5043 1778 5148 agatur,
1799 5024 1991 5147 quisque

500 5149 678 5270 ingenio
709 5181 789 5240 suo
821 5151 946 5242 lacile
978 5153 1163 5272 percipit
1196 5153 1318 5243 nullo
1351 5155 1484 5245 modo
1516 5152 1685 5271 ambigi
1708 5181 1834 5271 posse
1855 5143 1987 5236 eccle·

499 5273 700 5364 siasticae
734 5277 957 5394 potestatis
990 5276 1262 5368 sanctionem
1295 5278 1601 5369 intercessisse.
1628 5275 1703 5370 Sin
1726 5273 1870 5364 miuus
1891 5297 1993 5360 cou-

501 5396 642 5486 cludit
674 5398 1041 5519 Arcbipresbyter
1074 5404 1118 5490 in
1153 5401 1345 5492 themate
1377 5403 1445 5521 agi
1464 5401 1522 5492 de
1542 5429 1590 5488 re
1611 5397 1764 5488 dubia:
1786 5397 1831 5485 in
1854 5388 1991 5484 dubio

502 5535 654 5732 glutem
688 5520 982 5654 praesumitur
1013 5555 1189 5643 semper
1218 5539 1337 5614 recte
1368 5524 1549 5633 lactum,
1588 5521 1708 5642 quod
1732 5522 1813 5610 rite
1837 5513 1995 5606 lacien-

542 5669 616 5730 um
650 5659 758 5732 erat.
