4530 6336
680 368 760 452 Die
792 365 853 454 26
885 367 992 455 Iulii
1026 372 1162 460 tera.
1579 381 1671 468 367

187 534 204 574 ι
244 519 343 580 rum
375 487 556 578 cuilibet
588 487 739 578 debita
773 491 1015 608 respective
1050 493 1212 582 lucrari
1239 498 1406 612 possint
1437 514 1476 588 et
1508 483 1711 592 debeant⁸

190 657 207 696 ι
248 612 471 729 respective
499 612 733 729 percipere,
759 613 926 730 accipere
958 632 1084 704 etc..
1692 701 1696 715 ,

307 734 490 828 Saeculo
526 735 610 822 iam
647 751 859 826 transacto
893 734 989 826 aliis
1022 737 1156 827 Rullis
1203 743 1466 858 apostolicis
1500 746 1587 836 diei
1622 750 1695 840 lll.

183 859 441 958 Maii-tata
473 858 698 978 praedicta
733 860 920 950 Ecclesia
953 859 1434 980 EpiscopaliCatbedra
1468 870 1694 960 condec0-.

186 997 398 1090 ratassest3
434 999 566 1104 atque
599 983 643 1069 in
690 981 847 1071 iisdem
891 984 1029 1072 Eullis
1066 985 1125 1074 ita
1175 1017 1308 1078 onera
1357 993 1681 1092 Canonicorum

185 1105 462 1198 confirmata:
494 1147 511 1186 ι
541 1105 826 1194 Declaramus
861 1133 965 1193 vero
999 1139 1049 1196 ac
1080 1111 1327 1215 statuimus,
1351 1129 1397 1200 ιιι
1421 1117 1683 1232 praebenda

190 1272 207 1311 ι
246 1259 362 1350 quae
397 1261 476 1346 pro
499 1232 787 1318 Praecentore
812 1227 905 1316 sive
927 1229 1106 1320 Ciantro
1129 1232 1358 1353 adsignata
1380 1251 1461 1341 est,
1488 1239 1681 1354 primam

191 1394 208 1432 ι
247 1367 348 1470 post
381 1349 695 1470 pontificalem,
722 1352 860 1440 altera
894 1369 1059 1455 autem,
1086 1386 1199 1472 quae
1233 1357 1459 1474 adsignata
1506 1375 1571 1448 est
1605 1393 1684 1478 pro

191 1517 208 1556 ι
246 1477 442 1578 Decano,
458 1473 692 1564 secundam
718 1473 1004 1593 eiusCapituli
1023 1475 1282 1594 dignitatem
1301 1495 1345 1567 et
1367 1485 1688 1597 praeeminens

191 1638 208 1678 ι
250 1599 354 1687 tiam
388 1629 534 1688 secum
572 1611 785 1714 perpetuo
819 1594 944 1704 lerat,
972 1615 1093 1716 utque
1131 1602 1217 1715 ipsi
1255 1599 1391 1690 eidem
1419 1603 1688 1720 praebendae

192 1761 208 1802 ι
248 1722 448 1810 cuianteu
472 1722 516 1808 in
539 1736 647 1810 statu
674 1719 1021 1838 Collepielitatr's,
1047 1725 1143 1812 item
1161 1723 1205 1810 in
1234 1741 1445 1840 posterum
1468 1726 1687 1818 inhaereat

193 1885 209 1924 ι
249 1846 486 1932 animarum
520 1875 619 1930 cura
653 1873 751 1932 cum
786 1843 944 1933 iisdem
980 1863 1025 1934 ut
1044 1863 1170 1935 antea
1194 1846 1364 1936 iuribus
1381 1864 1514 1969 atque
1536 1853 1682 1938 oneri-

192 2008 210 2048 «
249 1969 346 2071 bus,
369 1968 427 2057 ab
460 1967 552 2056 eius
586 1998 667 2084 pro
689 1984 889 2083 tempore
907 1986 1074 2059 rectore
1090 1969 1382 2060 substinenda
1403 1989 1537 2090 atque
1558 2003 1685 2062 exer·

193 2131 210 2171 ι
249 2090 408 2182 aenda.
430 2093 661 2179 Praeterea
684 2088 965 2179 concedimus
984 2107 1118 2210 atque
1139 2091 1435 2211 indulgemus,
1463 2112 1511 2182 ut
1528 2095 1674 2211 ipsae-

192 2253 208 2292 ·
248 2229 328 2302 niet
361 2215 519 2330 oipinti
550 2213 810 2301 canonicales
836 2213 1097 2328 praebendae
1135 2215 1303 2335 absque
1344 2216 1569 2306 Bullarum
1607 2250 1682 2306 ex·

193 2378 210 2416 ι
249 2337 476 2456 peditione
509 2367 588 2454 pro
621 2337 701 2424 hac
735 2337 828 2424 vice
864 2351 1032 2425 tantum
1069 2338 1340 2427 retineantur
1362 2370 1412 2428 ac
1431 2339 1688 2456 possidean-¹

194 2501 209 2538 ι
251 2475 320 2548 tur
352 2463 408 2550 ab
442 2460 666 2575 hodiernis
702 2459 942 2577 respective
974 2461 1215 2550 rectoribus
1249 2494 1338 2550 cum
1372 2462 1521 2550 iisdem
1556 2495 1684 2578 pror·

194 2623 213 2662 ι
253 2615 319 2672 sus
350 2581 543 2672 oneribus
579 2583 783 2698 primitus
827 2581 1017 2671 aduenis.
1052 2624 1070 2662 ι

311 2706 685 2797 Testamentariae
719 2705 994 2822 dispositioni
1016 2708 1130 2795 Petri
1165 2711 1347 2796 lllessina
1371 2705 1508 2796 innixi
1543 2711 1686 2800 Cano·

189 2827 275 2918 nici
311 2829 369 2917 ab
401 2829 557 2918 eodem
594 2828 794 2934 instituti,
822 2827 985 2948 quibus
1028 2859 1190 2946 nempe
1237 2829 1483 2948 iniungitur
1530 2831 1687 2918 Poeni·

190 2951 353 3042 tentiae
396 2955 728 3046 Sacramentum
768 2951 1089 3057 administrare,
1142 2953 1342 3041 arbitrati
1392 2969 1489 3042 sunt
1534 2983 1689 3042 vacare

188 3105 314 3193 posse
345 3077 735 3165 sacramentalibus
769 3075 1113 3164 confessionibus
1161 3075 1429 3194 excipiendis
1481 3093 1683 3195 tempore

188 3197 326 3287 divini
359 3197 490 3288 ollicii
522 3197 628 3316 quin
664 3197 1052 3288 distributionibus
1086 3201 1371 3316 privarentur
1392 3198 1676 3316 quotidianis;

189 3320 310 3440 quod
345 3321 487 3410 lorsan
512 3321 593 3409 'atii
628 3321 836 3410 Canonici
871 3338 1052 3438 gravato
1086 3321 1233 3410 animo
1278 3322 1465 3412 lerentes
1513 3353 1674 3440 quere-

189 3442 279 3530 lam
313 3445 526 3563 Episcopo
562 3447 878 3560 praebuerunt,
918 3459 964 3531 ut
998 3443 1054 3532 ad
1089 3445 1335 3534 communis
1382 3445 1487 3563 legis
1536 3445 1688 3534 obser-

189 3565 382 3656 vantiam
417 3569 512 3657 illos
547 3585 786 3656 revocaret.
825 3567 1095 3655 Amicalibus
1129 3567 1273 3684 primo
1299 3599 1348 3658 ac
1365 3566 1560 3688 repetitis
1595 3598 1690 3656 mo·

191 3687 291 3778 nitis
324 3689 499 3780 duobus
532 3690 694 3780 abhinc
728 3690 853 3778 annis
886 3689 1064 3779 adnisus
1099 3707 1162 3780 est
1196 3692 1387 3778 Antistes
1429 3689 1683 3792 Messinene

190 3841 256 3902 ses
289 3813 528 3902 Canonicos
562 3813 618 3902 ad
638 3813 876 3914 ¹choralem
909 3811 1189 3932 disciplinam
1210 3813 1545 3904 custodiendam
1564 3843 1685 3902 com·

191 3933 374 4052 pellere,
399 3936 479 4028 scd
502 3950 655 4026 contra
691 3934 999 4054 promissiones
1034 3938 1090 4026 ab
1125 3937 1295 4042 iisdem,
1324 3953 1368 4026 ut
1403 3937 1498 4054 ipse
1531 3934 1683 4040 relect,

160 4057 397 4152 'continuo
431 4059 570 4164 datas,
602 4059 724 4148 omni
758 4089 836 4176 spe
870 4057 1116 4164 frustratus,
1143 4061 1228 4148 sub
1277 4058 1351 4148 die
1383 4060 1413 4147 9
1445 4057 1587 4164 lllartii
1620 4088 1690 4146 su-

190 4180 378 4296 perioris
412 4184 515 4272 anni
550 4184 672 4274 t878
704 4183 964 4272 mandatum
997 4181 1152 4287 edidit,
1192 4200 1254 4286 ut,
1292 4197 1476 4300 excepto
1499 4183 1709 4290 Cantorcv

128 4409 134 4420 „
194 4299 256 4422 (in
292 4333 378 4420 quo
415 4337 500 4394 uno
534 4306 789 4424 paroehialis
823 4337 926 4394 cura
970 4336 1085 4394 nunc
1133 4304 1315 4428 residet)
1373 4321 1417 4394 et
1455 4304 1684 4392 Paeniten-

187 4423 335 4530 tiario,
362 4425 435 4514 alii
458 4428 662 4518 Canonici
696 4429 772 4548 qui
807 4445 1008 4545 tempure
1030 4428 1169 4518 divini
1189 4427 1320 4517 ollicii
1353 4426 1555 4518 fidelium
1587 4455 1687 4514 con·

192 4546 402 4644 lessiones
456 4552 677 4655 audirent,
709 4550 1040 4642 distributiones
1088 4551 1368 4671 quotidianas
1412 4549 1683 4650 amitterent,
1796 4625 1798 4628 ,

193 4683 325 4788 atque
375 4671 554 4793 insuper
602 4676 874 4766 incurrerent
907 4675 951 4764 in
988 4705 1177 4795 poenam
1222 4671 1515 4790 suspensionis
1558 4701 1687 4759 ace·

194 4793 439 4888 lebratione
486 4798 638 4890 Missae
683 4831 761 4916 pro
813 4831 898 4886 una
944 4797 1018 4888 die
1067 4796 1347 4916 subsequenti
1403 4793 1687 4882 violationem

192 4916 408 5008 mandati.
1230 4987 1233 4994 .
1697 4927 1702 4936 “

316 5043 374 5130 Ut
405 5042 612 5134 inllictam
646 5043 940 5164 suspensionis
972 5073 1160 5160 poenam
1193 5043 1431 5161 Episcopus
1465 5053 1691 5129 revocaret

191 5164 545 5280 persuasionibus
580 5184 625 5258 et
658 5167 740 5286 ipsi
774 5195 877 5286 prae
910 5166 1065 5286 primis
1090 5251 1094 5258 .
1115 5166 1179 5255 usi
1212 5183 1315 5254 sunt
1347 5161 1558 5256 Canonici
1582 5193 1690 5281 pro·

190 5285 688 5408 missioncspersimiles
721 5307 771 5380 ιιι
803 5305 932 5380 antea
979 5289 1036 5379 de
1068 5289 1332 5407 praestanda
1364 5285 1590 5378 docilitate
1625 5283 1691 5375 al·

190 5421 426 5508 ternantes.
450 5417 612 5506 Verum
647 5414 693 5502 in
726 5413 902 5502 irritum
935 5412 1064 5504 cessis
1089 5413 1316 5529 utriusque
1349 5409 1520 5512 studiis,
1549 5406 1686 5498 iidem

192 5549 415 5646 postremo
448 5538 582 5628 satius
614 5537 841 5627 duxerunt
874 5533 929 5626 ad
962 5536 1009 5626 S.
1035 5535 1090 5624 H.
1119 5535 1175 5625 0.
1201 5531 1435 5653 confugere
1456 5533 1562 5622 baec
1582 5560 1693 5650 qua·
