<?xml version="1.0" encoding="UTF-8"?>
<!DOCTYPE html PUBLIC "-//W3C//DTD XHTML 1.0 Transitional//EN"
    "http://www.w3.org/TR/xhtml1/DTD/xhtml1-transitional.dtd">
<html xmlns="http://www.w3.org/1999/xhtml" xml:lang="en" lang="en">
 <head>
  <title>
</title>
<meta http-equiv="Content-Type" content="text/html;charset=utf-8" />
  <meta name='ocr-system' content='tesseract 3.04.00' />
  <meta name='ocr-capabilities' content='ocr_page ocr_carea ocr_par ocr_line ocrx_word'/>
</head>
<body>
  <div class='ocr_page' id='page_1' title='image "./thesaurusresolu00churgoog_0593.png"; bbox 0 0 4350 6326; ppageno 0'>
   <div class='ocr_carea' id='block_1_1' title="bbox 502 284 1016 568">
    <p class='ocr_par' dir='ltr' id='par_1_1' title="bbox 502 284 1016 568">
     <span class='ocr_line' id='line_1_1' title="bbox 502 284 745 412; baseline -0.004 -1"><span class='ocrx_word' id='word_1_1' title='bbox 502 323 593 412; x_wconf 79' lang='lat' dir='ltr'><strong>aaa</strong></span> <span class='ocrx_word' id='word_1_2' title='bbox 741 284 745 298; x_wconf 84' lang='lat'>&#39;</span> 
     </span>
     <span class='ocr_line' id='line_1_2' title="bbox 700 477 1016 568; baseline -0.016 0"><span class='ocrx_word' id='word_1_3' title='bbox 700 477 1016 568; x_wconf 84' lang='lat' dir='ltr'><strong>snurnurm</strong></span> 
     </span>
    </p>
   </div>
   <div class='ocr_carea' id='block_1_2' title="bbox 502 721 1218 2806">
    <p class='ocr_par' dir='ltr' id='par_1_2' title="bbox 504 721 1216 966">
     <span class='ocr_line' id='line_1_3' title="bbox 597 721 1216 811; baseline 0.002 -5"><span class='ocrx_word' id='word_1_4' title='bbox 597 723 743 811; x_wconf 80' lang='lat' dir='ltr'>Debet</span> <span class='ocrx_word' id='word_1_5' title='bbox 776 752 869 811; x_wconf 90' lang='lat' dir='ltr'><strong>esse</strong></span> <span class='ocrx_word' id='word_1_6' title='bbox 902 721 1136 810; x_wconf 79' lang='lat' dir='ltr'><strong>conformis</strong></span> <span class='ocrx_word' id='word_1_7' title='bbox 1169 721 1216 808; x_wconf 90' lang='lat' dir='ltr'><strong>li·</strong></span> 
     </span>
     <span class='ocr_line' id='line_1_4' title="bbox 504 843 1210 966; baseline -0.003 -32"><span class='ocrx_word' id='word_1_8' title='bbox 504 844 624 934; x_wconf 88' lang='lat' dir='ltr'><strong>bello</strong></span> <span class='ocrx_word' id='word_1_9' title='bbox 662 875 765 961; x_wconf 81' lang='lat' dir='ltr'><strong>pop.</strong></span> <span class='ocrx_word' id='word_1_10' title='bbox 801 845 882 933; x_wconf 93' lang='grc'><strong>221</strong></span> <span class='ocrx_word' id='word_1_11' title='bbox 925 843 971 966; x_wconf 92' lang='grc'><strong>3.</strong></span> <span class='ocrx_word' id='word_1_12' title='bbox 1008 845 1210 960; x_wconf 81' lang='lat' dir='ltr'><strong>Denique.</strong></span> 
     </span>
    </p>

    <p class='ocr_par' dir='ltr' id='par_1_3' title="bbox 505 967 1215 1456">
     <span class='ocr_line' id='line_1_5' title="bbox 598 967 1211 1058; baseline 0 -4"><span class='ocrx_word' id='word_1_13' title='bbox 598 969 831 1058; x_wconf 80' lang='lat' dir='ltr'><strong>Transaeta</strong></span> <span class='ocrx_word' id='word_1_14' title='bbox 865 967 907 1055; x_wconf 92' lang='lat' dir='ltr'><strong>in</strong></span> <span class='ocrx_word' id='word_1_15' title='bbox 933 998 1026 1055; x_wconf 93' lang='lat' dir='ltr'><strong>rem</strong></span> <span class='ocrx_word' id='word_1_16' title='bbox 1051 967 1211 1056; x_wconf 90' lang='lat' dir='ltr'><strong>iudica-</strong></span> 
     </span>
     <span class='ocr_line' id='line_1_6' title="bbox 509 1089 1215 1194; baseline 0.001 -18"><span class='ocrx_word' id='word_1_17' title='bbox 509 1107 615 1194; x_wconf 88' lang='lat' dir='ltr'><strong>tam,</strong></span> <span class='ocrx_word' id='word_1_18' title='bbox 638 1105 682 1177; x_wconf 89' lang='lat' dir='ltr'><strong>et</strong></span> <span class='ocrx_word' id='word_1_19' title='bbox 704 1089 947 1180; x_wconf 74' lang='lat' dir='ltr'><strong>executioni</strong></span> <span class='ocrx_word' id='word_1_20' title='bbox 971 1089 1215 1178; x_wconf 90' lang='lat' dir='ltr'><strong>demanda-</strong></span> 
     </span>
     <span class='ocr_line' id='line_1_7' title="bbox 506 1211 1214 1318; baseline 0 -18"><span class='ocrx_word' id='word_1_21' title='bbox 506 1229 564 1310; x_wconf 85' lang='lat' dir='ltr'><strong>ta,</strong></span> <span class='ocrx_word' id='word_1_22' title='bbox 600 1243 649 1301; x_wconf 90' lang='lat' dir='ltr'><strong>ac</strong></span> <span class='ocrx_word' id='word_1_23' title='bbox 681 1211 757 1300; x_wconf 92' lang='lat' dir='ltr'><strong>diu</strong></span> <span class='ocrx_word' id='word_1_24' title='bbox 781 1215 1031 1318; x_wconf 87' lang='lat' dir='ltr'><strong>observata,</strong></span> <span class='ocrx_word' id='word_1_25' title='bbox 1053 1227 1214 1301; x_wconf 90' lang='lat' dir='ltr'><strong>statum</strong></span> 
     </span>
     <span class='ocr_line' id='line_1_8' title="bbox 505 1331 1127 1456; baseline 0 -34"><span class='ocrx_word' id='word_1_26' title='bbox 505 1331 607 1422; x_wconf 87' lang='lat' dir='ltr'><strong>lacit</strong></span> <span class='ocrx_word' id='word_1_27' title='bbox 635 1365 741 1451; x_wconf 80' lang='lat' dir='ltr'><strong>pap.</strong></span> <span class='ocrx_word' id='word_1_28' title='bbox 779 1336 859 1424; x_wconf 78' lang='lat' dir='ltr'><strong>tat</strong></span> <span class='ocrx_word' id='word_1_29' title='bbox 901 1333 946 1456; x_wconf 88' lang='grc'><strong>3.</strong></span> <span class='ocrx_word' id='word_1_30' title='bbox 989 1334 1127 1446; x_wconf 86' lang='lat' dir='ltr'><strong>Quod.</strong></span> 
     </span>
    </p>

    <p class='ocr_par' dir='ltr' id='par_1_4' title="bbox 502 1457 1218 2157">
     <span class='ocr_line' id='line_1_9' title="bbox 567 1457 1218 1578; baseline 0 -34"><span class='ocrx_word' id='word_1_31' title='bbox 567 1459 716 1570; x_wconf 85' lang='lat' dir='ltr'><strong>Quare</strong></span> <span class='ocrx_word' id='word_1_32' title='bbox 750 1457 809 1547; x_wconf 86' lang='lat' dir='ltr'><strong>de</strong></span> <span class='ocrx_word' id='word_1_33' title='bbox 840 1489 889 1546; x_wconf 88' lang='lat' dir='ltr'><strong>ea</strong></span> <span class='ocrx_word' id='word_1_34' title='bbox 924 1457 1120 1578; x_wconf 80' lang='lat' dir='ltr'><strong>cognosci</strong></span> <span class='ocrx_word' id='word_1_35' title='bbox 1146 1485 1218 1544; x_wconf 91' lang='lat' dir='ltr'><strong>ne-</strong></span> 
     </span>
     <span class='ocr_line' id='line_1_10' title="bbox 503 1579 1211 1698; baseline -0.001 -31"><span class='ocrx_word' id='word_1_36' title='bbox 503 1579 613 1698; x_wconf 89' lang='lat' dir='ltr'><strong>quit,</strong></span> <span class='ocrx_word' id='word_1_37' title='bbox 652 1579 732 1668; x_wconf 93' lang='lat' dir='ltr'><strong>nisi</strong></span> <span class='ocrx_word' id='word_1_38' title='bbox 768 1581 945 1697; x_wconf 89' lang='lat' dir='ltr'><strong>praevia</strong></span> <span class='ocrx_word' id='word_1_39' title='bbox 979 1579 1211 1669; x_wconf 88' lang='lat' dir='ltr'><strong>restitutio·</strong></span> 
     </span>
     <span class='ocr_line' id='line_1_11' title="bbox 506 1701 1026 1820; baseline 0.004 -32"><span class='ocrx_word' id='word_1_40' title='bbox 506 1731 562 1788; x_wconf 90' lang='lat' dir='ltr'><strong>ne</strong></span> <span class='ocrx_word' id='word_1_41' title='bbox 595 1701 640 1788; x_wconf 91' lang='lat' dir='ltr'><strong>in</strong></span> <span class='ocrx_word' id='word_1_42' title='bbox 675 1702 893 1820; x_wconf 76' lang='lat' dir='ltr'><strong>integrum</strong></span> <span class='ocrx_word' id='word_1_43' title='bbox 918 1701 1026 1790; x_wconf 83' lang='lat' dir='ltr'><strong>ibid.</strong></span> 
     </span>
     <span class='ocr_line' id='line_1_12' title="bbox 502 1824 1215 1941; baseline 0.004 -32"><span class='ocrx_word' id='word_1_44' title='bbox 502 1881 504 1888; x_wconf 40' lang='grc' dir='ltr'><strong><em>ι</em></strong></span> <span class='ocrx_word' id='word_1_45' title='bbox 586 1825 756 1912; x_wconf 88' lang='lat' dir='ltr'><strong>luterea</strong></span> <span class='ocrx_word' id='word_1_46' title='bbox 776 1841 921 1914; x_wconf 91' lang='lat' dir='ltr'><strong>tamen</strong></span> <span class='ocrx_word' id='word_1_47' title='bbox 941 1824 1074 1912; x_wconf 90' lang='lat' dir='ltr'><strong>habet</strong></span> <span class='ocrx_word' id='word_1_48' title='bbox 1092 1853 1215 1941; x_wconf 89' lang='lat' dir='ltr'><strong>prae·</strong></span> 
     </span>
     <span class='ocr_line' id='line_1_13' title="bbox 507 1945 1214 2065; baseline 0.001 -33"><span class='ocrx_word' id='word_1_49' title='bbox 507 1945 802 2064; x_wconf 81' lang='lat' dir='ltr'><strong>sumptionem</strong></span> <span class='ocrx_word' id='word_1_50' title='bbox 827 1979 907 2065; x_wconf 85' lang='lat' dir='ltr'><strong>pro</strong></span> <span class='ocrx_word' id='word_1_51' title='bbox 924 1979 969 2036; x_wconf 91' lang='lat' dir='ltr'><strong>se</strong></span> <span class='ocrx_word' id='word_1_52' title='bbox 988 1963 1031 2035; x_wconf 91' lang='grc'><strong>11</strong></span> <span class='ocrx_word' id='word_1_53' title='bbox 1054 1962 1214 2034; x_wconf 86' lang='lat' dir='ltr'><strong>statum</strong></span> 
     </span>
     <span class='ocr_line' id='line_1_14' title="bbox 510 2067 885 2157; baseline 0.013 -5"><span class='ocrx_word' id='word_1_54' title='bbox 510 2067 741 2157; x_wconf 74' lang='lat' dir='ltr'><strong>validitatis</strong></span> <span class='ocrx_word' id='word_1_55' title='bbox 774 2069 885 2157; x_wconf 81' lang='lat' dir='ltr'><strong>ibid.</strong></span> 
     </span>
    </p>

    <p class='ocr_par' dir='ltr' id='par_1_5' title="bbox 504 2188 1215 2806">
     <span class='ocr_line' id='line_1_15' title="bbox 597 2188 1214 2309; baseline 0.002 -32"><span class='ocrx_word' id='word_1_56' title='bbox 597 2188 840 2280; x_wconf 84' lang='lat' dir='ltr'><strong>Deficiente</strong></span> <span class='ocrx_word' id='word_1_57' title='bbox 878 2192 1083 2284; x_wconf 84' lang='lat' dir='ltr'><strong>citatione</strong></span> <span class='ocrx_word' id='word_1_58' title='bbox 1115 2221 1214 2309; x_wconf 91' lang='lat' dir='ltr'><strong>par·</strong></span> 
     </span>
     <span class='ocr_line' id='line_1_16' title="bbox 506 2313 1215 2420; baseline 0 -20"><span class='ocrx_word' id='word_1_59' title='bbox 506 2315 560 2401; x_wconf 92' lang='lat' dir='ltr'><strong>tis</strong></span> <span class='ocrx_word' id='word_1_60' title='bbox 605 2313 853 2420; x_wconf 88' lang='lat' dir='ltr'><strong>adversae,</strong></span> <span class='ocrx_word' id='word_1_61' title='bbox 891 2317 960 2404; x_wconf 91' lang='lat' dir='ltr'><strong>vel</strong></span> <span class='ocrx_word' id='word_1_62' title='bbox 995 2313 1083 2404; x_wconf 90' lang='lat' dir='ltr'><strong>litis</strong></span> <span class='ocrx_word' id='word_1_63' title='bbox 1115 2343 1215 2402; x_wconf 87' lang='lat' dir='ltr'><strong>eon·</strong></span> 
     </span>
     <span class='ocr_line' id='line_1_17' title="bbox 505 2434 1213 2528; baseline -0.003 -5"><span class='ocrx_word' id='word_1_64' title='bbox 505 2434 736 2524; x_wconf 85' lang='lat' dir='ltr'><strong>testatione</strong></span> <span class='ocrx_word' id='word_1_65' title='bbox 770 2453 844 2525; x_wconf 91' lang='lat' dir='ltr'><strong>aut</strong></span> <span class='ocrx_word' id='word_1_66' title='bbox 871 2436 1144 2528; x_wconf 82' lang='lat' dir='ltr'><strong>conclusione</strong></span> <span class='ocrx_word' id='word_1_67' title='bbox 1169 2435 1213 2522; x_wconf 94' lang='lat' dir='ltr'><strong>in</strong></span> 
     </span>
     <span class='ocr_line' id='line_1_18' title="bbox 506 2558 1215 2677; baseline -0.003 -29"><span class='ocrx_word' id='word_1_68' title='bbox 506 2589 650 2664; x_wconf 84' lang='lat' dir='ltr'><strong>causa,</strong></span> <span class='ocrx_word' id='word_1_69' title='bbox 676 2561 891 2650; x_wconf 88' lang='lat' dir='ltr'><strong>sententia</strong></span> <span class='ocrx_word' id='word_1_70' title='bbox 914 2576 980 2650; x_wconf 90' lang='lat' dir='ltr'><strong>est</strong></span> <span class='ocrx_word' id='word_1_71' title='bbox 1000 2561 1094 2677; x_wconf 91' lang='lat' dir='ltr'><strong>ipso</strong></span> <span class='ocrx_word' id='word_1_72' title='bbox 1118 2558 1215 2646; x_wconf 91' lang='lat' dir='ltr'><strong>iure</strong></span> 
     </span>
     <span class='ocr_line' id='line_1_19' title="bbox 504 2681 1148 2806; baseline 0 -38"><span class='ocrx_word' id='word_1_73' title='bbox 504 2681 623 2770; x_wconf 91' lang='lat' dir='ltr'><strong>nulla</strong></span> <span class='ocrx_word' id='word_1_74' title='bbox 644 2713 746 2800; x_wconf 80' lang='lat' dir='ltr'><strong>pap.</strong></span> <span class='ocrx_word' id='word_1_75' title='bbox 763 2685 845 2772; x_wconf 89' lang='grc'><strong>221</strong></span> <span class='ocrx_word' id='word_1_76' title='bbox 877 2683 923 2806; x_wconf 90' lang='grc'><strong>3.</strong></span> <span class='ocrx_word' id='word_1_77' title='bbox 949 2683 1148 2798; x_wconf 82' lang='lat' dir='ltr'><strong>Denique.</strong></span> 
     </span>
    </p>
   </div>
   <div class='ocr_carea' id='block_1_3' title="bbox 724 2929 995 3054">
    <p class='ocr_par' dir='ltr' id='par_1_6' title="bbox 724 2929 995 3054">
     <span class='ocr_line' id='line_1_20' title="bbox 724 2929 995 3054; baseline -0.022 -32"><span class='ocrx_word' id='word_1_78' title='bbox 724 2929 995 3054; x_wconf 79' lang='lat' dir='ltr'><strong>suavinus</strong></span> 
     </span>
    </p>
   </div>
   <div class='ocr_carea' id='block_1_4' title="bbox 506 3171 1219 3994">
    <p class='ocr_par' dir='ltr' id='par_1_7' title="bbox 506 3171 1219 3656">
     <span class='ocr_line' id='line_1_21' title="bbox 599 3171 1219 3294; baseline -0.006 -32"><span class='ocrx_word' id='word_1_79' title='bbox 599 3173 839 3262; x_wconf 85' lang='lat' dir='ltr'><strong>Servitutes</strong></span> <span class='ocrx_word' id='word_1_80' title='bbox 852 3171 1096 3294; x_wconf 88' lang='lat' dir='ltr'><strong>praediales</strong></span> <span class='ocrx_word' id='word_1_81' title='bbox 1118 3201 1219 3290; x_wconf 89' lang='lat' dir='ltr'><strong>per-</strong></span> 
     </span>
     <span class='ocr_line' id='line_1_22' title="bbox 506 3311 1213 3414; baseline -0.003 -32"><span class='ocrx_word' id='word_1_82' title='bbox 506 3311 665 3414; x_wconf 89' lang='lat' dir='ltr'><strong>petuae</strong></span> <span class='ocrx_word' id='word_1_83' title='bbox 688 3313 817 3402; x_wconf 84' lang='lat' dir='ltr'><strong>sunt3</strong></span> <span class='ocrx_word' id='word_1_84' title='bbox 856 3327 941 3384; x_wconf 91' lang='lat' dir='ltr'><strong>non</strong></span> <span class='ocrx_word' id='word_1_85' title='bbox 975 3325 1080 3384; x_wconf 86' lang='lat' dir='ltr'><strong>vero</strong></span> <span class='ocrx_word' id='word_1_86' title='bbox 1114 3323 1213 3412; x_wconf 92' lang='lat' dir='ltr'><strong>per·</strong></span> 
     </span>
     <span class='ocr_line' id='line_1_23' title="bbox 506 3416 1215 3538; baseline -0.003 -34"><span class='ocrx_word' id='word_1_87' title='bbox 506 3419 674 3506; x_wconf 90' lang='lat' dir='ltr'><strong>sonales</strong></span> <span class='ocrx_word' id='word_1_88' title='bbox 704 3449 806 3536; x_wconf 79' lang='lat' dir='ltr'><strong>pop.</strong></span> <span class='ocrx_word' id='word_1_89' title='bbox 844 3420 933 3508; x_wconf 84' lang='lat'><strong>397</strong></span> <span class='ocrx_word' id='word_1_90' title='bbox 967 3416 1013 3538; x_wconf 94' lang='grc'><strong>3.</strong></span> <span class='ocrx_word' id='word_1_91' title='bbox 1047 3417 1215 3504; x_wconf 81' lang='lat' dir='ltr'><strong>Minus-</strong></span> 
     </span>
     <span class='ocr_line' id='line_1_24' title="bbox 506 3573 597 3656; baseline -0.011 -28"><span class='ocrx_word' id='word_1_92' title='bbox 506 3573 597 3656; x_wconf 83' lang='lat' dir='ltr'><strong>pue.</strong></span> 
     </span>
    </p>

    <p class='ocr_par' dir='ltr' id='par_1_8' title="bbox 506 3665 1216 3994">
     <span class='ocr_line' id='line_1_25' title="bbox 600 3665 1216 3780; baseline -0.005 -30"><span class='ocrx_word' id='word_1_93' title='bbox 600 3665 718 3752; x_wconf 89' lang='lat' dir='ltr'><strong>lnter</strong></span> <span class='ocrx_word' id='word_1_94' title='bbox 750 3665 979 3753; x_wconf 79' lang='lat' dir='ltr'><strong>servitutes</strong></span> <span class='ocrx_word' id='word_1_95' title='bbox 1013 3689 1216 3780; x_wconf 89' lang='lat' dir='ltr'><strong>persona-</strong></span> 
     </span>
     <span class='ocr_line' id='line_1_26' title="bbox 506 3783 1213 3876; baseline -0.003 -5"><span class='ocrx_word' id='word_1_96' title='bbox 506 3783 566 3872; x_wconf 92' lang='lat' dir='ltr'><strong>les</strong></span> <span class='ocrx_word' id='word_1_97' title='bbox 599 3815 701 3874; x_wconf 91' lang='lat' dir='ltr'><strong>usus</strong></span> <span class='ocrx_word' id='word_1_98' title='bbox 735 3801 778 3874; x_wconf 91' lang='lat' dir='ltr'><strong>et</strong></span> <span class='ocrx_word' id='word_1_99' title='bbox 800 3787 1045 3876; x_wconf 79' lang='lat' dir='ltr'><strong>usufructus</strong></span> <span class='ocrx_word' id='word_1_100' title='bbox 1067 3813 1213 3874; x_wconf 91' lang='lat' dir='ltr'><strong>recen·</strong></span> 
     </span>
     <span class='ocr_line' id='line_1_27' title="bbox 507 3906 805 3994; baseline 0.007 -2"><span class='ocrx_word' id='word_1_101' title='bbox 507 3923 661 3994; x_wconf 90' lang='lat' dir='ltr'><strong>sentur</strong></span> <span class='ocrx_word' id='word_1_102' title='bbox 695 3906 805 3994; x_wconf 82' lang='lat' dir='ltr'><strong>ibid.</strong></span> 
     </span>
    </p>
   </div>
   <div class='ocr_carea' id='block_1_5' title="bbox 601 4149 1027 4271">
    <p class='ocr_par' dir='ltr' id='par_1_9' title="bbox 601 4149 1027 4271">
     <span class='ocr_line' id='line_1_28' title="bbox 601 4149 1027 4271; baseline -0.012 -28"><span class='ocrx_word' id='word_1_103' title='bbox 601 4149 713 4243; x_wconf 80' lang='lat' dir='ltr'><strong>vide</strong></span> <span class='ocrx_word' id='word_1_104' title='bbox 749 4151 1027 4271; x_wconf 83' lang='lat' dir='ltr'><strong>Usussructus.</strong></span> 
     </span>
    </p>
   </div>
   <div class='ocr_carea' id='block_1_6' title="bbox 744 4397 975 4488">
    <p class='ocr_par' dir='ltr' id='par_1_10' title="bbox 744 4397 975 4488">
     <span class='ocr_line' id='line_1_29' title="bbox 744 4397 975 4488; baseline -0.009 0"><span class='ocrx_word' id='word_1_105' title='bbox 744 4397 975 4488; x_wconf 77' lang='lat' dir='ltr'><strong>statuum</strong></span> 
     </span>
    </p>
   </div>
   <div class='ocr_carea' id='block_1_7' title="bbox 505 4639 1217 5376">
    <p class='ocr_par' dir='ltr' id='par_1_11' title="bbox 505 4639 1217 5136">
     <span class='ocr_line' id='line_1_30' title="bbox 606 4639 1208 4730; baseline -0.005 0"><span class='ocrx_word' id='word_1_106' title='bbox 606 4641 922 4730; x_wconf 88' lang='lat' dir='ltr'><strong>Beneficiorum</strong></span> <span class='ocrx_word' id='word_1_107' title='bbox 954 4639 1208 4730; x_wconf 92' lang='lat' dir='ltr'><strong>collationes</strong></span> 
     </span>
     <span class='ocr_line' id='line_1_31' title="bbox 505 4761 1217 4883; baseline -0.007 -29"><span class='ocrx_word' id='word_1_108' title='bbox 505 4765 746 4854; x_wconf 90' lang='lat' dir='ltr'><strong>simoniace</strong></span> <span class='ocrx_word' id='word_1_109' title='bbox 779 4764 916 4853; x_wconf 87' lang='lat' dir='ltr'><strong>laetae</strong></span> <span class='ocrx_word' id='word_1_110' title='bbox 950 4761 1217 4883; x_wconf 73' lang='grc'>[1111111111-</span> 
     </span>
     <span class='ocr_line' id='line_1_32' title="bbox 507 4884 1216 5006; baseline -0.003 -32"><span class='ocrx_word' id='word_1_111' title='bbox 507 4903 577 4976; x_wconf 91' lang='lat' dir='ltr'><strong>tae</strong></span> <span class='ocrx_word' id='word_1_112' title='bbox 610 4889 846 5006; x_wconf 86' lang='lat' dir='ltr'><strong>inanesque</strong></span> <span class='ocrx_word' id='word_1_113' title='bbox 868 4904 968 4976; x_wconf 77' lang='lat' dir='ltr'><strong>sirnt</strong></span> <span class='ocrx_word' id='word_1_114' title='bbox 992 4917 1096 5004; x_wconf 80' lang='lat' dir='ltr'><strong>pop.</strong></span> <span class='ocrx_word' id='word_1_115' title='bbox 1123 4884 1216 4976; x_wconf 77' lang='grc'>11111</span> 
     </span>
     <span class='ocr_line' id='line_1_33' title="bbox 506 5009 801 5136; baseline -0.007 -37"><span class='ocrx_word' id='word_1_116' title='bbox 506 5010 552 5136; x_wconf 90' lang='grc'><strong>3.</strong></span> <span class='ocrx_word' id='word_1_117' title='bbox 594 5009 717 5122; x_wconf 84' lang='lat' dir='ltr'><strong>Quod</strong></span> <span class='ocrx_word' id='word_1_118' title='bbox 748 5011 801 5098; x_wconf 83' lang='lat' dir='ltr'><strong>ai.</strong></span> 
     </span>
    </p>

    <p class='ocr_par' dir='ltr' id='par_1_12' title="bbox 506 5129 1210 5376">
     <span class='ocr_line' id='line_1_34' title="bbox 597 5129 1210 5256; baseline -0.01 -34"><span class='ocrx_word' id='word_1_119' title='bbox 597 5133 736 5256; x_wconf 91' lang='lat' dir='ltr'><strong>ldque</strong></span> <span class='ocrx_word' id='word_1_120' title='bbox 778 5133 979 5236; x_wconf 88' lang='lat' dir='ltr'><strong>obtinet,</strong></span> <span class='ocrx_word' id='word_1_121' title='bbox 1015 5129 1107 5220; x_wconf 86' lang='lat' dir='ltr'><strong>sive</strong></span> <span class='ocrx_word' id='word_1_122' title='bbox 1155 5130 1210 5218; x_wconf 91' lang='lat' dir='ltr'><strong>ab</strong></span> 
     </span>
     <span class='ocr_line' id='line_1_35' title="bbox 506 5253 1209 5376; baseline -0.004 -33"><span class='ocrx_word' id='word_1_123' title='bbox 506 5272 692 5375; x_wconf 90' lang='lat' dir='ltr'><strong>utraque</strong></span> <span class='ocrx_word' id='word_1_124' title='bbox 722 5272 847 5376; x_wconf 89' lang='lat' dir='ltr'><strong>parte</strong></span> <span class='ocrx_word' id='word_1_125' title='bbox 888 5253 1074 5344; x_wconf 87' lang='lat' dir='ltr'><strong>simonia</strong></span> <span class='ocrx_word' id='word_1_126' title='bbox 1107 5283 1209 5376; x_wconf 91' lang='lat' dir='ltr'><strong>per·</strong></span> 
     </span>
    </p>
   </div>
   <div class='ocr_carea' id='block_1_8' title="bbox 1091 321 1395 409">
    <p class='ocr_par' dir='ltr' id='par_1_13' title="bbox 1091 321 1395 409">
     <span class='ocr_line' id='line_1_36' title="bbox 1091 321 1395 409; baseline -0.003 -1"><span class='ocrx_word' id='word_1_127' title='bbox 1091 321 1395 409; x_wconf 84' lang='lat' dir='ltr'><strong>lNDEX</strong></span> 
     </span>
    </p>
   </div>
   <div class='ocr_carea' id='block_1_9' title="bbox 1275 473 2142 4514">
    <p class='ocr_par' dir='ltr' id='par_1_14' title="bbox 1276 473 2142 698">
     <span class='ocr_line' id='line_1_37' title="bbox 1276 473 2142 592; baseline 0.003 -30"><span class='ocrx_word' id='word_1_128' title='bbox 1276 473 1386 564; x_wconf 90' lang='lat' dir='ltr'><strong>lecta</strong></span> <span class='ocrx_word' id='word_1_129' title='bbox 1409 477 1480 580; x_wconf 88' lang='lat' dir='ltr'><strong>sit,</strong></span> <span class='ocrx_word' id='word_1_130' title='bbox 1497 476 1588 564; x_wconf 87' lang='lat' dir='ltr'><strong>sive</strong></span> <span class='ocrx_word' id='word_1_131' title='bbox 1610 477 1902 568; x_wconf 90' lang='lat' dir='ltr'><strong>conventione</strong></span> <span class='ocrx_word' id='word_1_132' title='bbox 1924 481 1989 567; x_wconf 90' lang='lat' dir='ltr'><strong>ni·</strong></span> <span class='ocrx_word' id='word_1_133' title='bbox 2141 533 2142 592; x_wconf 41' lang='lat' dir='ltr'><strong>p</strong></span> 
     </span>
     <span class='ocr_line' id='line_1_38' title="bbox 1276 597 2142 698; baseline -0.002 -13"><span class='ocrx_word' id='word_1_134' title='bbox 1276 613 1395 687; x_wconf 90' lang='lat' dir='ltr'><strong>tatur</strong></span> <span class='ocrx_word' id='word_1_135' title='bbox 1428 597 1538 686; x_wconf 82' lang='grc'>111111.</span> <span class='ocrx_word' id='word_1_136' title='bbox 2141 681 2142 698; x_wconf 69' lang='lat'><strong>.</strong></span> 
     </span>
    </p>

    <p class='ocr_par' dir='ltr' id='par_1_15' title="bbox 1276 721 2142 1208">
     <span class='ocr_line' id='line_1_39' title="bbox 1370 721 2142 843; baseline 0.008 -33"><span class='ocrx_word' id='word_1_137' title='bbox 1370 721 1546 840; x_wconf 83' lang='lat' dir='ltr'><strong>Amplia</strong></span> <span class='ocrx_word' id='word_1_138' title='bbox 1570 721 1669 810; x_wconf 83' lang='lat' dir='ltr'><strong>licet</strong></span> <span class='ocrx_word' id='word_1_139' title='bbox 1690 723 1827 810; x_wconf 90' lang='lat' dir='ltr'><strong>electo</strong></span> <span class='ocrx_word' id='word_1_140' title='bbox 1866 723 1985 843; x_wconf 79' lang='lat' dir='ltr'><strong>igna-</strong></span> <span class='ocrx_word' id='word_1_141' title='bbox 2141 791 2142 816; x_wconf 61' lang='lat'><strong>.</strong></span> 
     </span>
     <span class='ocr_line' id='line_1_40' title="bbox 1276 843 1988 966; baseline 0.001 -32"><span class='ocrx_word' id='word_1_142' title='bbox 1276 880 1325 934; x_wconf 92' lang='lat' dir='ltr'><strong>ro</strong></span> <span class='ocrx_word' id='word_1_143' title='bbox 1357 846 1449 934; x_wconf 90' lang='lat' dir='ltr'><strong>eius</strong></span> <span class='ocrx_word' id='word_1_144' title='bbox 1483 843 1611 934; x_wconf 89' lang='lat' dir='ltr'><strong>amici</strong></span> <span class='ocrx_word' id='word_1_145' title='bbox 1645 859 1689 933; x_wconf 91' lang='lat' dir='ltr'><strong>et</strong></span> <span class='ocrx_word' id='word_1_146' title='bbox 1720 846 1988 966; x_wconf 76' lang='lat' dir='ltr'><strong>consangui-</strong></span> 
     </span>
     <span class='ocr_line' id='line_1_41' title="bbox 1277 964 1988 1086; baseline -0.003 -26"><span class='ocrx_word' id='word_1_147' title='bbox 1277 969 1348 1060; x_wconf 86' lang='lat' dir='ltr'><strong>nei</strong></span> <span class='ocrx_word' id='word_1_148' title='bbox 1393 965 1625 1086; x_wconf 86' lang='lat' dir='ltr'><strong>pecuniam</strong></span> <span class='ocrx_word' id='word_1_149' title='bbox 1669 964 1877 1056; x_wconf 79' lang='lat' dir='ltr'><strong>dederint</strong></span> <span class='ocrx_word' id='word_1_150' title='bbox 1917 987 1988 1058; x_wconf 87' lang='lat' dir='ltr'><strong>aut</strong></span> 
     </span>
     <span class='ocr_line' id='line_1_42' title="bbox 1278 1089 1688 1208; baseline -0.012 -29"><span class='ocrx_word' id='word_1_151' title='bbox 1278 1089 1559 1208; x_wconf 89' lang='lat' dir='ltr'><strong>promiserint</strong></span> <span class='ocrx_word' id='word_1_152' title='bbox 1579 1089 1688 1178; x_wconf 84' lang='lat' dir='ltr'><strong>ibid.</strong></span> 
     </span>
    </p>

    <p class='ocr_par' dir='ltr' id='par_1_16' title="bbox 1276 1211 1988 1824">
     <span class='ocr_line' id='line_1_43' title="bbox 1355 1211 1988 1326; baseline 0.003 -26"><span class='ocrx_word' id='word_1_153' title='bbox 1355 1211 1617 1326; x_wconf 90' lang='lat' dir='ltr'><strong>Pensionem</strong></span> <span class='ocrx_word' id='word_1_154' title='bbox 1633 1211 1898 1301; x_wconf 76' lang='lat' dir='ltr'><strong>transferens</strong></span> <span class='ocrx_word' id='word_1_155' title='bbox 1917 1233 1988 1303; x_wconf 87' lang='lat' dir='ltr'><strong>aut</strong></span> 
     </span>
     <span class='ocr_line' id='line_1_44' title="bbox 1278 1334 1988 1453; baseline 0.003 -29"><span class='ocrx_word' id='word_1_156' title='bbox 1278 1334 1498 1424; x_wconf 91' lang='lat' dir='ltr'><strong>redimens</strong></span> <span class='ocrx_word' id='word_1_157' title='bbox 1545 1366 1624 1453; x_wconf 93' lang='lat' dir='ltr'><strong>pro</strong></span> <span class='ocrx_word' id='word_1_158' title='bbox 1669 1335 1853 1451; x_wconf 89' lang='lat' dir='ltr'><strong>pecunia</strong></span> <span class='ocrx_word' id='word_1_159' title='bbox 1896 1337 1988 1426; x_wconf 88' lang='lat' dir='ltr'><strong>sine</strong></span> 
     </span>
     <span class='ocr_line' id='line_1_45' title="bbox 1278 1456 1984 1548; baseline 0 -1"><span class='ocrx_word' id='word_1_160' title='bbox 1278 1456 1533 1547; x_wconf 85' lang='lat' dir='ltr'><strong>auctoritate</strong></span> <span class='ocrx_word' id='word_1_161' title='bbox 1572 1459 1759 1546; x_wconf 87' lang='lat' dir='ltr'><strong>Romani</strong></span> <span class='ocrx_word' id='word_1_162' title='bbox 1806 1459 1984 1548; x_wconf 87' lang='lat' dir='ltr'><strong>Pontifi-</strong></span> 
     </span>
     <span class='ocr_line' id='line_1_46' title="bbox 1276 1577 1984 1700; baseline 0 -30"><span class='ocrx_word' id='word_1_163' title='bbox 1276 1582 1337 1670; x_wconf 89' lang='lat' dir='ltr'><strong>cis</strong></span> <span class='ocrx_word' id='word_1_164' title='bbox 1369 1577 1599 1668; x_wconf 89' lang='lat' dir='ltr'><strong>simoniam</strong></span> <span class='ocrx_word' id='word_1_165' title='bbox 1631 1579 1863 1666; x_wconf 82' lang='lat' dir='ltr'><strong>committit</strong></span> <span class='ocrx_word' id='word_1_166' title='bbox 1880 1612 1984 1700; x_wconf 81' lang='lat' dir='ltr'><strong>pop.</strong></span> 
     </span>
     <span class='ocr_line' id='line_1_47' title="bbox 1277 1701 1738 1824; baseline -0.004 -34"><span class='ocrx_word' id='word_1_167' title='bbox 1277 1701 1670 1824; x_wconf 68' lang='grc'>5303011111.</span> <span class='ocrx_word' id='word_1_168' title='bbox 1735 1749 1738 1763; x_wconf 70' lang='lat'><strong>.</strong></span> 
     </span>
    </p>

    <p class='ocr_par' dir='ltr' id='par_1_17' title="bbox 1277 1823 1988 2281">
     <span class='ocr_line' id='line_1_48' title="bbox 1339 1823 1987 1914; baseline 0.002 -2"><span class='ocrx_word' id='word_1_169' title='bbox 1339 1827 1434 1913; x_wconf 89' lang='lat' dir='ltr'><strong>Non</strong></span> <span class='ocrx_word' id='word_1_170' title='bbox 1470 1823 1625 1912; x_wconf 90' lang='lat' dir='ltr'><strong>incidit</strong></span> <span class='ocrx_word' id='word_1_171' title='bbox 1658 1839 1803 1910; x_wconf 88' lang='lat' dir='ltr'><strong>tamen</strong></span> <span class='ocrx_word' id='word_1_172' title='bbox 1839 1824 1883 1910; x_wconf 93' lang='lat' dir='ltr'><strong>in</strong></span> <span class='ocrx_word' id='word_1_173' title='bbox 1919 1857 1987 1914; x_wconf 87' lang='lat' dir='ltr'><strong>ex·</strong></span> 
     </span>
     <span class='ocr_line' id='line_1_49' title="bbox 1277 1945 1988 2038; baseline -0.003 -1"><span class='ocrx_word' id='word_1_174' title='bbox 1277 1945 1720 2038; x_wconf 87' lang='lat' dir='ltr'><strong>communicationem</strong></span> <span class='ocrx_word' id='word_1_175' title='bbox 1768 1946 1903 2034; x_wconf 88' lang='lat' dir='ltr'><strong>latam</strong></span> <span class='ocrx_word' id='word_1_176' title='bbox 1947 1949 1988 2036; x_wconf 94' lang='lat' dir='ltr'><strong>in</strong></span> 
     </span>
     <span class='ocr_line' id='line_1_50' title="bbox 1277 2066 1988 2189; baseline 0.003 -32"><span class='ocrx_word' id='word_1_177' title='bbox 1277 2068 1585 2189; x_wconf 78' lang='lat' dir='ltr'><strong>Extravaganti</strong></span> <span class='ocrx_word' id='word_1_178' title='bbox 1628 2071 1658 2156; x_wconf 96' lang='grc'>2</span> <span class='ocrx_word' id='word_1_179' title='bbox 1699 2066 1756 2156; x_wconf 92' lang='lat' dir='ltr'><strong>de</strong></span> <span class='ocrx_word' id='word_1_180' title='bbox 1794 2069 1988 2159; x_wconf 88' lang='lat' dir='ltr'><strong>Simonia</strong></span> 
     </span>
     <span class='ocr_line' id='line_1_51' title="bbox 1278 2192 1388 2281; baseline 0.027 -3"><span class='ocrx_word' id='word_1_181' title='bbox 1278 2192 1388 2281; x_wconf 84' lang='lat' dir='ltr'><strong>ibid.</strong></span> 
     </span>
    </p>

    <p class='ocr_par' dir='ltr' id='par_1_18' title="bbox 1278 2313 1988 2927">
     <span class='ocr_line' id='line_1_52' title="bbox 1370 2313 1988 2433; baseline 0.002 -31"><span class='ocrx_word' id='word_1_182' title='bbox 1370 2314 1490 2404; x_wconf 89' lang='lat' dir='ltr'><strong>Licet</strong></span> <span class='ocrx_word' id='word_1_183' title='bbox 1522 2315 1711 2433; x_wconf 92' lang='lat' dir='ltr'><strong>quodvis</strong></span> <span class='ocrx_word' id='word_1_184' title='bbox 1732 2313 1988 2403; x_wconf 87' lang='lat' dir='ltr'><strong>ecclesiasti-</strong></span> 
     </span>
     <span class='ocr_line' id='line_1_53' title="bbox 1280 2435 1987 2528; baseline -0.006 0"><span class='ocrx_word' id='word_1_185' title='bbox 1280 2471 1380 2528; x_wconf 87' lang='lat' dir='ltr'><strong>cum</strong></span> <span class='ocrx_word' id='word_1_186' title='bbox 1414 2435 1600 2526; x_wconf 88' lang='lat' dir='ltr'><strong>officium</strong></span> <span class='ocrx_word' id='word_1_187' title='bbox 1633 2436 1688 2526; x_wconf 89' lang='lat' dir='ltr'><strong>sit</strong></span> <span class='ocrx_word' id='word_1_188' title='bbox 1720 2436 1906 2524; x_wconf 87' lang='lat' dir='ltr'><strong>materia</strong></span> <span class='ocrx_word' id='word_1_189' title='bbox 1939 2439 1987 2525; x_wconf 86' lang='lat' dir='ltr'><strong>si-</strong></span> 
     </span>
     <span class='ocr_line' id='line_1_54' title="bbox 1280 2560 1988 2678; baseline 0 -30"><span class='ocrx_word' id='word_1_190' title='bbox 1280 2561 1452 2650; x_wconf 88' lang='lat' dir='ltr'><strong>moniae</strong></span> <span class='ocrx_word' id='word_1_191' title='bbox 1469 2560 1616 2678; x_wconf 89' lang='lat' dir='ltr'><strong>quoad</strong></span> <span class='ocrx_word' id='word_1_192' title='bbox 1635 2576 1883 2678; x_wconf 87' lang='lat' dir='ltr'><strong>peceatum,</strong></span> <span class='ocrx_word' id='word_1_193' title='bbox 1904 2589 1988 2648; x_wconf 93' lang='lat' dir='ltr'><strong>non</strong></span> 
     </span>
     <span class='ocr_line' id='line_1_55' title="bbox 1278 2683 1984 2804; baseline -0.003 -34"><span class='ocrx_word' id='word_1_194' title='bbox 1278 2699 1343 2771; x_wconf 89' lang='lat' dir='ltr'><strong>est</strong></span> <span class='ocrx_word' id='word_1_195' title='bbox 1376 2701 1522 2772; x_wconf 90' lang='lat' dir='ltr'><strong>tamen</strong></span> <span class='ocrx_word' id='word_1_196' title='bbox 1559 2683 1706 2804; x_wconf 87' lang='lat' dir='ltr'><strong>quoad</strong></span> <span class='ocrx_word' id='word_1_197' title='bbox 1730 2711 1892 2798; x_wconf 89' lang='lat' dir='ltr'><strong>poenas</strong></span> <span class='ocrx_word' id='word_1_198' title='bbox 1925 2683 1984 2768; x_wconf 92' lang='lat' dir='ltr'><strong>iu·</strong></span> 
     </span>
     <span class='ocr_line' id='line_1_56' title="bbox 1278 2805 1922 2927; baseline -0.005 -35"><span class='ocrx_word' id='word_1_199' title='bbox 1278 2807 1336 2894; x_wconf 88' lang='lat' dir='ltr'><strong>ris</strong></span> <span class='ocrx_word' id='word_1_200' title='bbox 1366 2838 1466 2924; x_wconf 80' lang='lat' dir='ltr'><strong>pop.</strong></span> <span class='ocrx_word' id='word_1_201' title='bbox 1504 2807 1597 2894; x_wconf 86' lang='lat'><strong>530</strong></span> <span class='ocrx_word' id='word_1_202' title='bbox 1629 2805 1674 2927; x_wconf 88' lang='grc'><strong>3.</strong></span> <span class='ocrx_word' id='word_1_203' title='bbox 1715 2805 1761 2891; x_wconf 83' lang='lat' dir='ltr'><strong>ln</strong></span> <span class='ocrx_word' id='word_1_204' title='bbox 1782 2819 1922 2920; x_wconf 83' lang='lat' dir='ltr'><strong>etseq.</strong></span> 
     </span>
    </p>

    <p class='ocr_par' dir='ltr' id='par_1_19' title="bbox 1275 2926 1990 3658">
     <span class='ocr_line' id='line_1_57' title="bbox 1371 2926 1987 3030; baseline -0.006 -12"><span class='ocrx_word' id='word_1_205' title='bbox 1371 2928 1612 3020; x_wconf 90' lang='lat' dir='ltr'><strong>Simoniam</strong></span> <span class='ocrx_word' id='word_1_206' title='bbox 1656 2926 1908 3030; x_wconf 88' lang='lat' dir='ltr'><strong>committit,</strong></span> <span class='ocrx_word' id='word_1_207' title='bbox 1944 2945 1987 3014; x_wconf 90' lang='grc'><strong>11</strong></span> 
     </span>
     <span class='ocr_line' id='line_1_58' title="bbox 1279 3049 1981 3167; baseline -0.006 -27"><span class='ocrx_word' id='word_1_208' title='bbox 1279 3053 1323 3140; x_wconf 91' lang='lat' dir='ltr'><strong>in</strong></span> <span class='ocrx_word' id='word_1_209' title='bbox 1360 3052 1463 3140; x_wconf 89' lang='lat' dir='ltr'><strong>iuris</strong></span> <span class='ocrx_word' id='word_1_210' title='bbox 1496 3081 1658 3167; x_wconf 88' lang='lat' dir='ltr'><strong>poenas</strong></span> <span class='ocrx_word' id='word_1_211' title='bbox 1681 3049 1858 3153; x_wconf 88' lang='lat' dir='ltr'><strong>labitur,</strong></span> <span class='ocrx_word' id='word_1_212' title='bbox 1897 3079 1981 3137; x_wconf 90' lang='lat' dir='ltr'><strong>non</strong></span> 
     </span>
     <span class='ocr_line' id='line_1_59' title="bbox 1279 3171 1988 3294; baseline -0.006 -32"><span class='ocrx_word' id='word_1_213' title='bbox 1279 3175 1418 3263; x_wconf 91' lang='lat' dir='ltr'><strong>solum</strong></span> <span class='ocrx_word' id='word_1_214' title='bbox 1453 3175 1528 3294; x_wconf 90' lang='lat' dir='ltr'><strong>qui</strong></span> <span class='ocrx_word' id='word_1_215' title='bbox 1577 3172 1730 3261; x_wconf 91' lang='lat' dir='ltr'><strong>vendit</strong></span> <span class='ocrx_word' id='word_1_216' title='bbox 1772 3185 1848 3260; x_wconf 89' lang='lat' dir='ltr'><strong>aut</strong></span> <span class='ocrx_word' id='word_1_217' title='bbox 1881 3171 1988 3258; x_wconf 87' lang='lat' dir='ltr'><strong>emit</strong></span> 
     </span>
     <span class='ocr_line' id='line_1_60' title="bbox 1279 3293 1987 3386; baseline -0.001 -2"><span class='ocrx_word' id='word_1_218' title='bbox 1279 3295 1495 3386; x_wconf 89' lang='lat' dir='ltr'><strong>benelicia</strong></span> <span class='ocrx_word' id='word_1_219' title='bbox 1529 3295 1609 3384; x_wconf 88' lang='lat' dir='ltr'><strong>sed</strong></span> <span class='ocrx_word' id='word_1_220' title='bbox 1636 3311 1681 3383; x_wconf 89' lang='lat' dir='ltr'><strong>et</strong></span> <span class='ocrx_word' id='word_1_221' title='bbox 1702 3293 1987 3382; x_wconf 87' lang='lat' dir='ltr'><strong>ecclesiastica</strong></span> 
     </span>
     <span class='ocr_line' id='line_1_61' title="bbox 1278 3415 1990 3536; baseline -0.004 -30"><span class='ocrx_word' id='word_1_222' title='bbox 1278 3417 1414 3506; x_wconf 88' lang='lat' dir='ltr'><strong>officia</strong></span> <span class='ocrx_word' id='word_1_223' title='bbox 1456 3448 1561 3535; x_wconf 80' lang='lat' dir='ltr'><strong>pap.</strong></span> <span class='ocrx_word' id='word_1_224' title='bbox 1606 3418 1697 3505; x_wconf 83' lang='grc'><strong>532</strong></span> <span class='ocrx_word' id='word_1_225' title='bbox 1729 3415 1774 3536; x_wconf 88' lang='grc'><strong>3.</strong></span> <span class='ocrx_word' id='word_1_226' title='bbox 1830 3417 1990 3527; x_wconf 67' lang='grc'>(21111111-</span> 
     </span>
     <span class='ocr_line' id='line_1_62' title="bbox 1275 3543 1527 3658; baseline -0.012 -30"><span class='ocrx_word' id='word_1_227' title='bbox 1275 3543 1341 3628; x_wconf 83' lang='lat' dir='ltr'><strong>uis</strong></span> <span class='ocrx_word' id='word_1_228' title='bbox 1374 3559 1411 3628; x_wconf 89' lang='lat' dir='ltr'><strong>et</strong></span> <span class='ocrx_word' id='word_1_229' title='bbox 1444 3574 1527 3658; x_wconf 81' lang='lat' dir='ltr'><strong>sep.</strong></span> 
     </span>
    </p>

    <p class='ocr_par' dir='ltr' id='par_1_20' title="bbox 1276 3661 1992 4120">
     <span class='ocr_line' id='line_1_63' title="bbox 1369 3661 1986 3780; baseline -0.005 -30"><span class='ocrx_word' id='word_1_230' title='bbox 1369 3661 1571 3755; x_wconf 84' lang='lat' dir='ltr'><strong>Materiae</strong></span> <span class='ocrx_word' id='word_1_231' title='bbox 1593 3663 1789 3780; x_wconf 87' lang='lat' dir='ltr'><strong>parvitas</strong></span> <span class='ocrx_word' id='word_1_232' title='bbox 1810 3675 1986 3750; x_wconf 85' lang='lat' dir='ltr'><strong>excusat</strong></span> 
     </span>
     <span class='ocr_line' id='line_1_64' title="bbox 1276 3782 1986 3875; baseline -0.008 0"><span class='ocrx_word' id='word_1_233' title='bbox 1276 3786 1407 3875; x_wconf 90' lang='lat' dir='ltr'><strong>etiam</strong></span> <span class='ocrx_word' id='word_1_234' title='bbox 1443 3787 1485 3872; x_wconf 89' lang='lat' dir='ltr'><strong>in</strong></span> <span class='ocrx_word' id='word_1_235' title='bbox 1519 3817 1619 3874; x_wconf 87' lang='lat' dir='ltr'><strong>casu</strong></span> <span class='ocrx_word' id='word_1_236' title='bbox 1643 3782 1855 3872; x_wconf 90' lang='lat' dir='ltr'><strong>simoniae</strong></span> <span class='ocrx_word' id='word_1_237' title='bbox 1877 3784 1986 3872; x_wconf 90' lang='lat' dir='ltr'><strong>iuris</strong></span> 
     </span>
     <span class='ocr_line' id='line_1_65' title="bbox 1276 3901 1992 4029; baseline -0.01 -31"><span class='ocrx_word' id='word_1_238' title='bbox 1276 3908 1413 3998; x_wconf 91' lang='lat' dir='ltr'><strong>divini</strong></span> <span class='ocrx_word' id='word_1_239' title='bbox 1449 3939 1551 4025; x_wconf 79' lang='lat' dir='ltr'><strong>pap.</strong></span> <span class='ocrx_word' id='word_1_240' title='bbox 1589 3907 1670 3994; x_wconf 74' lang='lat' dir='ltr'><strong>att</strong></span> <span class='ocrx_word' id='word_1_241' title='bbox 1713 3905 1759 4029; x_wconf 98' lang='grc'><strong>3.</strong></span> <span class='ocrx_word' id='word_1_242' title='bbox 1784 3901 1992 4028; x_wconf 79' lang='lat' dir='ltr'><strong>Affirma-</strong></span> 
     </span>
     <span class='ocr_line' id='line_1_66' title="bbox 1277 4033 1380 4120; baseline 0 0"><span class='ocrx_word' id='word_1_243' title='bbox 1277 4033 1380 4120; x_wconf 86' lang='lat' dir='ltr'><strong>tiva.</strong></span> 
     </span>
    </p>

    <p class='ocr_par' dir='ltr' id='par_1_21' title="bbox 1275 4143 1994 4514">
     <span class='ocr_line' id='line_1_67' title="bbox 1348 4143 1994 4240; baseline -0.006 0"><span class='ocrx_word' id='word_1_244' title='bbox 1348 4143 1470 4240; x_wconf 75' lang='lat' dir='ltr'><strong>‘Atii</strong></span> <span class='ocrx_word' id='word_1_245' title='bbox 1525 4150 1787 4240; x_wconf 89' lang='lat' dir='ltr'><strong>contrariam</strong></span> <span class='ocrx_word' id='word_1_246' title='bbox 1839 4166 1994 4238; x_wconf 89' lang='lat' dir='ltr'><strong>tenent</strong></span> 
     </span>
     <span class='ocr_line' id='line_1_68' title="bbox 1276 4271 1988 4395; baseline -0.01 -29"><span class='ocrx_word' id='word_1_247' title='bbox 1276 4273 1533 4366; x_wconf 85' lang='lat' dir='ltr'><strong>sententiam</strong></span> <span class='ocrx_word' id='word_1_248' title='bbox 1562 4304 1667 4392; x_wconf 79' lang='lat' dir='ltr'><strong>pop.</strong></span> <span class='ocrx_word' id='word_1_249' title='bbox 1704 4271 1988 4395; x_wconf 64' lang='grc'>5113111-</span> 
     </span>
     <span class='ocr_line' id='line_1_69' title="bbox 1275 4429 1444 4514; baseline -0.024 -28"><span class='ocrx_word' id='word_1_250' title='bbox 1275 4429 1444 4514; x_wconf 77' lang='lat' dir='ltr'><strong>auoque.</strong></span> 
     </span>
    </p>
   </div>
   <div class='ocr_carea' id='block_1_10' title="bbox 1478 4639 1789 4733">
    <p class='ocr_par' dir='ltr' id='par_1_22' title="bbox 1478 4639 1789 4733">
     <span class='ocr_line' id='line_1_70' title="bbox 1478 4639 1789 4733; baseline -0.01 -2"><span class='ocrx_word' id='word_1_251' title='bbox 1478 4639 1789 4733; x_wconf 69' lang='lat' dir='ltr'><strong>SPONSALIA</strong></span> 
     </span>
    </p>
   </div>
   <div class='ocr_carea' id='block_1_11' title="bbox 1274 4884 1996 5371">
    <p class='ocr_par' dir='ltr' id='par_1_23' title="bbox 1274 4884 1996 5371">
     <span class='ocr_line' id='line_1_71' title="bbox 1371 4884 1993 5003; baseline -0.003 -30"><span class='ocrx_word' id='word_1_252' title='bbox 1371 4887 1439 4974; x_wconf 91' lang='lat' dir='ltr'><strong>De</strong></span> <span class='ocrx_word' id='word_1_253' title='bbox 1462 4885 1702 4975; x_wconf 89' lang='lat' dir='ltr'><strong>substantia</strong></span> <span class='ocrx_word' id='word_1_254' title='bbox 1719 4884 1993 5003; x_wconf 89' lang='lat' dir='ltr'><strong>sponsalium</strong></span> 
     </span>
     <span class='ocr_line' id='line_1_72' title="bbox 1277 5005 1996 5114; baseline -0.01 -13"><span class='ocrx_word' id='word_1_255' title='bbox 1277 5025 1359 5114; x_wconf 86' lang='lat' dir='ltr'><strong>est,</strong></span> <span class='ocrx_word' id='word_1_256' title='bbox 1397 5009 1718 5099; x_wconf 85' lang='grc'>1111111111111111</span> <span class='ocrx_word' id='word_1_257' title='bbox 1741 5024 1889 5096; x_wconf 89' lang='lat' dir='ltr'><strong>aetum</strong></span> <span class='ocrx_word' id='word_1_258' title='bbox 1913 5005 1996 5096; x_wconf 93' lang='lat' dir='ltr'><strong>de-</strong></span> 
     </span>
     <span class='ocr_line' id='line_1_73' title="bbox 1274 5128 1996 5249; baseline -0.004 -31"><span class='ocrx_word' id='word_1_259' title='bbox 1274 5133 1508 5220; x_wconf 87' lang='lat' dir='ltr'><strong>liberatum</strong></span> <span class='ocrx_word' id='word_1_260' title='bbox 1535 5147 1712 5220; x_wconf 89' lang='lat' dir='ltr'><strong>mutuae</strong></span> <span class='ocrx_word' id='word_1_261' title='bbox 1736 5128 1996 5249; x_wconf 88' lang='lat' dir='ltr'><strong>promissio·</strong></span> 
     </span>
     <span class='ocr_line' id='line_1_74' title="bbox 1275 5252 1991 5371; baseline -0.004 -29"><span class='ocrx_word' id='word_1_262' title='bbox 1275 5255 1340 5344; x_wconf 89' lang='lat' dir='ltr'><strong>nis</strong></span> <span class='ocrx_word' id='word_1_263' title='bbox 1394 5253 1525 5341; x_wconf 88' lang='lat' dir='ltr'><strong>laturi</strong></span> <span class='ocrx_word' id='word_1_264' title='bbox 1582 5252 1848 5343; x_wconf 89' lang='lat' dir='ltr'><strong>matrimonii</strong></span> <span class='ocrx_word' id='word_1_265' title='bbox 1905 5282 1991 5371; x_wconf 91' lang='lat' dir='ltr'><strong>per</strong></span> 
     </span>
    </p>
   </div>
   <div class='ocr_carea' id='block_1_12' title="bbox 0 0 2180 6324">
    <p class='ocr_par' dir='ltr' id='par_1_24' title="bbox 0 0 2180 6324">
     <span class='ocr_line' id='line_1_75' title="bbox 0 0 2180 6324; baseline 0 0"><span class='ocrx_word' id='word_1_266' title='bbox 0 0 2180 6324; x_wconf 95' lang='lat' dir='ltr'><strong> </strong></span> 
     </span>
    </p>
   </div>
  </div>
 </body>
</html>
