4350 6326
492 367 583 454 578
1081 363 1386 451 lNDEX

494 521 652 637 cuique
706 517 936 607 Paroeciae
987 517 1206 636 assignan·
1265 515 1398 606 luerit
1432 519 1647 638 assignata
1677 553 1779 637 pap.
1816 518 1975 641 5328.

494 642 602 732 dnm
652 655 917 758 perpetuum
972 642 1205 728 Rectorem
1266 639 1474 728 lamocro.
1737 751 1740 756 Ι

486 795 593 882 pap.
630 763 722 851 204
757 760 801 883 8.
840 762 944 861 lma,
977 793 1082 878 pap.
1112 763 1204 850 243
1348 763 1740 884 1Ρθιιείοιιθεῳιειο
1774 767 1980 886 agaber-

494 887 539 1008 8.
596 886 905 983 Verumtamen,
954 914 1060 1002 pap.
1114 886 1206 974 362
1269 883 1342 973 nio
1374 886 1540 975 Gallico
1573 886 1753 976 Clericis
1802 889 1980 978 solvun-

494 1011 540 1134 8.
576 1007 646 1096 Eu
677 1025 715 1096 et
747 1001 828 1125 sep'.
1268 1023 1340 1096 tur
1359 1025 1582 1125 tamquam
1607 1039 1737 1099 verae
1761 1009 1979 1128 praeben·

585 1131 819 1220 Paroeciae
867 1128 1063 1246 regimen
1112 1160 1205 1220 sae·
1266 1127 1351 1217 dae
1383 1145 1426 1218 et
1448 1129 1736 1221 ecclesiastica
1759 1133 1979 1222 Benelicia

493 1253 718 1343 caloribus
762 1249 1036 1370 Presbyteris
1089 1283 1207 1340 com·
1267 1251 1420 1340 baberi
1456 1251 1622 1342 debent
1650 1287 1755 1372 pap.
1802 1257 1886 1345 534
1929 1256 1973 1379 8.

493 1377 609 1464 mitti
644 1377 794 1479 debet,
832 1391 876 1463 et
917 1373 1088 1464 nonnisi
1139 1407 1208 1463 ur·
1268 1373 1339 1472 Et,
1377 1392 1530 1492 etseq.

492 1515 622 1616 gente
657 1495 910 1587 necessitate
947 1511 990 1584 et
1028 1499 1208 1614 praevia
1358 1497 1471 1609 Quia
1518 1499 1722 1588 suffectae
1775 1518 1876 1589 sont
1927 1503 1971 1588 ia

493 1619 721 1710 Pontificio
756 1617 1099 1734 dispensatione,
1126 1623 1209 1710 ne·
1268 1618 1413 1708 locum
1449 1621 1767 1712 Beneficiorum
1804 1622 1915 1710 ibid.

494 1743 721 1860 galeribus
744 1759 808 1830 est
830 1741 1206 1832 committendum
2138 1837 2142 1848 ,

491 1895 593 1982 pap.
633 1865 683 1951 6l
726 1863 771 1987 8.
807 1863 898 1951 Aa.
1267 1863 1979 1959 Ponatnnnntnntusnntou

586 1989 643 2074 tu
675 1986 905 2076 Pontificia
938 1986 1207 2104 dispensatio

493 2109 1018 2228 concedaturrequiritur
1035 2111 1209 2230 Episeo·
1360 2111 1422 2196 Ex
1455 2109 1740 2227 dispositione
1764 2113 1980 2204 Constitu·

493 2232 538 2348 pi
571 2230 843 2349 suffragium,
881 2249 924 2320 ct
956 2233 1079 2350 quod
1130 2233 1209 2322 dc·
1269 2231 1398 2319 tionis
1430 2231 1586 2320 Pastor
1618 2234 1744 2322 bonus
1797 2234 1980 2324 faculta-

492 2353 578 2442 sint
631 2355 883 2473 Presbyteri
939 2357 1203 2464 saeculares,
1268 2369 1357 2442 tem
1392 2353 1883 2474 habetdispensandia
1915 2388 1982 2446 se·

492 2479 564 2565 vel
603 2477 754 2565 saltem
803 2477 921 2596 quod
973 2480 1206 2568 saecularis
1266 2475 1413 2564 cundo
1466 2481 1857 2598 consanguinitatis
1912 2480 1980 2567 vel

493 2599 650 2688 Cieros
713 2599 946 2690 Beneficiis
1010 2601 1207 2692 abundet
1268 2595 1482 2687 affinitatis
1513 2601 1671 2716 gradu,
1698 2604 1731 2691 si
1757 2619 1855 2721 post
1889 2633 1982 2691 ma-

493 2719 601 2810 ibid.
1268 2719 1527 2812 trimodiam
1562 2725 1646 2811 rite
1680 2757 1728 2813 ac
1750 2728 1870 2814 bona
1892 2725 1979 2812 fide

1267 2859 1555 2949 contractum,
1592 2847 1745 2936 saltem
1780 2881 1859 2966 per
1898 2847 1975 2936 de·

586 2967 700 3058 Vide
736 2967 979 3056 Ecclesias
1267 2965 1473 3054 sennium
1507 2967 1588 3056 luit
1621 2971 1840 3060 occultum
1869 3000 1976 3086 pap.

1269 3087 1359 3175 474
1393 3088 1441 3212 8.
1476 3089 1617 3180 Nemo.
1740 3179 1753 3193 ,

703 3213 1007 3306 PATRONUS
1346 3321 1354 3328 -
1409 3277 1842 3367 nannononnrm

589 3455 660 3544 Ad
694 3457 927 3548 Ecclesiam
956 3439 1207 3552 instauran·
1366 3461 1413 3547 ln
1437 3459 1620 3548 materia
1645 3461 1987 3577 praecedentiae

496 3579 600 3669 dam
635 3579 730 3697 ipso
765 3581 859 3669 iurc
902 3581 1204 3703 adstringitur,
1271 3581 1461 3698 dignitas
1493 3583 1762 3671 attendenda
1794 3601 1981 3697 estpap.

495 3704 565 3792 vel
598 3703 632 3790 si
668 3721 850 3808 recuset,
895 3704 951 3792 ad
1001 3724 1209 3825 patrona·
1272 3703 1365 3792 429
1399 3701 1444 3823 8.
1482 3703 1620 3792 Hisce.

494 3840 590 3912 tnm
624 3827 920 3916 abdicandum
968 3861 1070 3946 pap.
1118 3831 1207 3918 392
1365 3827 1474 3914 llinc
1507 3826 1626 3941 prior
1660 3827 1915 3915 nominatus
1965 3860 1990 3916 a

496 3943 542 4066 8.
585 3947 701 4034 tana
1273 3947 1456 4037 Summo
1500 3947 1713 4037 Pontifice
1759 3949 1992 4065 praecedit

1271 4068 1526 4185 subscriptis
1559 4071 1604 4157 in
1636 4071 1794 4162 iisdem
1824 4073 1991 4162 litteris

755 4191 954 4281 PENSlO
1270 4221 1372 4309 pop.
1408 4193 1500 4286 224
1532 4193 1579 4316 8.
1621 4193 1787 4305 Quoad.

1365 4317 1415 4402 Et
1449 4315 1591 4433 prima
1641 4319 1843 4435 Dignitas
1885 4319 1996 4406 ubi·

589 4435 658 4521 lus
708 4437 929 4553 pensionis
973 4437 1206 4557 imponen·
1270 4467 1358 4554 que
1391 4439 1613 4554 praecedit
1648 4439 1742 4526 aliis
1785 4439 1995 4530 ciusdem

496 4553 580 4643 dae
612 4586 748 4674 super
780 4560 1102 4678 parochialibus
1124 4563 1207 4648 Be·
1270 4559 1486 4649 Ecclesiae
1527 4561 1825 4678 Dignitatibus
1873 4595 1986 4680 pap.

495 4675 661 4766 neficiis
695 4697 941 4771 reservatur
987 4683 1209 4804 Apostoli·
1271 4683 1363 4771 224
1396 4682 1442 4806 8.
1483 4682 1648 4792 Quoad,
1687 4701 1725 4771 ct
1749 4714 1854 4802 pap.
1898 4687 1998 4775 429

496 4830 571 4888 cae
605 4801 706 4892 Sedi
735 4832 840 4922 pap.
877 4806 968 4894 t50
1002 4805 1046 4928 8.
1073 4809 1203 4920 Quae
1271 4804 1317 4928 8.
1354 4805 1494 4894 Hisce.

588 4927 636 5012 ln
672 4929 857 5017 materia
880 4928 1031 5019 odiosa
1055 4930 1206 5048 pensio
1363 4929 1539 5017 Nedum
1556 4926 1601 5014 in
1621 4927 1788 5015 actibus
1810 4931 1893 5045 qui
1919 4963 1997 5050 ge·

496 5077 583 5132 non
619 5048 739 5136 venit
773 5050 953 5142 nomine
992 5051 1205 5142 Beneficii
1270 5067 1430 5140 rantur
1462 5051 1507 5139 in
1531 5049 1735 5152 Ecclesia,
1757 5051 2000 5141 sedetiam

490 5199 594 5286 pap.
634 5171 725 5260 529
758 5171 805 5296 8.
838 5175 912 5264 Et..
1269 5191 1394 5264 extra
1428 5175 1569 5292 ipsam
1603 5170 1837 5261 Ecclesiam
1878 5207 1994 5295 pap.

589 5293 746 5384 Limite
794 5297 875 5387 nisi
925 5297 967 5386 in
1025 5298 1204 5388 titulum
1267 5298 1360 5388 224
1394 5296 1439 5418 8.
1482 5294 1646 5407 Quoad.
2148 5315 2149 5322 '
