4530 6336
550 322 641 410 328
1046 313 1129 398 Die
1160 308 1361 398 attalam
1394 307 1532 399 1879.

548 459 610 532 tet
642 436 976 533 matrimonium
1015 451 1135 522 metu
1168 434 1327 522 initum
1346 433 1380 519 si
1393 429 1616 548 quaedam
1640 425 1921 522 verificantur
1943 459 2046 520 con·
2128 533 2136 550 ὓ

546 563 736 656 ditiones
769 595 794 648 a
830 561 922 648 iure
958 555 1194 674 requisitae
1245 570 1427 674 propter
1477 551 1605 642 liberi
1654 581 1888 650 consensus
1920 551 2041 644 dele.

549 705 667 778 ctum
706 684 794 774 suis
823 681 1006 769 minime
1040 679 1278 776 consistere
1313 677 1482 766 viribus
1523 705 1577 764 ex
1616 673 1900 790 dispositione
1932 677 2041 794 Cup.

547 805 739 932 Sufficiat
759 808 817 894 27
843 818 1000 922 quaeat.
1038 805 1067 890 2
1102 803 1209 917 Cap.
1237 802 1340 888 Caro
1357 799 1473 916 opud
1496 797 1545 886 cle
1567 795 1782 914 Spouaol„
1814 798 1941 888 Trid.
1965 802 2042 916 Sy-

552 932 654 1024 aod.
690 959 788 1016 sess.
825 929 887 1015 24
919 955 1012 1040 cup.
1051 927 1068 1008 1
1113 923 1163 1010 dc
1211 923 1388 1044 reform.
1442 938 1567 1014 matr.
1605 921 1854 1039 Requisitae
1894 937 2045 1010 autem

550 1051 824 1146 conditiones
858 1048 914 1138 ad
947 1050 1029 1138 hoc
1062 1061 1111 1134 ut
1146 1047 1412 1134 matrimonii
1447 1046 1621 1132 nullitas
1654 1075 1707 1132 ex
1735 1044 1875 1160 capite
1897 1061 2042 1134 metus

408 1251 415 1260 .
552 1175 813 1296 proclamari
840 1171 996 1272 valeat,
1023 1184 1141 1258 sunt:
1169 1169 1214 1254 l⁰
1237 1185 1285 1256 ut
1309 1169 1474 1258 malum
1494 1167 1617 1288 quod
1634 1167 1813 1256 timetur
1831 1168 1885 1256 sit
1904 1199 2038 1284 grave

550 1301 595 1390 in
618 1329 664 1390 se
686 1313 730 1384 et
755 1325 840 1383 non
865 1294 1070 1384 salumin
1094 1323 1208 1380 vana
1231 1290 1538 1380 aestimatione
1566 1291 1815 1393 metuentis;
1845 1290 1894 1378 20
1918 1291 2041 1409 quod

553 1452 654 1512 cum
690 1417 938 1506 rationabili
973 1415 1260 1506 fundamento
1297 1413 1518 1517 timeatur;
1558 1413 1604 1503 3⁰
1638 1413 1757 1530 quod
1790 1429 1959 1503 metum
1980 1415 2046 1502 in·

554 1545 723 1634 cutiens
760 1555 912 1653 potens
944 1541 1000 1626 sit
1022 1538 1165 1627 urinas
1188 1536 1476 1655 exequutioni
1524 1537 1738 1626 mandare
1781 1567 1832 1624 ac
1867 1538 2045 1626 tandem

556 1665 604 1756 4⁰
619 1665 738 1786 quod
755 1665 925 1782 patiens
941 1661 998 1749 ad
1017 1661 1194 1750 easdem
1213 1660 1464 1748 eradendas
1484 1659 1691 1775 impersit
1712 1659 1765 1748 ad
1790 1659 1949 1748 tradita
1965 1691 2044 1777 per

554 1788 752 1878 Ferraria
771 1784 1101 1872 Bibliotheca.
1118 1785 1177 1875 V.
1201 1782 1496 1898 impedimento
1514 1783 1703 1872 Macrim.
1718 1799 1804 1870 ort.
1820 1783 1838 1868 1
1869 1815 1913 1870 n.
1933 1785 2041 1872 t00.

553 1915 758 2002 lamvero
792 1910 866 1996 has
900 1937 1052 1994 omnes
1085 1907 1359 1996 conditiones
1393 1905 1658 1996 adamussim
1684 1907 1726 1994 in
1751 1905 1944 1994 themate
1967 1935 2041 1992 ve-

556 2032 718 2122 rificari
744 2047 888 2146 urget.
915 2030 1143 2145 Proposito
1172 2028 1390 2146 siquidem
1427 2029 1708 2118 matrimonio
1742 2029 1903 2118 reiecto
1938 2059 2048 2146 age·

555 2157 688 2244 batur
720 2153 776 2240 de
812 2152 985 2268 pinguis
1019 2151 1299 2242 haereditatis
1332 2151 1595 2253 amissione,
1634 2184 1768 2269 super
1801 2183 1887 2272 qua
1919 2169 2046 2240 antea

556 2275 729 2366 llulasia
761 2277 1044 2364 constituerat
1092 2293 1298 2394 nepotem
1349 2276 1575 2364 instituere
1624 2274 1879 2366 haeredem.
1915 2273 2046 2386 Quod

559 2397 869 2490 exhaeredatio
911 2395 1163 2486 rationabili
1198 2397 1485 2486 laudamento
1525 2399 1875 2512 pertimescenda
1918 2415 2041 2499 erat,

557 2539 709 2640 aperte
730 2519 909 2638 profluit
931 2549 985 2608 ex
1019 2521 1099 2608 hoo
1138 2519 1260 2636 quod
1293 2520 1440 2608 minae
1481 2522 1778 2636 perdurarunt
1818 2521 2045 2638 usquead

559 2643 795 2734 triennium
833 2661 929 2758 post
972 2642 1238 2731 matrimonii
1277 2643 1652 2747 celebrationem,
1690 2663 1734 2734 et
1770 2643 1956 2762 quidem
1989 2645 2046 2731 ab

557 2767 716 2860 eadem
752 2765 916 2854 inllicta
963 2795 1076 2883 quae
1122 2767 1298 2856 easdem
1350 2766 1510 2883 exequi
1543 2785 1698 2883 potens
1748 2783 1857 2856 erat.
1895 2769 2047 2886 Neque

559 2893 674 2980 Baro
689 2889 830 2976 minas
854 2889 1169 3005 ipsasevadere
1183 2889 1317 2977 valuit
1334 2892 1439 2978 dum
1454 2891 1668 2980 inutiliter
1683 2889 1831 2978 omitia
1844 2889 2048 2979 adhibuit

563 3010 806 3100 tentamina
841 3011 894 3100 ad
931 3012 1173 3128 propositas
1208 3011 1382 3128 nuptias
1415 3013 1695 3102 avertendas.

681 3135 781 3245 Qua
815 3135 955 3250 posita
989 3133 1190 3222 nullitate
1224 3134 1436 3223 inutiliter
1475 3138 1743 3250 praesidium
1778 3136 2046 3252 captandum

558 3285 652 3352 esse
684 3259 1049 3375 prosequitur-cx
1081 3257 1364 3376 subsequenti
1383 3259 1764 3349 cohabitationeet
1796 3259 1951 3375 copula
2002 3275 2048 3346 ut

559 3377 829 3470 matrimonii
865 3380 1118 3468 ratihabitio
1152 3396 1195 3468 et
1231 3380 1432 3470 validitas
1464 3383 1595 3470 statui
1621 3398 1780 3498 posset.
1816 3381 2047 3500 Quidquid

547 3505 682 3592 enim
715 3501 796 3590 hae
828 3501 885 3590 de
909 3533 954 3590 re
977 3505 1164 3596 sentiant
1185 3503 1354 3620 antiqui
1389 3533 1593 3608 canones,
1630 3521 1798 3594 certum
1832 3523 1897 3594 est
1920 3503 2050 3594 hodie

561 3627 661 3716 iure
693 3623 943 3713 Tridentini
982 3626 1102 3744 quod
1149 3625 1477 3716 matrimonium
1524 3630 1565 3716 vi
1618 3629 1685 3717 vel
1734 3629 2046 3715 metuinitum

562 3779 652 3842 uon
685 3747 989 3838 convalidatur
1019 3748 1100 3838 nisi
1124 3747 1323 3836 adhibita
1357 3781 1504 3839 rursus
1536 3752 1754 3841 conciliari
1785 3749 1939 3847 lor-ma.
1962 3779 2046 3840 eeu

563 3870 724 3989 passim
749 3871 906 3988 legitur
942 3873 984 3958 in
1012 3871 1213 3960 thesauro
1240 3872 1585 3969 Resolutionum.
1611 3874 1890 3990 firmavitque
1915 3877 1964 3966 S.
1989 3873 2043 3962 Gt

563 3992 818 4113 praesertim
854 3993 898 4079 in
931 3993 1154 4108 Hispalam.
1190 3995 1252 4082 20
1286 3995 1401 4086 lesaii
1420 3993 1540 4084 t609
1557 3997 1877 4110 Constantinop.
1913 3997 2045 4084 2De·

563 4114 737 4206 cambris
772 4116 893 4202 t63t
927 4133 968 4202 et
1002 4118 1063 4207 t6
1096 4116 1331 4206 Decembris
1364 4117 1562 4206 eiusdem
1597 4121 1718 4222 anni,
1753 4119 2045 4210 Ventimila'ea.

566 4239 835 4326 Matrimonii
867 4239 930 4326 20
964 4241 1093 4328 Mart.
1131 4257 1168 4328 et
1201 4241 1262 4328 21
1294 4237 1446 4356 April.
1486 4243 1624 4341 1700,
1644 4244 1859 4331 Pariaiea.
1901 4241 2051 4329 hlutri*

564 4360 698 4448 monii
730 4362 790 4448 25
825 4362 941 4450 lunii
975 4378 1013 4452 et
1060 4366 1119 4452 27
1168 4364 1354 4479 Aequati
1389 4366 1526 4454 1864.
1562 4367 1616 4454 Et
1650 4367 1748 4455 licet
1781 4365 2049 4485 principium

567 4486 648 4573 hoc
682 4481 991 4574 limitationem
1028 4488 1191 4602 patitur
1225 4486 1267 4574 in
1302 4517 1401 4576 casu
1437 4484 1949 4608 occulti'impedimentir
1989 4505 2053 4575 ta·

566 4637 670 4696 men
704 4609 925 4722 praesenti
948 4639 1103 4698 causae
1135 4607 1245 4698 nihil
1279 4608 1448 4700 allicere
1480 4611 1642 4731 colligit
1674 4631 1760 4702 tam
1784 4613 1888 4730 quia
1910 4611 2054 4729 agitur

566 4731 624 4820 de
657 4729 836 4848 publico
870 4733 1224 4848 impedimento,
1272 4763 1407 4850 quam
1441 4735 1544 4852 quia
1587 4735 1934 4825 vehementiores
1967 4733 2054 4821 ad·

564 4869 666 4942 sunt
699 4851 1051 4946 circumstantiae
1084 4887 1197 4975 quae
1216 4857 1574 4948 ratihabitionem
1598 4891 1773 4976 prorsus
1791 4857 2047 4948 excludunt.

689 4975 975 5068 Validitatom
1014 4980 1204 5098 coniugii
1241 5007 1521 5098 propugnans
1555 4982 1717 5074 vinculi
1740 4981 1950 5072 delensor
1972 4979 2051 5068 du·

567 5099 727 5217 plicem
761 5127 936 5190 causam
969 5132 994 5190 a
1026 5101 1334 5192 defensoribus
1367 5104 1483 5194 Petri
1518 5135 1596 5222 pro
1628 5107 1826 5196 dissensu
1850 5103 2050 5194 eiusdem

566 5225 611 5312 in
647 5221 810 5338 nuptiis
844 5224 1053 5340 assignari
1085 5225 1415 5318 animadvertit:
1448 5230 1669 5346 sponsalia
1710 5229 1908 5332 scilicet,
1944 5253 2057 5344 quae

567 5349 724 5433 Petrus
756 5347 908 5434 asserit
940 5347 1090 5436 iniisse
1124 5379 1221 5438 cum
1266 5351 1447 5439 Teresia
1480 5353 1821 5471 Wogelbacher‚
1864 5367 1909 5440 ct
1945 5346 2054 5437 anti·

570 5464 803 5584 tipathiam
846 5499 948 5586 erga
997 5469 1169 5562 Iuliam.
1216 5473 1422 5563 Abstinet
1469 5507 1493 5564 e
1537 5475 1829 5566 conlutatione
1881 5473 2051 5592 primae

564 5621 738 5696 causae,
772 5590 879 5711 quia
910 5621 990 5710 per
1021 5621 1069 5685 se
1102 5611 1166 5684 est
1197 5595 1310 5686 adeo
1344 5597 1501 5706 inanis,
1538 5617 1586 5690 nt
1618 5629 1699 5690 nee
1729 5600 1814 5718 ipsi
1845 5597 2054 5689 delenso-
