4460 6332
675 339 757 424 Die
788 339 848 426 23
881 335 1066 454 Augusti
1099 337 1236 428 t879.
1606 339 1699 430 423

212 481 329 555 ctam
363 477 548 550 matrem
584 460 815 548 Ecclesiam
849 459 1015 577 optime
1049 478 1271 550 tenentem
1306 461 1490 548 salutem
1527 461 1698 552 anima·

211 617 316 676 rum
352 619 431 704 pro
464 614 671 700 suprema
704 584 815 702 lege,
854 584 1187 700 Parechumque
1223 584 1402 701 populo,
1441 613 1527 670 non
1564 617 1700 702 popu·

212 713 306 800 lum
343 707 533 796 l‘aroche
568 705 660 792 dari
696 706 995 821 disciplinares
1028 739 1125 794 suas
1158 707 1455 794 ordinationes
1476 707 1531 794 ad
1560 708 1699 796 varias

217 834 348 924 etiam
387 848 634 946 temporum
672 829 784 915 vices
818 844 1143 944 attemperasse,
1174 845 1219 916 nt
1242 829 1384 945 inquit
1413 827 1623 914 Thotness.
1647 829 1697 916 de

214 989 313 1044 nee.
351 971 389 1040 ct
413 965 492 1038 eet.
531 949 704 1066 discipl.
725 950 892 1067 part.l
933 949 1054 1036 titt
1092 984 1184 1066 cup.
1217 955 1276 1038 48
1309 983 1419 1036 nuria.
1453 953 1526 1051 l7,
1567 951 1698 1040 tit.3

217 1110 312 1192 cup.
341 1077 401 1162 56
423 1107 536 1160 nunt.
574 1073 648 1171 l9,
677 1088 713 1158 et
740 1089 860 1188 part.
892 1072 1019 1160 2t2‘t.
1054 1075 1071 1160 l
1114 1107 1206 1189 cup.
1240 1075 1299 1161 45
1332 1105 1445 1158 narrt.
1476 1077 1531 1161 t3
1564 1073 1695 1162 ortt.

218 1197 434 1297 Undeht,
462 1195 736 1312 quodetiam
772 1228 852 1312 pro
885 1197 1035 1284 maiori
1073 1198 1223 1312 populi
1266 1193 1578 1284 cornmoditate
1613 1196 1700 1283 dis-

218 1317 563 1410 membratienes
597 1319 820 1422 concessit,
858 1351 934 1406 ceu
977 1318 1135 1434 legitur
1177 1319 1220 1406 in
1257 1318 1561 1434 Loqucdenien.
1598 1321 1697 1427 Dis·

187 1441 529 1532 'memhrutienis
571 1439 800 1526 Pureeeiue
831 1443 888 1526 t6
927 1443 1024 1528 Dee.
1049 1440 1169 1528 l876
1205 1441 1249 1560 g.
1288 1441 1446 1527 Addit.

345 1565 471 1650 Hisce
513 1563 555 1649 in
595 1564 686 1649 iure
733 1563 998 1680 praemissis,
1037 1564 1079 1648 iu
1114 1563 1222 1650 lacte
1262 1563 1528 1652 considerari
1564 1560 1698 1650 debet

216 1687 433 1805 praelatus
467 1687 584 1772 vicos
619 1717 704 1772 uno
753 1685 954 1773 milliario
997 1717 1094 1774 eum
1135 1686 1321 1774 dimidio
1355 1721 1377 1772 a
1413 1684 1587 1801 propria
1623 1689 1700 1773 ra-

217 1810 360 1898 roecia
396 1808 573 1910 distare,
614 1807 747 1892 veluti
767 1809 825 1896 S.
852 1811 1014 1924 Congr.
1035 1809 1228 1894 referunt
1247 1812 1466 1910 Oratores
1496 1810 1562 1894 via
1585 1839 1698 1924 quae

217 1933 274 2022 ad
309 1932 448 2046 ipsam
483 1929 599 2018 ducit
635 1929 753 2016 collis
789 1931 953 2018 radices
988 1931 1142 2017 lambit
1181 1933 1237 2026 ita
1274 1949 1334 2034 ut,
1362 1931 1593 2017 eveniente
1632 1932 1699 2016 ni-

216 2056 342 2142 vium
382 2052 682 2154 dissolutione,
711 2070 784 2138 aut
818 2054 956 2141 imbre
990 2054 1177 2153 furente,
1200 2053 1254 2141 sit
1288 2085 1462 2169 prorsus
1497 2051 1696 2140 difficilis.

218 2175 348 2290 Quod
382 2207 452 2263 res
485 2175 543 2262 ita
568 2205 613 2261 se
636 2175 839 2270 habeant,
879 2177 1065 2292 probant
1089 2177 1220 2290 ipsius
1243 2177 1445 2294 gubernii
1470 2177 1694 2288 exemplo,

217 2299 354 2418 qued,
382 2297 499 2384 hisce
526 2297 581 2384 de
603 2299 758 2400 causis,
786 2297 989 2385 distantia
1021 2329 1179 2413 nempe
1213 2301 1406 2387 locorum
1451 2315 1494 2386 et
1525 2299 1698 2384 viarum

218 2419 455 2538 asperitate
489 2449 639 2537 preces
675 2421 912 2507 incolarum
947 2420 1139 2537 benigne
1162 2423 1347 2539 excepit,
1379 2419 1699 2534 mandavitque

218 2541 473 2659 Scarmagni
507 2542 818 2629 Communitati
852 2561 926 2644 ut,
965 2561 1008 2630 et
1044 2545 1244 2659 expensis
1277 2544 1406 2632 totius
1439 2541 1699 2632 Communi·

220 2667 322 2754 tatis
378 2666 419 2750 io
467 2663 805 2751 adolescentium
856 2665 1181 2752 instructionem
1239 2666 1400 2752 Bessoli
1450 2664 1701 2780 aperiretur

217 2788 378 2890 schola,
416 2801 547 2905 atque
581 2817 799 2874 assensum
837 2787 1040 2904 praebuit
1075 2808 1120 2875 ut
1153 2787 1214 2874 ibi
1249 2787 1418 2876 ellicina
1453 2787 1701 2900 aperiretur

217 2911 348 3027 vulgo
383 2909 431 2995 di
462 2909 549 2995 sale
581 2941 601 2993 e
634 2908 813 2996 tabuere.
849 2910 945 3020 Qua
979 2910 1117 3025 posita
1151 2910 1378 2998 distantiae
1402 2910 1590 3009 ratione,
1615 2908 1702 2994 via·

217 3063 406 3149 rumque
439 3031 671 3146 asperitate
707 3031 890 3118 hiberno
926 3033 1184 3147 praesertim
1232 3049 1432 3148 tempore
1474 3031 1698 3118 neminem

217 3157 353 3242 latere
388 3167 530 3269 potest
564 3153 718 3240 iustam
766 3154 1030 3242 necessitatis
1075 3184 1247 3242 causam
1300 3154 1575 3271 peragendae
1610 3153 1696 3240 dis-

216 3273 547 3364 membrationis
572 3275 771 3390 reperiri.
798 3275 1187 3416 Quandoquidem,
1217 3291 1262 3364 ut
1283 3279 1379 3394 quis
1404 3292 1546 3394 posset
1568 3306 1696 3361 suum

216 3397 452 3486 convenire
486 3398 727 3500 Pastorem,
767 3396 881 3484 inter
914 3398 1078 3512 gelidas
1112 3400 1250 3505 nives,
1305 3401 1369 3486 vel
1403 3401 1485 3488 sub
1519 3397 1697 3486 ardenti

216 3521 412 3608 canicula
449 3519 548 3606 solis
582 3465 730 3608 eundd
764 3537 805 3606 et
840 3520 1071 3608 redeundo
1106 3523 1186 3610 tria
1210 3553 1413 3638 passuum
1439 3521 1574 3608 millia
1601 3551 1697 3635 per-

218 3674 393 3731 currere
426 3641 625 3744 deberet,
662 3642 780 3760 quod
823 3641 979 3730 fortem
1016 3643 1236 3731 fastidiret
1270 3645 1432 3747 virum,
1470 3677 1519 3732 ae
1552 3641 1701 3730 dissiei-

217 3766 258 3852 le
292 3765 672 3904 pericelosumque
705 3783 817 3852 esset
850 3767 1013 3906 pueris,
1052 3765 1272 3854 debilibus
1315 3711 1517 3854 loeuiinis
1561 3781 1604 3852 et
1637 3795 1700 3852 se·

216 3888 365 4001 nihuS,
403 3887 476 4006 qui
513 3917 752 4002 numquam
794 3888 976 4002 pastoris
1008 3918 1160 3974 vocem
1203 3888 1425 3976 audirent.
1479 3891 1623 3998 Quare
1657 3904 1699 3973 et

218 4010 310 4129 ipse
346 4007 682 4121 praedefunctus
715 4009 906 4096 Autistes
938 4012 1241 4125 exponebatza
1271 4011 1307 4096 il
1340 4011 1508 4127 liteque
1533 4010 1562 4096 il
1595 4039 1702 4094 van·
1809 4095 1815 4111 ,

222 4171 238 4208 ι
279 4131 421 4246 taggio
454 4131 567 4218 della
609 4131 768 4218 chiesta
813 4131 1009 4220 erenione
1039 4131 1083 4218 di
1132 4133 1389 4222 Parroechia
1435 4133 1548 4220 nella
1592 4133 1698 4218 Bor-

222 4291 238 4328 ι
278 4269 376 4368 gata
422 4253 493 4342 del
528 4254 696 4340 Bessolo
738 4255 935 4343 Comuue
982 4253 1025 4342 di
1065 4257 1331 4371 Scarmagno
1380 4286 1486 4343 sono
1520 4255 1700 4340 incurate-

224 4413 240 4449 «
280 4371 425 4460 stabili
464 4415 503 4460 ι.

343 4499 399 4581 At
432 4497 467 4582 si
509 4527 748 4612 parumper
780 4498 948 4615 placeat
971 4515 1145 4588 nostrae
1168 4500 1321 4588 aetatis
1356 4497 1579 4615 ingenium
1604 4527 1700 4612 spe·

216 4617 534 4736 ctare,quando
557 4619 754 4706 incautae
768 4619 1000 4708 iuventutis
1015 4621 1242 4738 depravati
1261 4639 1359 4710 sunt
1377 4651 1537 4720 mores,
1566 4637 1700 4735 atque
1755 4619 1758 4624 ’

216 4741 424 4857 permulti
442 4739 593 4828 lurunt
608 4741 698 4858 lupi
729 4773 904 4861 gregem
930 4744 1144 4832 devorare
1177 4760 1488 4860 pertentantes,
1507 4743 1550 4829 ni
1574 4743 1701 4830 abso-

216 4862 353 4950 lutam
390 4864 705 4966 neeessitatem,
733 4865 985 4954 evidentem
1033 4867 1264 4955 utilitatem
1305 4865 1514 4956 saltem
1504 4865 1700 4952 invenies

215 4983 543 5102 multiplicandi
579 4989 786 5074 Pastores.
823 4989 955 5100 Quod
989 5006 1135 5075 autem
1159 5003 1202 5076 et
1237 4990 1281 5076 in
1316 4989 1508 5076 themate
1538 4989 1617 5074 hac
1641 4987 1699 5074 de

218 5138 384 5196 renen
419 5108 530 5196 levia
565 5109 861 5198 lamentantur
899 5110 1014 5199 mala
1052 5126 1242 5250 praestat
1274 5143 1327 5200 ex
1359 5115 1593 5202 Oratorum
1618 5109 1698 5198 de-

215 5231 491 5348 prehendere
518 5233 742 5322 verhisrc
787 5235 802 5318 l
836 5232 980 5351 pochi,
1002 5234 1147 5320 che
1115 5265 1149 5320 ει
1190 5265 1347 5322 recano
1377 5267 1400 5322 a
1432 5235 1699 5373 Scarmagne

222 5391 240 5430 ι
279 5383 477 5468 pernen
513 5353 601 5442 lare
635 5385 660 5442 e
691 5353 823 5442 rilare
861 5369 1036 5473 quattro
1076 5355 1192 5442 volte
1232 5357 1271 5442 la
1311 5357 1443 5473 lunga
1477 5387 1502 5453 e
1540 5359 1700 5444 eattiva

221 5509 239 5552 ι
277 5473 442 5580 strada,
470 5475 585 5593 depe
624 5477 664 5564 le
696 5475 886 5566 lunziani
921 5476 991 5565 del
1024 5477 1207 5565 mattino
1239 5477 1444 5567 lermansi
1469 5479 1703 5575 aSearma·
