4460 6332
593 351 685 442 472
1014 343 1096 442 Die
1127 343 1188 434 20
1219 341 1469 460 Septembris
1509 341 1641 432 'l879.

592 516 610 559 ι
646 501 828 562 mere...
866 467 911 556 in
942 467 1057 590 sacto
1089 467 1192 556 sotis
1224 481 1410 582 constare
1451 489 1505 552 ex
1542 464 1647 554 actis
1707 457 2067 580 processualihns,

593 639 610 680 ι
649 596 922 688 Salvatorem
970 587 1129 708 Grippi
1178 603 1222 678 et
1264 585 1548 676 Petronillam
1594 581 1863 703 Gangialosi
1916 581 2073 672 viduam

594 759 612 799 ι
653 713 861 832 Stephani
894 711 1049 829 Grippi
1093 709 1268 800 secando
1301 706 1524 833 affinitatis
1556 705 1704 824 prada
1737 701 1924 824 aequali
1956 704 2073 796 lineae

599 883 616 920 ι
654 834 911 927 collateralis
945 837 1054 921 inter
1085 862 1126 922 sc
1159 833 1348 922 irretitos
1394 864 1490 930 csse,
1528 848 1573 920 et
1605 824 1963 918 matrimonium
1999 826 2076 918 abs·

598 1005 615 1044 ι
655 989 741 1078 que
797 957 1031 1074 apostolica
1076 955 1400 1072 dispensatione
1449 951 1724 1042 contraxisse
1769 1017 1780 1036 .
1826 1015 1837 1034 .
1881 1017 1891 1034 .
1932 1014 1942 1034 .
1982 951 2074 1042 Visis

600 1125 617 1164 ι
659 1080 879 1184 videndis,
916 1097 959 1166 et
992 1076 1275 1166 consideratis
1297 1075 1660 1165 considerandis.
1696 1139 1709 1160 .
1745 1139 1758 1160 .
1788 1070 1992 1173 dicimus,
2016 1072 2074 1162 dc·

599 1247 616 1288 ι
655 1205 890 1303 cernimus,
928 1232 976 1288 ac
1009 1197 1236 1288 definitive
1281 1197 1614 1315 pronunciando
1663 1193 2074 1298 deuterononium

598 1367 615 1406 ι
657 1342 845 1412 constare
878 1321 928 1408 cle
959 1320 1155 1408 nullitate
1186 1321 1450 1406 matrimonii
1483 1319 1578 1406 initi
1612 1317 1686 1405 die
1725 1318 1792 1404 tt
1830 1316 1945 1404 lunii
1982 1317 2074 1406 t86tt

600 1487 617 1524 ι
658 1446 774 1542 inter
806 1443 1076 1536 Salvatorem
1111 1441 1265 1559 Grippi
1315 1457 1360 1528 et
1405 1439 1691 1530 Petronillam
1717 1456 1722 1464 ‘
1748 1436 2000 1556 Gangialosi
2026 1439 2071 1524 xi·

600 1606 616 1648 a
658 1567 793 1655 duam
827 1565 1038 1682 Stephani
1072 1563 1227 1682 Grippi
1261 1563 1310 1650 ob
1345 1563 1547 1650 dirimens
1590 1561 1781 1652 secundi
1817 1558 1980 1676 gradus
2009 1589 2068 1648 ae-

457 1733 481 1760 x
600 1727 617 1766 ι
658 1688 798 1806 qualis
832 1687 974 1776 lineae
1006 1685 1264 1774 collateralis
1311 1683 1532 1809 affinitatis
1582 1681 1966 1800 impedimentum,
1998 1713 2064 1798 quo

603 1851 620 1888 ι
656 1810 848 1898 invicem
881 1822 983 1896 sunt
1015 1807 1173 1894 irretiti
1209 1847 1249 1894 ι.
1760 1891 1765 1898 ,

720 1933 798 2018 16.
834 1933 922 2021 Neo
954 1929 1162 2018 maiorem
1196 1929 1399 2020 adhibuit
1432 1930 1705 2048 diligentiam
1743 1927 1985 2044 Episcopus
2004 1925 2061 2014 Ga·

595 2053 958 2154 latanisiadensis,
997 2050 1051 2140 ad
1085 2080 1218 2168 quem
1252 2067 1475 2170 tamquam
1512 2053 1570 2144 ad
1612 2049 1884 2140 viciniorem
1921 2049 1960 2132 in
1994 2047 2058 2133 vin

595 2175 871 2296 Apostolicae
905 2173 1056 2260 Bullae
1091 2173 1237 2262 Multis
1269 2175 1532 2290 pravissimis
1565 2173 1727 2263 mulier
1769 2167 2058 2288 appellaverat

595 2295 975 2417 quandoquidem,
1014 2325 1100 2382 uuo
1134 2325 1352 2414 perpenso
1384 2296 1583 2384 schemate
1614 2293 1924 2412 pcnealopico‚
1959 2305 2060 2406 atque

598 2418 877 2508 attestatione
909 2417 1113 2532 negativa
1162 2417 1496 2534 dispensationis
1520 2419 1689 2509 aGnria
1726 2413 1893 2511 Montis
1919 2411 2057 2530 Regalis

597 2543 750 2632 emissa
784 2537 1045 2628 sententiam
1081 2537 1358 2629 confirmavit
1392 2543 1449 2628 ah
1496 2539 1653 2630 eadem
1697 2539 1840 2629 Curia
1874 2533 2056 2652 prolatam

601 2704 618 2742 ι
658 2665 722 2750 Ex
748 2691 833 2750 nna
866 2675 993 2780 parte
1026 2660 1259 2750 clarissime
1292 2664 1504 2781 probatur
1526 2695 1576 2750 ea
1596 2661 1803 2750 schemata
1829 2654 2058 2774 penaalopia

601 2824 618 2886 ,ι
659 2782 853 2902 legitime
887 2783 1121 2899 desumpto
1159 2849 1168 2869 .
1210 2850 1220 2870 .
1262 2851 1271 2872 .
1310 2786 1425 2902 ipsos
1456 2785 1699 2904 Gangialosi
1736 2801 1784 2872 et
1807 2777 2054 2896 Grippicon·

600 2947 618 2988 ι
656 2906 826 2996 iunctos
859 2934 954 2992 esse
988 2905 1032 2990 in
1069 2905 1262 2994 secundo
1294 2903 1513 2996 affinitatis
1558 2907 1695 3026 gradu
1731 2902 1910 3022 aequali
1942 2899 2052 2987 lineae

602 3069 618 3108 ι
656 3027 931 3131 collateralia,
969 3040 1013 3114 et
1044 3053 1097 3116 ex
1131 3029 1266 3116 altera
1299 3046 1423 3146 parte
1455 3029 1695 3120 clarissime
1716 3027 1935 3145 probatur
1954 3036 2054 3110 aaut·

602 3190 619 3228 ι
663 3151 879 3239 testatione
910 3149 1106 3265 nepetino
1139 3150 1463 3266 dispensationis
1496 3180 1575 3266 per
1613 3146 1929 3242 Cancellariam
1962 3147 2050 3232 lton·

602 3312 619 3350 ι
662 3271 879 3388 tisregalis
916 3335 924 3358 .
968 3337 978 3358 .
1019 3337 1029 3358 .
1066 3271 1435 3390 impedimentum
1469 3273 1681 3364 dirimens
1730 3263 2049 3362 matrimonium,

602 3433 620 3474 ι
660 3391 781 3512 quod
810 3392 989 3514 exurgit
1020 3422 1074 3480 ex
1109 3394 1308 3510 praedito
1342 3397 1480 3512 gradu
1506 3393 1727 3486 affinitatis
1752 3424 1841 3484 non
1866 3381 2052 3478 luisscdi·

603 3554 620 3593 ι
660 3530 948 3632 sponsatam.
981 3517 1392 3631 ..pronunciamus
1423 3533 1468 3606 et
1499 3517 1737 3606 delinimus
1774 3531 1824 3604 nt
1856 3511 1977 3600 iudex
1995 3502 2050 3591 dr·
2147 3549 2148 3552 κ

472 3711 478 3722 .
602 3675 619 3716 ι
659 3636 830 3753 legatus
864 3636 908 3724 in
943 3635 1061 3724 dicto
1080 3638 1224 3753 ⁴gradu
1248 3639 1569 3756 appellationis,
1596 3671 1651 3730 ex
1672 3638 1984 3757 impedimento
2001 3625 2049 3712 di·

603 3797 619 3835 ι
663 3759 853 3847 rimente
887 3789 976 3846 non
1010 3757 1259 3876 dispensato
1291 3761 1469 3850 secundi
1503 3763 1665 3880 gradus
1708 3763 1831 3880 paris
1868 3743 2049 3843 affinitatis
2146 3763 2148 3836 t

605 3919 621 3954 ι
663 3879 924 3968 collateralis
954 3881 1285 3968 matrimonium
1309 3883 1424 3971 inter
1454 3883 1593 3974 dictos
1624 3881 1875 4002 Gangialosi
1893 3867 2046 3982 etGrip·
2147 3963 2148 3966 a

605 4039 622 4076 ι
662 3999 706 4119 pi
742 4001 910 4088 nullum
944 4001 1076 4090 luisse
1110 4017 1155 4091 et
1187 4001 1499 4094 invalidum».

722 4121 798 4210 17.
826 4122 1023 4228 Nullum,
1050 4153 1127 4212 ceu
1149 4153 1232 4242 per
1254 4155 1299 4213 se
1321 4125 1603 4246 manifestum
1626 4143 1708 4230 est,
1728 4149 1914 4216 examen
1931 4107 2045 4204 coniu·

598 4242 729 4361 gibus
761 4243 994 4352 indictum;
1033 4247 1200 4336 nullum
1225 4245 1519 4341 iuramentum
1543 4251 1600 4340 ab
1622 4249 1779 4340 iisdem
1804 4237 2042 4364 praestitum

598 4361 720 4454 nulla
752 4395 808 4457 ex
850 4367 1064 4486 septimae
1108 4398 1264 4457 manus
1315 4373 1496 4462 testibus
1545 4371 1782 4462 instaurata
1832 4351 2042 4487 inquisitio.
2147 4427 2148 4430 a

600 4485 757 4596 Quid?
791 4487 1010 4578 Poteritne
1052 4489 1112 4578 ita
1156 4489 1353 4606 impune,
1387 4492 1603 4582 iudicialis
1646 4495 1753 4584 ordo
1798 4477 2041 4610 sanctissimis

598 4608 813 4702 Ecclesiae
845 4611 1142 4702 sanctionibus
1173 4613 1385 4719 subtrahi,
1421 4617 1655 4732 quominus
1689 4616 1731 4703 in
1764 4641 1889 4706 causa
1918 4612 2040 4691 mutn-

597 4731 734 4828 monii
757 4731 956 4823 omnium
980 4735 1233 4852 gravissima
1250 4765 1381 4852 super
1398 4764 1542 4826 onaan
1558 4738 1757 4828 omnium
1785 4718 2040 4826 infirmissima

598 4853 858 4968 probatione
870 4855 1058 4972 prolorri
1073 4857 1203 4976 possit
1218 4857 1511 4948 dissolutionis
1526 4859 1756 4950 iudicium?
1772 4859 1816 4952 Si
1833 4847 1929 4974 quid
1945 4830 2039 4931 intel·

597 4972 702 5092 ligo,
732 4976 797 5064 rol
833 4977 955 5065 nullo
971 4981 1157 5100 amplius
1174 4979 1216 5066 in
1230 4979 1395 5070 honore
1412 4981 1762 5076 hahenturSacri
1780 4985 1974 5073 canones,
1993 4979 2039 5096 ,⁸⁶

598 5096 659 5184 ita
692 5099 988 5190 Berredectinu
1005 5099 1281 5204 constitutio,
1303 5133 1419 5220 quse
1439 5096 1894 5223 semitampraestituit
1909 5092 1950 5178 in
1966 5083 2032 5172 bn·
2136 5145 2138 5203 Ν.

596 5245 645 5306 ce
701 5217 905 5327 iudiciis,
930 5235 1061 5340 atquo
1093 5224 1226 5314 otiam
1257 5225 1484 5316 instructio
1517 5229 1564 5320 S.
1599 5227 1779 5318 Ordinis
1802 5219 1925 5315 tatu,
1947 5221 2033 5324 (1⁰³⁰
2074 5244 2078 5252 '
2136 5262 2138 5316 t

535 5429 537 5434 .
597 5339 791 5459 singulus
823 5371 873 5436 ae
904 5343 1110 5460 speciales
1143 5369 1320 5437 normas
1351 5347 1567 5454 delinivit3
1605 5350 1674 5439 vel
1704 5351 1740 5438 si
1773 5324 2031 5438 adhucinho·
2133 5381 2137 5507 ἱ

598 5488 706 5554 nom
738 5477 858 5574 sunt,
893 5463 1104 5558 nullitatis
1135 5497 1314 5562 censura
1346 5469 1583 5592 infligenda
1622 5486 1687 5562 est
1734 5471 1941 5583 utriusque
1967 5446 2030 5536 (ΙΨ
