4446 6330
647 361 732 456 Die
760 369 821 458 25
854 370 1049 459 Ianuarii
1081 371 1220 466 4879.
1616 381 1682 471 23

185 511 277 586 tum
312 489 463 582 linem'
501 494 565 582 lle
583 490 765 612 quidem
798 523 903 583 vera
938 492 993 583 ad
1028 496 1204 586 Curiam
1241 496 1537 617 Albinganen.
1575 517 1677 620 peri

182 615 307 720 rexit,
345 645 395 704 ac
430 630 599 704 tantum
634 646 768 734 penes
801 645 899 706 eam
934 617 1038 734 egit,
1082 637 1130 708 ut
1159 623 1299 739 ipsam
1333 619 1556 729 suaderet,
1585 641 1673 713 non

182 757 354 828 tantum
375 737 915 828 omnesdenunciatioaes
949 739 1221 862 dispensare,
1261 773 1414 832 verum
1447 744 1597 852 etiam,
1625 765 1674 836 ut

180 863 369 980 ipsemet
400 863 676 979 delegaretur
708 863 764 952 ad
787 863 1117 956 matrimonium
1141 867 1386 956 ineundum
1411 869 1525 956 iuter
1541 871 1675 958 Frau-

182 986 362 1089 ciscnm,
400 1001 440 1074 et
477 984 774 1075 Violautiuam
810 985 856 1072 in
886 989 1018 1076 rurali
1057 991 1245 1080 Ecclesia
1276 1007 1400 1078 extra
1438 991 1672 1081 Civitatem

182 1112 238 1196 D.
267 1108 552 1197 Bernardino
584 1107 743 1234 dicata,
786 1108 831 1196 in
858 1136 944 1226 qua
969 1129 1197 1202 morantur
1239 1115 1411 1201 Fratres
1434 1113 1538 1203 llin.
1560 1115 1669 1205 Obs.

180 1232 223 1322 S.
255 1229 491 1336 Francisci3
543 1244 586 1318 et
608 1233 663 1320 lt.
696 1235 747 1320 P.
775 1230 1049 1324 Gaudentius
1072 1223 1129 1324 ab
1151 1235 1308 1325 Alexio
1331 1235 1529 1325 eiusdem
1547 1237 1678 1327 Ordi-

181 1351 262 1458 nis,
302 1352 360 1443 de
395 1355 521 1442 venia
562 1369 789 1472 utsupra,
829 1357 999 1474 nuptias
1032 1359 1278 1451 benedixit.

309 1479 355 1566 2.
392 1476 523 1590 Quod
570 1479 715 1566 evenit
759 1477 832 1567 die
877 1509 1042 1598 nempe
1084 1481 1331 1600 erugusti
1379 1483 1527 1586 l866,
1572 1483 1678 1574 hora

186 1601 343 1690 satim.
380 1601 565 1718 Sponsa,
602 1599 696 1688 eius
737 1603 921 1708 Frater,
960 1603 1216 1694 Franciscus
1247 1605 1388 1708 Pizzo,
1433 1633 1575 1724 nuper
1607 1605 1676 1694 di-

181 1741 296 1814 ctam
331 1723 565 1812 Ecclesiam
598 1723 836 1842 petierunt,
876 1727 1029 1844 ibique
1050 1728 1115 1817 ad'
1130 1727 1324 1817 tramites
1341 1728 1509 1818 Sacrae.
1538 1729 1672 1818 (lonc.

179 1845 432 1936 Tridentini
476 1847 731 1935 Franciscus
762 1865 806 1937 et
839 1849 1089 1940 Violautina
1122 1881 1243 1940 sacro
1276 1879 1368 1938 sese
1411 1849 1678 1967 copularunt

181 1969 380 2058 loedere.
424 1967 651 2087 Religiosis
689 1970 875 2088 expletis
924 1973 1217 2063 caeremoniis
1258 1974 1452 2090 Sponsae
1488 1971 1674 2061 domum

181 2109 457 2183 remearunt.
496 2095 555 2180 At
594 2091 663 2179 hic
710 2093 1152 2186 animadvertendum
1203 2127 1288 2184 non
1338 2123 1491 2183 omnes
1524 2094 1672 2202 simul,

181 2215 256 2304 sed
292 2216 490 2318 divisim,
528 2214 663 2303 lrater
694 2215 856 2307 scilieet
888 2245 1082 2308 sororem
1129 2218 1454 2324 comitabatur,
1492 2245 1676 2335 sponsus

181 2353 352 2444 autem,
391 2369 446 2427 ne
480 2337 639 2425 initum
674 2340 1040 2429 connubiumad
1075 2374 1202 2432 aures
1237 2341 1389 2460 populi
1425 2339 1558 2429 etad
1603 2373 1678 2461 pa·

180 2463 254 2550 tris
293 2463 494 2551 notitiam
529 2461 800 2577 perveniret,
837 2465 952 2552 solus
985 2464 1218 2555 Civitatem
1254 2465 1499 2584 repetebat.
1670 2568 1681 2583 ι

306 2587 352 2674 3.
390 2589 586 2673 Ι)οιιιιιιιι
619 2583 814 2702 Sponsae
848 2604 995 2675 tamen
1029 2589 1111 2677 hoc
1143 2587 1274 2678 modo
1308 2585 1525 2705 perventi,
1551 2585 1675 2675 Nico·

177 2708 585 2798 lausFrauciscum
618 2708 751 2797 suasit
785 2711 841 2800 ad
884 2709 1058 2803 Saleam
1084 2711 1261 2816 reverti,
1283 2739 1332 2798 ac
1349 2707 1579 2798 [lominica
1612 2739 1680 2798 se·

179 2833 334 2954 quenti
371 2831 530 2921 iterum
562 2830 731 2920 ‘rediret
762 2861 891 2920 causa
925 2833 1205 2952 peragendi,
1241 2849 1290 2922 ut
1329 2847 1482 2920 vocant
1508 2845 1672 2919 contre·

177 2972 287 3044 ctam
319 2955 515 3059 civilem,
566 2969 610 3042 ct
659 2955 751 3072 ipse
797 2955 999 3045 Nicolaus
1034 2956 1209 3047 interim
1245 2955 1356 3074 patri
1383 2955 1589 3044 suaderet
1622 2953 1680 3043 ad

133 3097 135 3102 ’
176 3109 307 3168 suum
343 3109 520 3198 quoque
554 3077 867 3195 praestandum
891 3107 1146 3169 assensum.
1187 3084 1355 3170 Morem
1388 3077 1520 3198 gessit
1547 3077 1673 3167 Nico·

177 3201 247 3290 lao
280 3201 492 3320 Sponsus,
530 3231 579 3289 ac
612 3199 727 3289 illice
760 3201 1207 3320 domumpateruam
1234 3199 1463 3290 remeavit.
1486 3199 1570 3288 Die
1592 3217 1677 3288 sta-

178 3339 280 3414 tuto
317 3353 531 3416 reversus,
571 3323 822 3415 Franciscus
854 3325 1079 3414 Nicolaum
1114 3325 1281 3414 invenit
1314 3355 1401 3412 non
1444 3324 1674 3426 eumdem,

177 3447 254 3538 sed
301 3445 358 3535 ad
391 3449 536 3538 varias
569 3447 779 3567 ambages
825 3463 868 3535 et
902 3449 1281 3566 tergiversationes
1325 3441 1672 3565 confugientem,

176 3569 327 3678 modo,
347 3571 536 3660 aientem
569 3599 774 3690 sponsam
814 3589 1076 3692 aegrotasse,
1126 3570 1258 3660 modo
1293 3585 1464 3687 patrem
1498 3569 1675 3659 llectere

179 3691 303 3782 haud
355 3695 573 3802 valuisse,
613 3691 760 3792 ,modo
803 3693 1099 3785 Violautiuam
1147 3723 1193 3784 se
1240 3692 1297 3782 de
1333 3691 1438 3780 inito
1487 3719 1586 3782 cum
1615 3703 1676 3778 'eo

175 3815 402 3906 connubio
440 3817 723 3936 poenituisse3
763 3847 851 3906 uno
887 3819 1025 3908 verbo
1057 3819 1226 3937 Sponsa
1259 3845 1487 3936 nunquam
1521 3843 1674 3904 acon-

177 3952 320 4028 traeto
356 3941 637 4031 matrimonio
670 3939 826 4030 datum
851 3942 932 4032 luit
952 3941 1166 4060 Sponsam
1191 3938 1380 4056 amplius
1403 3937 1569 4044 videre,
1597 3949 1674 4025 aut

178 4060 368 4181 alloqui.
695 4151 703 4165 ,
1048 4157 1052 4165 ,
1265 4070 1270 4078 “

193 4241 196 4244 -
300 4187 347 4274 d.
387 4187 466 4274 Vir
501 4187 679 4279 tandem
713 4187 772 4275 ab
804 4187 922 4276 hisce
955 4187 1074 4277 tricis
1116 4185 1353 4292 lacessitus,
1390 4209 1674 4304 cognosceus·

180 4337 268 4426 que
301 4307 385 4426 ipsi
419 4309 628 4428 deinceps
661 4309 832 4398 nullum
861 4309 1080 4430 affulgere
1125 4309 1218 4428 spei
1252 4307 1426 4398 radium
1462 4304 1534 4395 ad'·
1555 4304 1678 4394 unio·

181 4459 283 4520 nem
320 4461 419 4521 cum
454 4434 704 4523 Violautiua
739 4461 892 4538 uxore,
930 4465 1017 4523 non
1053 4433 1203 4524 valens
1233 4449 1316 4520 'nec
1342 4429 1565 4534 iniuriam,
1592 4455 1676 4515 nee

179 4555 493 4645 verecundiam
529 4559 644 4646 inter
676 4557 839 4646 amicos
861 4571 904 4645 et
927 4574 1052 4647 notos
1073 4555 1305 4656 sustinere,
1332 4551 1559 4642 consilium
1582 4547 1680 4636 iniit

184 4674 241 4765 ad
283 4677 519 4772 Amerieae
559 4679 710 4800 plagas
753 4681 1002 4784 convolare,
1053 4679 1207 4798 ibique
1252 4673 1532 4798 quatrieuuio
1575 4701 1675 4790 per-

186 4800 365 4890 mansit.

311 4925 358 5012 5.-
395 4927 496 5038 Quo
528 4925 675 5047 elapso
710 4939 907 5044 tempore
929 4927 1091 5045 patrios
1115 4922 1289 5044 repetiit
1310 4921 1436 5024 lares,
1464 4915 1700 5032 Albingar

185 5073 371 5136 neusem
405 5049 627 5139 civitatem
660 5049 868 5138 continuo
900 5050 1062 5155 rediit,
1099 5063 1143 5139 et
1175 5079 1256 5168 pro
1288 5043 1479 5162 coniugii
1514 5041 1679 5128 unione

185 5195 276 5255 nou
308 5169 452 5261 deluit
482 5175 693 5292 personas
727 5172 1014 5277 auctoritate,
1051 5189 1095 5261 et
1128 5167 1386 5260 sacerdotali
1430 5165 1678 5254 charactere

181 5287 407 5411 insignitas
441 5297 748 5414 interponere,
798 5297 872 5415 qui
910 5325 1063 5384 omnes
1095 5308 1186 5383 toto
1220 5303 1397 5411 pectore
1419 5315 1554 5407 penes
1577 5283 1679 5375 Vio-

187 5409 420 5524 lantinam,
459 5419 638 5540 eiusque
671 5417 867 5523 lratrem,
906 5418 981 5540 qui
1015 5417 1060 5506 in
1093 5407 1257 5506 lamilia
1290 5425 1551 5534 potensest,
1575 5437 1679 5526 ege·

185 5554 289 5628 runt
321 5561 632 5662 cognoscentes
657 5573 710 5637 se
744 5556 917 5662 tempus
976 5557 1019 5634 et
1052 5571 1162 5662 opus
1195 5537 1355 5628 lrustra
1388 5552 1567 5640 terere,
1616 5531 1680 5619 la·
