4460 6332
581 399 676 489 toa
1048 395 1132 485 Dic
1163 393 1223 484 23
1255 391 1442 512 Anpusti
1472 389 1611 480 1879.

584 524 648 611 23
679 517 904 608 Februarii
937 517 1058 609 1752
1092 519 1137 643 3.
1179 515 1234 605 tn
1266 548 1354 605 cor.
1390 511 1713 632 Elephantutio:
1736 538 1790 600 eo
1824 513 1892 602 vel
1926 515 2090 633 magis

586 641 688 764 quia
721 641 980 734 Guillelmus
1014 639 1276 731 autumabat
1312 679 1329 719 ι
1369 637 1416 727 di
1455 667 1541 725 non
1591 649 1718 753 poter
1752 636 2051 730 domandare
2083 638 2097 728 i
2198 639 2199 702 ῗ

593 809 610 847 ι
648 763 771 853 lrutti
804 795 885 882 per
917 765 1189 866 delicatezza,
1224 760 1385 882 perche
1418 759 1446 848 il
1482 758 1664 849 Casadoi
1697 759 1759 848 mi
1793 759 1946 851 lacera
1982 763 2096 878 ogni

594 929 610 970 ι
650 917 764 976 enno
793 888 955 977 diversi
988 887 1140 1006 regali,
1176 887 1236 978 mi
1275 885 1422 974 lacera
1465 881 1688 1002 applicare
1731 881 1904 972 diverse
1939 885 2097 975 Messe

580 1053 608 1090 u
646 1041 727 1098 cou
762 1009 925 1128 pingue
959 1009 1212 1115 elemosina,
1250 1039 1274 1096 e
1313 1003 1471 1126 perche
1504 1004 1566 1092 mi
1599 1034 1739 1094 aveva
1777 1033 2019 1122 promesso
2044 1008 2093 1098 di

591 1175 607 1213 ι
646 1162 831 1250 pensare
866 1163 889 1219 a
923 1163 994 1220 me
1028 1132 1098 1220 nel
1130 1163 1209 1221 sun
1241 1143 1521 1220 testamento.
1572 1129 1640 1248 lla
1691 1126 1964 1218 vadendomi
2009 1132 2091 1248 poi

587 1297 604 1338 ι
643 1254 815 1356 deluso,
854 1251 1091 1343 domandai
1126 1255 1261 1344 allnra
1305 1252 1478 1342 diverse
1523 1249 1643 1338 volte
1676 1250 1688 1336 i
1724 1247 1849 1339 lrutti
1887 1251 1966 1341 del
2010 1285 2095 1342 co:

587 1419 604 1458 ι
644 1375 873 1466 stituitomi
911 1377 1181 1466 Patrimonio
1216 1407 1363 1479 sacro,
1398 1375 1488 1462 beu
1521 1403 1730 1492 persuaso
1762 1373 1837 1463 del
1869 1375 1964 1464 mio
2006 1377 2084 1465 di·

586 1539 603 1579 ι
643 1498 762 1588 tillo.
806 1537 824 1577 ι

702 1621 871 1712 Statuta
906 1617 1129 1712 validitate
1177 1615 1495 1712 constitutionis
1534 1617 1792 1735 patrimonii
1825 1619 1934 1710 sacri
1973 1622 2087 1712 luce

578 1741 824 1858 meridiana
857 1743 992 1833 claret
1025 1743 1222 1835 eiusdem
1271 1739 1529 1832 resolutioni
1571 1739 1614 1827 in
1651 1740 1725 1828 tali
1771 1771 1919 1832 rerum
1951 1759 2085 1834 statu

577 1868 723 1958 locum
757 1896 849 1956 esse
883 1897 970 1954 nan
1003 1897 1146 1986 posse.
1198 1861 1571 1982 Quandoquidem
1613 1863 1806 1952 conditio
1839 1865 2083 1984 purificata

575 2018 663 2078 non
698 2003 778 2092 est,
807 1987 869 2076 uti
904 1993 994 2106 ipse
1029 2006 1148 2080 notat
1172 1992 1377 2094 Antiates,
1399 1983 1507 2073 dnm
1530 1985 1791 2076 Guillelmus
1812 1985 2077 2112 sufficienter

570 2111 771 2230 provisas
802 2109 886 2200 dici
922 2142 1007 2199 non
1044 2126 1185 2230 potest
1232 2143 1287 2200 ex
1336 2125 1547 2228 perpetua
1581 2108 1792 2226 pensione
1825 2141 1975 2201 arrnuu
2013 2113 2080 2201 24

575 2250 797 2324 scutorum
833 2263 967 2356 quam
1001 2233 1058 2322 ab
1092 2265 1207 2323 anno
1232 2235 1353 2324 1872
1386 2228 1577 2326 obtinuit
1608 2261 1741 2349 super
1772 2233 1981 2324 Paroecia
2020 2238 2069 2326 S.

580 2356 741 2444 Mariae
774 2358 937 2460 Novae,
968 2355 1134 2474 qnando
1160 2353 1202 2445 la
1234 2373 1358 2476 quota
1390 2355 1581 2444 stabilita
1613 2353 1735 2441 dalla
1760 2355 1884 2474 ‚lappe
1916 2359 2076 2446 Dinae-

575 2510 678 2566 sana
708 2510 785 2594 per
816 2479 881 2600 pli
914 2478 1147 2569 Ordinarii
1178 2483 1198 2566 i
1229 2479 1278 2570 di
1310 2513 1366 2569 sc.
1402 2480 1478 2568 36.
1515 2478 1641 2589 Quae
1673 2507 1846 2568 summa
1881 2479 2073 2570 minime

575 2599 692 2690 valet
723 2603 934 2724 compleri
968 2633 1020 2692 ex
1056 2600 1140 2692 alia
1188 2629 1319 2722 quam
1365 2599 1550 2722 percipit
1583 2630 1662 2717 pro
1697 2597 1835 2691 officio
1868 2605 2073 2693 [lectoris

574 2719 697 2844 quod
732 2725 897 2818 Romae
930 2725 1099 2814 obtinet
1145 2726 1190 2813 in
1224 2725 1428 2814 nunciata
1472 2721 1660 2812 Ecclesia
1697 2723 1861 2814 SSitlae
1894 2727 2072 2846 Virgini

571 2845 731 2936 dicata.
768 2850 860 2940 Hoc
893 2848 1015 2938 enim
1048 2847 1245 2937 olficium
1279 2847 1336 2937 ad
1370 2863 1527 2936 nutum
1562 2845 1802 2935 amoribile
1834 2849 1938 2938 satis
1970 2879 2067 2938 non

574 2985 639 3058 est
663 2969 719 3058 ad
742 2969 1046 3062 Ordinationis
1081 2969 1258 3061 titulum
1292 2969 1634 3073 ellormandum,
1661 2967 1782 3087 quod
1803 2969 1849 3058 in
1877 3001 1923 3060 re
1943 2985 2068 3062 certa

573 3109 617 3182 et
649 3092 798 3182 stabili
831 3092 1066 3184 consistere
1088 3093 1239 3198 debet,
1266 3089 1647 3214 quemadmodum
1681 3091 1884 3210 pluribus
1916 3095 2069 3184 recita·

573 3213 629 3303 tis
661 3213 707 3304 S.
734 3217 789 3303 Η.
811 3217 866 3306 0.
893 3215 1232 3308 resolutionibus
1264 3217 1511 3309 ostenditur
1544 3211 1588 3300 in
1622 3245 1752 3304 causa
1782 3216 1847 3304 De
1878 3217 2067 3335 Gbiapas

577 3335 707 3424 Circa
732 3337 877 3430 litulos
898 3341 1050 3430 Sarrae
1072 3341 1370 3430 ordinationis
1391 3337 1481 3431 diei
1502 3337 1552 3427 21
1594 3337 1711 3426 lunii
1744 3369 1889 3459 nuper
1921 3337 2066 3466 effluxi
2198 3413 2199 3430 .

579 3457 608 3584 3
641 3459 877 3580 Concilium
909 3477 1061 3582 etseq.

703 3583 829 3682 llisce
861 3587 994 3708 igitur
1030 3587 1238 3706 utrinque
1270 3584 1585 3676 animadversis
1616 3583 1699 3673 erit
1735 3587 1819 3676 llll.
1856 3587 1951 3678 VV.
1987 3619 2065 3677 sn-
2195 3625 2196 3630 ¹

485 3805 491 3814 ‚
580 3705 772 3917 pieqtiae
804 3727 847 3798 et
885 3707 1147 3828 prudentiae
1183 3709 1419 3800 decernere
1446 3735 1640 3832 quonam
1672 3737 1879 3828 responso
1912 3707 2062 3800 dimit·

582 3843 653 3918 tcu
688 3861 712 3918 a
744 3830 829 3920 sint

1223 3954 1402 4044 DUBIA

585 4317 594 4336 .
703 4197 739 4288 1.
775 4197 849 4285 Aa
881 4217 1031 4290 constet
1053 4199 1104 4292 dc
1124 4201 1322 4291 nullitate
1352 4199 1659 4292 constitutionis
1674 4199 1932 4318 patrimonii
1952 4201 2065 4289 sacri

577 4347 624 4405 sn
654 4349 767 4409 casu

1052 4451 1104 4540 Et
1135 4463 1352 4567 quatenus
1386 4448 1591 4568 negative

703 4689 759 4778 11.
796 4691 866 4778 Aa
898 4691 1079 4782 eiusdem
1110 4691 1360 4782 resolutioni
1393 4692 1590 4784 incussit
1622 4697 1668 4784 in
1700 4728 1812 4786 casu

704 4933 775 5025 Ad
809 4938 843 5025 l.
879 4951 925 5026 et
972 4938 1027 5026 ll.
1076 4937 1414 5058 subrogandum
1464 4969 1557 5030 esse
1610 4941 1868 5061 pensionem
1908 4952 2059 5028 scuta-

581 5071 725 5148 torum
762 5058 1107 5180 vigintiquatuor
1138 5089 1239 5154 cum
1272 5060 1600 5181 dispensatione
1638 5095 1770 5186 super
1812 5057 2059 5184 integritate

583 5195 726 5272 taxae:
762 5181 876 5273 lacto
899 5185 1157 5276 verbosum
1193 5185 1347 5279 ssffio.
