4516 6318
720 358 803 444 Die
837 358 894 446 l3
933 357 1084 458 ttarn‘i
1116 357 1253 446 l879.
1619 363 1712 455 ¹l67

223 483 317 576 sive
352 481 513 569 lactum
549 481 772 570 Benedicti
811 483 930 568 Xlll.
970 482 1045 601 qni
1081 499 1197 569 certe
1219 479 1373 568 cadem
1411 485 1722 596 regestadiur-

224 639 281 694 na
315 623 616 721 nocturnaque
654 637 783 691 runnu
816 605 1017 705 versavit,
1041 622 1082 692 ct
1100 605 1388 692 nihilominus
1405 635 1503 691 cnm
1525 607 1568 692 iu
1586 639 1717 702 causa

223 733 308 818 sub
347 729 673 816 titulossuhium
711 729 975 814 matrimonii
1006 730 1057 816 2l
1101 727 1319 815 lllooemhr.
1361 728 1482 815 l722
1526 762 1714 849 (luncue-

223 871 304 957 ret,
345 885 397 940 an
435 851 763 941 matrimonium
794 853 1112 944 clandestinum
1153 852 1524 968 impedimentum
1565 859 1713 973 puhli-

220 1008 298 1065 cae
333 977 569 1064 honestatis
605 977 805 1092 gigneret·
841 976 1059 1093 usquead
1099 993 1304 1091 quartum
1338 975 1541 1093 gradum,
1565 980 1712 1096 plures

220 1101 403 1219 quidem
447 1132 525 1218 pro
554 1098 810 1187 allinuratiua
837 1099 1050 1188 sementia
1079 1099 1285 1216 allegavit
1314 1101 1529 1204 doctores,
1557 1105 1714 1196 sedne

222 1255 355 1312 uuam
393 1224 575 1343 quidem
616 1229 660 1316 S.
699 1227 748 1312 C.
786 1225 1097 1312 resolutionem
1132 1222 1400 1339 indigitavit.
1445 1227 1492 1310 ln
1530 1229 1611 1314 h'oc
1649 1243 1712 1318 ta·

223 1380 322 1435 men
359 1348 473 1436 haud
506 1348 682 1440 videtur
715 1348 1074 1436 immorandum:
1114 1348 1314 1465 qtramris
1348 1351 1464 1434 enim
1507 1351 1709 1466 explora·
1775 1419 1778 1428 ·

220 1487 311 1558 tum
351 1472 460 1559 loret
494 1504 546 1559 cx
581 1469 863 1559 matrimonio
895 1472 1164 1559 clandestino
1195 1471 1298 1557 oriri
1332 1487 1543 1560 assertum
1577 1477 1714 1593 impe·

219 1596 486 1698 diruentum,
524 1597 779 1714 gravissima
814 1595 956 1683 adhuc
989 1595 1153 1710 duplex
1200 1607 1445 1710 superesset
1481 1602 1706 1713 quaesti03

219 1751 274 1806 ern
309 1720 472 1807 scilicet
503 1717 834 1806 matrimonium
872 1719 998 1805 civile
1033 1717 1087 1804 sit
1112 1748 1264 1806 revera
1297 1720 1628 1809 matrimonium
1667 1725 1709 1812 iu

215 1873 343 1932 sensu
365 1843 581 1931 Ecclesiae
613 1842 953 1946 clandestinum;
987 1861 1029 1930 et
1056 1874 1109 1929 an
1144 1874 1196 1930 cx
1232 1847 1457 1958 supposito
1499 1843 1579 1934 hoc
1621 1878 1712 1937 ma-

217 1967 425 2056 trimonio
457 1965 725 2056 clandestino
770 1966 994 2054 occasione
1032 1966 1169 2054 civilis
1200 1965 1501 2054 caeremoniae
1537 1988 1711 2060 contra-

215 2105 284 2178 cto
319 2089 423 2177 oriri
452 2109 585 2208 quent
616 2089 1004 2208 impedimentum,
1052 2091 1108 2180 de
1141 2121 1229 2208 quo
1261 2089 1528 2208 disputatur.

341 2217 438 2326 Qua
472 2246 603 2330 snper
634 2213 801 2329 duplici
833 2215 1086 2332 quaestione
1130 2214 1237 2302 harre
1256 2213 1505 2304 adnotanda
1532 2219 1698 2308 censui.

215 2339 541 2427 Matrimonium
576 2338 703 2427 civile
729 2369 784 2425 ex
817 2345 942 2454 parte
976 2336 1340 2442 christifidelium,
1361 2340 1436 2456 qui
1472 2343 1617 2457 legum
1638 2373 1711 2429 nte·

215 2462 403 2549 cessitati
446 2492 613 2548 rnorem
646 2477 818 2579 gerunt,
857 2493 911 2547 ne
947 2461 1276 2550 matrimonium
1321 2461 1607 2554 christianum
1644 2465 1705 2554 el·

213 2583 403 2672 lectibus
441 2585 644 2674 civilibus
677 2601 835 2690 carcat,
873 2602 937 2671 est
967 2585 1149 2673 licitum.
1195 2589 1256 2674 lta
1289 2583 1521 2673 delinitum
1561 2587 1642 2675 luit
1679 2623 1702 2679 a

212 2711 258 2801 S.
293 2712 342 2799 C.
379 2710 523 2796 Sancti
559 2707 698 2797 Ollicii
726 2710 799 2798 die
831 2709 892 2796 29
929 2711 1167 2797 Novcmhr.
1221 2710 1359 2797 tom.
1398 2749 1416 2787 ι
1461 2711 1700 2817 Catholici,

218 2833 339 2950 «qui
379 2832 660 2920 matrimonio
701 2833 833 2920 iuncti
881 2851 979 2919 suut
1018 2863 1164 2921 coram
1206 2835 1394 2950 parocho
1433 2853 1476 2920 et
1522 2837 1704 2926 testibus

219 2999 234 3034 ι
265 2955 504 3059 catholicis,
547 2955 587 3044 in
626 2957 828 3075 pluribus
855 2955 958 3042 locis
993 2955 1072 3072 (ita
1100 2958 1285 3046 invaluit
1315 2958 1614 3079 consuetudo)
1634 2991 1701 3048 so-

217 3081 355 3168 «lent
390 3112 534 3169 coram
571 3081 770 3168 ministro
816 3079 1066 3183 haeretico,
1113 3111 1188 3169 scu
1237 3097 1503 3198 protestante
1559 3114 1707 3172 rursus

218 3205 468 3322 «coniungi
492 3204 548 3293 ad
576 3204 783 3293 evitanda
817 3204 968 3322 gravia
1000 3205 1187 3310 damna3
1229 3234 1373 3323 neque
1412 3223 1554 3323 potest
1593 3237 1704 3294 con-

214 3327 447 3417 «sueudo
476 3328 583 3416 haec
617 3362 640 3417 a
673 3329 789 3414 clero
822 3327 997 3444 corrigi.
1036 3332 1217 3416 Peccant
1252 3329 1336 3415 ne?
1379 3347 1423 3415 et
1469 3361 1557 3448 quo
1602 3361 1701 3447 pec-

218 3491 233 3526 «
265 3465 358 3538 cato
387 3451 584 3538 catholici
602 3453 672 3540 'sic
702 3452 847 3539 denno
886 3452 1104 3541 coniuncti
1139 3483 1282 3539 coram
1319 3451 1517 3540 ministro
1547 3455 1699 3542 haere·

215 3613 232 3652 ι
264 3573 375 3662 tice?
401 3577 452 3661 Et
478 3575 707 3694 quomodo
735 3607 780 3662 se
811 3605 965 3692 gerere
1000 3576 1162 3664 debeat
1189 3606 1289 3694 erga
1324 3575 1418 3663 illos
1436 3575 1699 3666 Ordiuarius

215 3738 231 3774 ι
260 3697 374 3786 loci?
405 3703 537 3791 Sacra
562 3702 851 3816 Congregatin
886 3699 1127 3817 respondit:
1162 3701 1388 3812 Quatenus
1412 3700 1612 3787 minister
1636 3733 1700 3789 as·

214 3820 382 3909 «sistat
424 3824 714 3912 matrimoniis
757 3822 1071 3911 catholicorum
1115 3825 1179 3910 uti
1218 3823 1416 3910 minister
1458 3823 1691 3941 politicuS,

214 3985 231 4021 ι
262 3975 347 4032 non
385 3978 565 4063 peccare
594 3947 914 4036 contrahentes.
940 3947 984 4034 Si
1011 3977 1114 4035 vero
1136 3947 1303 4036 assistat
1329 3964 1374 4034 nt
1399 3949 1597 4034 minister
1620 3945 1695 4034 ad-

212 4108 227 4144 ·
257 4067 400 4158 dictus
422 4071 567 4165 sacris.
588 4103 675 4158 nou
694 4070 838 4174 licere,
857 4088 900 4156 et
919 4086 1021 4159 tuuc
1037 4072 1341 4158 contrahentes
1367 4101 1547 4190 peecare
1584 4102 1699 4159 mor·

214 4232 231 4268 ι
263 4191 420 4295 taliter,
444 4213 486 4282 et
505 4225 598 4282 csse
623 4194 879 4282 monendos.
893 4193 1276 4283 »ltemdeclaravit
1294 4195 1556 4283 Benedictus
1575 4197 1695 4282 xlv,

209 4315 255 4400 in
267 4315 567 4406 CortstitJnter
585 4319 822 4432 omn-ipanus
840 4317 930 4406 diei
945 4318 991 4405 2.
1009 4316 1232 4404 Februarii
1252 4317 1372 4404 1744
1383 4349 1495 4437 quate
1509 4335 1572 4406 est
1586 4319 1699 4406 n.89

213 4437 305 4526 eius
326 4441 507 4529 llullarii
542 4441 587 4564 S.
616 4442 692 4528 ll).
725 4483 742 4520 α
772 4440 1206 4530 lllatrimouioantem
1228 4474 1251 4528 a
1270 4440 1476 4530 fidelibus
1495 4442 1578 4529 rite
1602 4472 1702 4529 corr-

216 4602 231 4636 ·
263 4579 428 4665 tractu,
480 4567 645 4653 eisdem
676 4565 858 4652 minime
893 4567 1205 4684 permittimus,
1228 4564 1485 4683 nequidem
1519 4566 1576 4651 ob
1600 4594 1698 4651 cau-

213 4715 348 4774 ·sam
379 4720 564 4777 uxorum
601 4721 625 4777 a
658 4693 898 4777 Tur-carum
933 4689 1059 4806 raptu
1095 4687 1430 4792 servandarum,
1467 4687 1588 4776 idem
1628 4719 1698 4776 co·

213 4841 351 4898 «rana
382 4812 524 4902 Caddi
562 4844 639 4929 per
657 4830 984 4930 procuratorem
1002 4813 1185 4903 'turcico
1225 4813 1307 4899 ritu
1344 4842 1573 4915 renovare,
1610 4811 1694 4898 nisi

212 4969 229 5006 ι
260 4948 406 5022 tamen
438 4936 770 5025 hlahumetanus
801 4937 1058 5054 nuptiarum
1096 4937 1202 5025 ritus
1233 4937 1290 5024 sit
1319 4965 1439 5026 mere
1473 4935 1631 5036 civilis,
1653 4947 1696 5022 et

213 5058 427 5146 «nullam
466 5060 725 5150 hlahumetis
761 5060 1082 5148 invocationem
1123 5079 1196 5148 aut
1230 5059 1350 5150 aliud
1383 5059 1696 5180 quodcumque

215 5182 587 5300 «superstitionis
620 5215 757 5303 genus
790 5183 985 5272 includat
1007 5223 1047 5269 ι.

331 5304 637 5403 Difficultatcm
665 5307 873 5425 equidem
908 5306 1116 5396 lacessere
1145 5324 1303 5426 posset,
1341 5308 1460 5428 quod
1499 5307 1543 5394 iu
1579 5335 1695 5394 reso·

203 5425 375 5519 lutione
405 5431 451 5518 S.
492 5433 543 5520 C.
585 5433 749 5522 Sancti·
770 5429 907 5522 Ollieii
943 5447 988 5519 et
1021 5431 1061 5517 in
1089 5429 1371 5520 Benedictina
1408 5429 1693 5521 Constitutio-

206 5577 260 5638 ne
291 5569 445 5671 agatur
470 5552 527 5643 dc
556 5553 634 5659 iis,
683 5554 760 5678 qui
791 5570 889 5678 post
924 5555 1253 5644 matrimonium
1294 5557 1379 5646 rite
1422 5557 1696 5646 celebratum
