4446 6330
541 283 601 372 70
998 285 1082 373 Die
1112 285 1173 374 25
1206 285 1401 373 Ianuarii
1435 280 1572 372 1879.

673 409 924 530 Capitulum
959 439 1090 526 porro
1124 410 1204 497 lioc
1234 407 1406 525 abipsa
1432 403 1687 496 lundatione
1711 401 1895 520 propriis
1917 407 2033 495 Con-

549 534 850 626 stitutionibus
884 531 1141 622 destitutum
1178 531 1349 629 mansit,
1365 528 1682 644 servitiumque
1714 525 1887 614 chorale
1911 527 2035 621 iuxta

548 655 900 757 consuetudines
928 687 1041 772 quae
1075 654 1244 746 iamdiu
1265 654 1552 753 inoleverant,
1577 651 1801 765 expletum
1827 648 1923 756 luit,
1941 684 2029 742 non

550 810 707 898 parum
755 811 778 866 a
826 778 1032 867 canonica
1088 794 1130 864 et
1180 779 1365 890 probata
1411 774 1623 864 Ecclesiae
1666 771 1896 888 disciplina
1947 777 2037 864 ab·

548 933 760 1006 normes,
818 931 1017 1020 quaeque
1057 899 1161 988 dein
1206 899 1391 988 insertae
1452 899 1492 984 in
1543 895 1866 1012 Capitularibus
1916 899 2029 988 Cou-

550 1025 854 1112 stitutionihus
877 1024 933 1110 ab
946 1023 1301 1112 Eminentissimo
1319 1021 1660 1138 Archiepiscopo
1685 1019 1941 1139 approbatis
1960 1021 2037 1112 die

551 1147 582 1262 6
615 1145 715 1234 llaii
751 1147 888 1249 4767,
918 1147 959 1233 in
995 1160 1217 1263 posterum
1243 1163 1466 1263 tamquam
1500 1143 1570 1232 lex
1604 1173 1682 1260 pro
1717 1141 1919 1259 Capitulo
1952 1159 2039 1236 sta·

549 1269 847 1374 tuta,habitae
866 1283 998 1387 atque
1014 1286 1209 1357 servatae
1231 1267 1423 1356 luerunt.
1442 1267 1689 1384 Perlegitur
1709 1296 1814 1353 sane
1832 1265 1876 1352 in
1893 1297 1988 1382 cop.
2004 1271 2034 1356 3

550 1423 664 1478 nuru.
700 1391 747 1478 2.
789 1432 806 1470 ι
846 1393 1017 1479 Absens
1049 1421 1124 1478 seu
1159 1391 1360 1478 absentes
1412 1391 1582 1508 integra
1630 1389 1702 1476 die
1736 1389 1874 1476 feriali
1908 1391 2035 1478 mul-

556 1555 572 1592 «
610 1529 781 1602 eteutur
813 1531 908 1602 octo
943 1513 1212 1630 punctaturis
1245 1511 1476 1603 ordinariis
1509 1511 1728 1598 secundum
1761 1512 2034 1599 consuetudi-

554 1675 572 1714 «
615 1667 721 1741 nerra,
760 1666 919 1754 nempe
952 1637 1078 1724 unica
1111 1627 1279 1723 tantum
1316 1650 1572 1751 punctatum
1595 1667 1672 1752 pro
1710 1633 1906 1723 absentia
1945 1638 2034 1726 lla-

555 1798 572 1836 «
614 1759 743 1845 tutini
790 1791 887 1847 eum
917 1759 1161 1862 Laudibus,
1188 1759 1336 1847 'altera
1369 1789 1449 1874 pro
1472 1757 1666 1846 absentia
1685 1756 1872 1859 Primae,
1897 1757 2032 1848 altera

558 1921 573 1956 ι
616 1913 695 1998 pro
728 1882 924 1969 absentia
958 1883 1146 1984 Tertiae,
1185 1881 1318 1970 etsie
1364 1882 1420 1969 de
1463 1879 1778 1999 siugulishoris
1821 1898 1864 1967 et
1903 1881 2029 1971 Missa

555 2041 571 2080 ι
610 2004 893 2092 Conventuali
932 2070 942 2090 .
984 2071 994 2091 .
1037 2071 1046 2090 .
1084 2005 1252 2092 Absens
1296 2019 1443 2092 autem
1477 2036 1502 2092 a
1535 2003 1714 2094 caeteris
1749 2002 1884 2090 Missis
1916 2036 2030 2092 cau-

558 2165 573 2202 ι
615 2127 711 2213 tatis
745 2126 1143 2242 praescriptisssive
1165 2159 1201 2214 a
1235 2127 1425 2214 Robrica
1459 2127 1549 2214 sive
1582 2161 1607 2217 a
1641 2125 1809 2246 Legatis
1841 2142 2033 2246 puncte-

555 2287 571 2324 ι
610 2261 680 2335 tur
713 2279 761 2335 ac
782 2249 816 2336 si
837 2247 1044 2337 abluisset
1068 2248 1127 2336 illi
1152 2252 1292 2337 Horae
1314 2251 1563 2356 canonicae,
1590 2269 1838 2372 postquam
1874 2248 2032 2338 imme-

557 2411 573 2446 ·
614 2369 732 2458 diate
767 2371 948 2460 eaedem
984 2374 1134 2460 Missae
1167 2389 1295 2461 erunt
1326 2374 1612 2463 canendae.»
1654 2377 1836 2491 lusuper
1870 2373 1912 2458 iu
1947 2403 2029 2460 nu-

547 2521 670 2580 mero
704 2495 731 2581 7
765 2495 982 2584 statuitur:
1013 2535 1030 2573 r
1060 2499 1351 2584 Punctaturae
1384 2513 1532 2586 autem
1565 2497 1829 2596 ordinariae,
1851 2524 2032 2615 compu-

554 2655 570 2694 ι
611 2615 768 2704 landae
792 2617 831 2704 in
857 2647 1042 2706 numero
1066 2617 1341 2706 vacationum
1380 2635 1423 2708 et
1439 2621 1909 2722 condonandae‚erunt
1926 2649 2032 2736 qua-

553 2779 569 2816 ι
610 2754 884 2828 tuorcentum
903 2758 946 2827 et
968 2740 1200 2857 octoginta,
1238 2773 1348 2860 quae
1380 2743 1646 2832 constituunt
1674 2742 1889 2858 integrum
1912 2769 2031 2829 sexa·

553 2902 569 2939 a
608 2861 725 2980 ginta
742 2862 913 2952 dierum
928 2863 1136 2982 spatium.
1153 2865 1356 2954 Attamen
1371 2867 1637 2985 quicumque
1655 2866 1773 2954 illum
1795 2892 2028 2952 numerum

554 3025 570 3100 ς
610 3001 974 3105 quatuoreeutum
1009 3003 1051 3076 et
1084 2986 1301 3106 octoginta
1335 2990 1577 3105 superabit,
1605 2987 1777 3077 etiamsi
1794 3019 1873 3105 pro
1898 2987 2024 3076 unica

551 3146 570 3186 ι
611 3122 883 3218 nunciatura,
921 3141 972 3198 eo
1005 3142 1103 3198 casu
1139 3123 1338 3198 teneatur
1370 3112 1427 3201 ad
1459 3113 1719 3201 solutionem
1748 3108 1947 3199 omnium
1982 3127 2026 3200 et

551 3267 569 3307 r
609 3229 882 3346 singularum
917 3233 960 3320 in
995 3232 1218 3321 vacatione
1251 3236 1688 3351 comprehensarum,
1742 3251 1785 3322 ot
1834 3232 2025 3348 gaudeat

551 3393 569 3431 e
607 3351 991 3442 distributionibus
1025 3357 1192 3443 ratione
1227 3371 1395 3445 tautum
1444 3359 1607 3446 servitii
1658 3357 1852 3476 praestiti
1885 3387 2025 3442 scorto-

551 3515 569 3553 «
608 3473 705 3561 duan
738 3477 1123 3566 consuetudinem.»

672 3599 905 3690 Postremis
937 3617 979 3690 at
1012 3631 1116 3690 vero
1152 3601 1422 3721 temporibus
1470 3603 1659 3692 dubium
1710 3603 1821 3691 inter
1853 3601 2028 3718 Capitu-

543 3721 654 3810 lares
686 3723 919 3812 excitatum
955 3725 1032 3810 luit
1065 3725 1174 3814 eirea
1211 3725 1399 3812 valorem
1436 3725 1649 3816 dictarum
1671 3724 2021 3844 dispositionum,

544 3873 653 3960 quas
688 3847 884 3932 nonnulli
918 3846 979 3934 uti
1016 3846 1229 3964 legitimas
1263 3847 1573 3952 admittebant,
1602 3850 1800 3938 nonnulli
1823 3878 1930 3936 vero
1965 3849 2026 3934 uti

545 3965 621 4056 88.
659 3968 886 4057 Canouum
920 3971 1188 4086 corruptelas
1222 3972 1487 4086 respuendas
1520 4003 1612 4061 esse
1644 3974 1900 4062 censebant.
1938 3970 2025 4056 Un-

546 4086 601 4175 de
635 4120 703 4176 res
738 4090 792 4178 ad
826 4092 1211 4212 Arebiepiscopum
1255 4094 1510 4182 Firmanum
1547 4127 1624 4211 per
1657 4097 1863 4214 ipsosmet
1895 4092 2024 4208 Capi·

546 4211 705 4298 tulares
727 4245 805 4330 pro
827 4215 1115 4304 eonscientiae
1140 4217 1454 4334 tranquillitate
1493 4218 1636 4306 delata
1676 4217 1771 4322 luit,
1794 4215 1884 4334 qui
1924 4215 2025 4302 uul-

546 4331 587 4420 la
636 4334 861 4424 interiecta
907 4369 1026 4426 mora
1074 4339 1396 4457 Capi'tularibus
1435 4339 1672 4458 imposuit,
1711 4357 1757 4427 ut
1790 4337 1900 4427 infra
1943 4337 2022 4424 bi-

544 4473 705 4545 mestre
739 4461 1105 4576 sapientissimum
1140 4467 1185 4556 S.
1223 4465 1278 4550 V.
1319 4463 1372 4552 0.
1410 4463 1488 4551 bae
1533 4495 1664 4581 super·
1713 4496 1757 4552 re
1808 4459 2017 4550 iudicium

546 4580 826 4699 exquirerent
868 4584 952 4672 sub
983 4616 1122 4703 poena
1163 4585 1345 4674 delendi
1394 4585 1607 4701 praelatos
1649 4585 2019 4677 Constitutionum

544 4701 748 4792 articulos
783 4737 830 4793 ac
863 4725 1143 4824 punctaturas
1175 4707 1374 4797 solvendi
1408 4709 1538 4796 ctiam
1575 4741 1655 4827 pro
1690 4709 1916 4797 mensibus
1950 4737 2022 4792 va-

542 4823 738 4914 cationis.
776 4830 987 4917 Mandatis
1020 4831 1175 4919 Revriri
1210 4831 1430 4920 Ordinarii
1476 4833 2027 4952 moremgerente'sCano-

542 4945 626 5035 niei
661 4951 900 5070 supplicem
951 4952 1247 5062 Sacratissimo
1291 4953 1482 5072 Principi
1531 4957 1786 5046 obtuleruut
1818 4953 2020 5042 libellum

543 5066 616 5155 die
651 5071 699 5158 ll
743 5074 883 5164 Martii
918 5075 1039 5166 7878
1072 5073 1365 5193 praelatorum
1402 5076 1680 5166 articulorum
1721 5076 2024 5167 confirmatio-

542 5217 644 5279 nem
678 5196 869 5316 benigne
901 5199 1239 5316 expostulantes.
1277 5200 1395 5290 Audi
1432 5201 1568 5288 verba
1618 5201 1753 5318 ipsius
1803 5197 1942 5290 libelli
1975 5196 2020 5284 in

544 5341 649 5429 quo,
687 5340 927 5410 memorata
961 5322 1172 5412 laetorum
1207 5322 1383 5411 historia
1406 5351 1509 5412 mox
1532 5325 1727 5442 exposita
1762 5354 1929 5416 necnon
1956 5350 2027 5408 re·

542 5432 639 5525 latis
671 5442 1040 5543 constitutionum
1092 5444 1296 5550 articulis,
1318 5445 1513 5535 subdunt
1558 5448 1846 5568 capitulares:
1888 5485 1906 5526 t
1951 5447 2016 5530 Da
