4350 6326
522 328 614 418 572
1107 323 1411 414 tnnnx

520 487 635 572 inter
669 478 815 570 affines
849 509 985 596 osque
1019 477 1075 567 ad
1096 510 1231 597 quar·
1294 476 2010 568 baturanteBeoedictinamGon·

521 625 614 695 tum
639 603 825 722 gradum
848 601 1021 690 notium
1040 617 1104 690 est
1121 633 1228 718 pap.
1295 601 1569 690 stitutionem
1577 601 1710 718 popd
1737 599 1881 721 §.Act

519 729 612 818 452
630 727 675 846 3.
701 726 817 812 Inter
836 741 875 812 et
896 757 977 842 seq.
1359 726 1523 812 Verum
1546 723 1758 842 inspectio
1775 721 2008 839 corporalis

582 847 968 938 Nullumdubinm
992 845 1234 965 quodPon·
1296 843 1557 958 adhibenda
1586 865 1649 934 est
1682 845 1860 964 quando
1895 863 2007 934 uter·

521 971 626 1061 tifex
639 970 779 1058 valeat
796 969 1129 1058 matrimonium
1149 968 1234 1057 dis·
1296 999 1382 1086 quc
1406 967 1563 1056 coniux
1586 968 1921 1086 promovendae
1942 967 2006 1058 di·

520 1095 697 1184 soivere
714 1123 819 1209 pop.
843 1095 901 1180 i7
919 1092 963 1212 3.
985 1092 1233 1208 Propositr'o
1296 1091 1562 1208 sponsationi
1586 1091 1808 1210 conspirat
1826 1121 1933 1207 pap.
1953 1093 1999 1178 51

524 1249 635 1334 seqq.
1296 1211 1341 1334 3.
1362 1213 1797 1330 Prnesmnptionibus.

582 1337 838 1427 Dummodo
874 1355 1016 1425 ratum
1067 1336 1153 1440 sit,
1192 1353 1235 1426 et
1359 1340 1563 1426 Eeontra
1587 1337 1622 1423 si
1646 1353 1847 1426 caeterae
1869 1337 2008 1425 abun

520 1461 716 1584 legitima
735 1460 872 1548 subsit
898 1459 1234 1578 dispensationis
1296 1460 1403 1548 dant
1468 1459 1752 1576 probationes
1805 1457 2005 1549 adhiberi

515 1583 776 1703 largiendae
810 1614 936 1672 causa
966 1615 1070 1700 pop.
1101 1583 1161 1670 25
1184 1581 1230 1704 3.
1298 1612 1383 1670 non
1408 1583 1515 1672 solet
1537 1585 1707 1698 papea
1726 1581 1770 1702 3.
1797 1581 1944 1668 Horrd.
2054 1605 2060 1614 '

517 1710 649 1824 Opus.
1358 1707 1545 1792 Maxime
1582 1707 1617 1790 si
1661 1705 1774 1793 adsit
1823 1705 2006 1793 invinci-

580 1833 643 1918 Ex
675 1825 911 1916 solitudine
938 1826 1017 1912 viri
1036 1859 1136 1916 cum
1172 1825 1233 1914 ie·
1295 1826 1397 1913 hilis
1453 1829 1749 1943 repugnantia
1814 1827 2003 1916 mulieris

520 1954 664 2051 mina,
702 1965 745 2036 et
787 1949 1101 2038 commoditate
1152 1951 1233 2038 ioci
1292 1949 1758 2070 po9.i5§.Dcsectns.

524 2073 1233 2189 acternporisconsummatioma·
1358 2073 1729 2189 Quandoquidem
1804 2073 2001 2188 probatio

523 2195 719 2286 trimonii
743 2195 1037 2312 praesumitur
1050 2198 1234 2312 paqttt
1296 2193 1654 2282 adminiculativa
1688 2211 1751 2283 est
1789 2213 1833 2282 et
1874 2195 2001 2287 ialin

520 2319 710 2441 §.Atqui
727 2333 857 2434 etseq.
1295 2333 1531 2432 reputatur
1564 2335 1872 2436 argumentum
1902 2349 2001 2434 pap.

588 2442 803 2530 Adstante
838 2440 927 2530 imo
950 2441 1235 2558 possibilitate
1297 2441 1356 2526 32
1381 2437 1425 2560 3.
1450 2439 1592 2528 Hand.

526 2565 915 2681 consummationis
938 2565 1079 2681 ipsum
1109 2594 1234 2680 prae·
1359 2563 1486 2654 Unde
1518 2565 1564 2654 S.
1605 2565 1656 2654 C.
1694 2565 1749 2652 ad
1784 2563 2001 2681 dispensa-

525 2688 714 2777 sumitur
747 2717 838 2774 csse
882 2697 1233 2774 consummatum
1297 2685 1462 2774 tionem
1497 2685 1694 2789 devenit,
1723 2688 1823 2774 iicet
1848 2685 2003 2774 mulier

521 2813 658 2927 papi
683 2807 727 2930 3.
754 2807 973 2898 Votidr'ns.
1295 2807 1552 2924 inspectioni
1577 2839 1622 2896 so
1644 2809 1861 2898 subiicere
1885 2841 2000 2898 recu·

584 2931 913 3021 Consummatio
968 2929 1150 3022 ioctius.
1180 2963 1234 3019 ex
1295 2931 1457 3018 severit
1490 2963 1593 3048 pap.
1620 2933 1680 3018 33
1717 2930 1762 3052 3.
1799 2930 1997 3018 Praevia.

521 3055 681 3172 copnia
742 3054 999 3168 imperfecta
1053 3055 1234 3143 resultat
1358 3055 1502 3166 Quare
1537 3055 2002 3142 inconsummatiosta·

519 3179 719 3296 pop.339
737 3175 781 3298 3.
805 3177 1042 3292 Distinpnr't
1061 3195 1100 3265 ct
1121 3209 1229 3295 seqq.
1298 3177 1434 3264 tuitur
1456 3207 1510 3262 ex
1532 3177 1767 3293 coniugum
1801 3193 1844 3263 et
1878 3178 2002 3293 septi·

583 3299 839 3387 Dummodo
856 3329 1007 3388 semen
1033 3301 1145 3388 intra
1159 3331 1234 3390 vas
1295 3329 1395 3386 mac
1428 3329 1584 3386 manns
1620 3301 1867 3388 iuramento
1894 3331 1995 3416 pop.

524 3423 658 3512 suerit
693 3435 918 3538 receptum
948 3455 1053 3540 pop.
1074 3423 1166 3512 339
1184 3423 1230 3544 3.
1298 3421 1355 3509 t3
1373 3419 1629 3542 §.Habemus
1651 3441 1689 3512 et
1720 3425 2001 3540 reqp.pnp.25

521 3547 654 3635 Inter.
1297 3542 1474 3666 3.Τοια.

584 3673 632 3756 in
665 3701 802 3786 parva
849 3669 947 3758 iicet
990 3669 1233 3786 quantitate
1357 3668 1607 3785 Coniugum
1640 3669 1999 3756 enimiuramen-

523 3791 633 3878 ibid.
1297 3805 1391 3876 tum
1426 3825 1450 3878 a
1480 3793 1670 3908 septima
1703 3821 1836 3879 manu
1880 3791 2004 3877 robo-

517 3971 521 3978 -
579 3913 763 4014 ¹Etiamsi
804 3913 1230 4029 semeisusccptom,
1297 3929 1438 4000 ratum
1474 3915 1651 4030 plurimi
1685 3915 1763 4002 hac
1796 3915 1839 4000 in
1870 3930 2003 4000 mate-

524 4049 742 4123 retentum
779 4065 865 4122 non
897 4033 1028 4122 tuerit
1061 4035 1169 4123 ibid.
1297 4035 1359 4122 ria
1394 4035 1639 4125 iaciendum
1689 4053 1752 4128 est
1790 4037 2003 4154 pratee

582 4157 1152 4276 inconsummatioprobata
1171 4191 1236 4247 re·
1297 4155 1342 4277 3.
1370 4159 1584 4280 Profecto.

522 4297 673 4369 manet
689 4279 723 4367 si
742 4297 907 4368 constet
930 4281 1234 4371 contrahentes
1359 4285 1507 4371 Testes
1526 4299 1671 4370 autem
1686 4284 1902 4400 septimae
1919 4309 2005 4368 ma·

527 4404 636 4492 inito
672 4401 743 4489 vix
776 4404 995 4492 connubio
1035 4407 1235 4520 respecti·
1297 4433 1378 4492 nus
1411 4437 1465 4494 ex
1490 4423 1674 4524 utroque
1697 4407 1834 4494 latere
1855 4403 2003 4494 conin-

521 4557 623 4614 vam
674 4526 949 4615 contendisse
999 4527 1235 4616 habitatio·
1297 4557 1401 4641 gum
1435 4529 1691 4620 desumendi
1735 4549 1838 4618 suut
1869 4527 2004 4646 popd

522 4679 625 4736 nem
656 4679 758 4764 pap.
784 4649 844 4736 25
868 4647 912 4770 3.
944 4649 1063 4738 Τοια.
1296 4647 1341 4770 3.
1369 4653 1465 4740 Nec.

582 4773 692 4858 ltem
726 4801 781 4858 ex
813 4773 1051 4890 coniugum
1085 4787 1130 4862 et
1160 4805 1235 4864 se—
1358 4777 1410 4860 Et
1441 4777 1478 4863 si
1511 4776 1584 4863 alii
1617 4775 1759 4864 adsint
1781 4775 1839 4864 de
1873 4807 1921 4864 ne
1944 4775 2004 4860 in·

522 4892 692 5012 ptimae
715 4923 870 4982 manns
895 4895 1145 4986 iuramento
1184 4929 1232 4986 ac
1294 4899 1459 5003 structi,
1478 4901 1633 4988 sitente
1650 4915 1788 5017 parte,
1815 4897 2005 4987 adrien-

522 5016 783 5134 virginitatis
801 5020 1102 5134 experimento
1125 5053 1228 5136 pop.
1295 5051 1389 5108 sore
1427 5024 1692 5112 matrimonii
1722 5019 1884 5112 citandi
1906 5035 2004 5110 sunt

521 5139 856 5261 2§.Eoulpoto.
1294 5143 1402 5232 idid.

583 5263 708 5376 Quae
736 5265 880 5352 t'orma
915 5265 1047 5355 etiam
1076 5295 1231 5356 serva-
1356 5267 1467 5358 Hine
1521 5273 1704 5388 probata
1755 5275 2003 5358 inconsum-
