4446 6330
590 353 652 446 46
1052 349 1130 437 Die
1162 347 1222 436 25
1255 345 1450 433 Ianuarii
1483 341 1620 433 1879.

588 461 683 568 tere
716 475 821 564 ltorn
859 491 953 562 unte
974 472 1190 560 meridient
1217 499 1355 588 usque
1377 469 1434 555 ad
1456 467 1582 556 toras
1605 467 1872 582 vespertinas
1897 461 2089 558 eiusdem

593 601 684 693 diei
717 597 1023 688 celebrationis
1057 593 1342 695 matrimonii,
1380 591 1522 682 solum
1557 621 1657 680 cum
1697 589 1793 679 ‘sola
1841 587 1887 678 in
1939 587 2088 682 eadem
2139 689 2147 706 ,

593 723 781 814 'Arduini
817 720 1084 808 habitatione
1117 717 1246 805 luisse
1279 745 1459 832 sponsos
1493 729 1790 803 conversatos.

724 847 797 932 ll.
835 842 1081 933 Celebratio
1126 867 1318 957 namque
1342 837 1605 926 matrimonii
1631 839 1773 924 locum
1800 834 1969 924 habuit
1993 834 2091 927 ltorn

593 1003 703 1060 nono
718 984 817 1057 ante
836 964 1085 1067 meridiem,
1108 965 1189 1052 hoc
1203 961 1383 1084 quidem
1396 961 1642 1049 obtestante
1654 958 1814 1048 eodem
1834 958 2082 1052 Francisco.

598 1135 616 1174 ι
656 1095 942 1207 Interrogata,
980 1117 1026 1175 se
1060 1086 1192 1175 abbia
1227 1085 1447 1173 celebrato
1483 1083 1767 1172 matrimonio
1790 1081 2084 1174 ecclesiastico

599 1258 616 1296 ι
655 1245 736 1304 000
755 1215 795 1300 10
813 1209 1066 1300 Violautina
1084 1207 1289 1312 arduini,
1312 1208 1518 1324 risponde
1538 1261 1567 1277 -
1590 1207 1696 1294 t’ho
1719 1206 1953 1294 celebrato
1978 1205 2086 1297 nella

602 1379 619 1418 «
658 1337 812 1431 Chicsa
845 1334 890 1423 di
924 1335 968 1426 S.
1007 1329 1281 1421 bernardino
1330 1331 1359 1418 il
1406 1331 1560 1448 giorno
1608 1343 1781 1449 quattro
1828 1327 1878 1416 di
1933 1330 2091 1444 dgosto

599 1504 616 1542 ι
655 1459 878 1550 dell'anuo
913 1457 1035 1544 1866
1085 1487 1164 1544 con
1210 1469 1322 1542 tutte
1371 1453 1411 1540 le
1456 1452 1674 1540 formalita
1718 1451 1929 1540 ricbieste
1979 1450 2090 1542 dalla

600 1625 617 1664 a
657 1585 703 1674 S.
741 1581 895 1670 chiesa
929 1577 1015 1665 0110
1046 1611 1116 1665 ore
1149 1579 1261 1664 circo
1283 1607 1384 1662 noue
1406 1575 1746 1680 nntirneridinne,
1773 1604 1908 1665 come
1932 1575 2090 1691 meglio

598 1745 615 1784 ι
658 1704 855 1792 00οε1000
889 1699 1085 1790 dall'atto
1117 1699 1189 1789 del
1222 1701 1425 1804 Parroco,
1452 1698 1531 1786 ebe
1550 1697 1747 1816 produco
1778 1740 1816 1786 ι.
1847 1699 1993 1784 Unam
2017 1697 2091 1784 ler-

591 1857 684 1932 mo,
708 1843 782 1912 aut
805 1825 987 1912 alteram
1025 1824 1172 1911 horam
1209 1823 1454 1939 absumpsit
1486 1853 1605 1911 sacra
1637 1821 2091 1938 caeremonia3eaque

571 1949 814 2052 absoluta,
855 1947 1153 2067 unusquisque
1201 1947 1425 2064 propriam
1477 1946 1691 2033 remeavit
1742 1943 2079 2048 habitationem

593 2103 754 2193 sponsa
788 2069 1000 2158 nimirum
1034 2100 1134 2157 cum
1168 2067 1316 2172 lrutre,
1332 2085 1542 2186 sequente
1575 2067 1754 2157 eosdem
1787 2097 1971 2185 sponso,
2012 2064 2081 2152 Al·

593 2196 887 2314 bingannum3
926 2191 1169 2310 Religiosus
1223 2208 1369 2280 autem
1403 2191 1457 2280 ad
1493 2221 1615 2280 suam
1651 2192 1806 2280 cellam
1860 2219 2076 2277 reversus.

591 2317 678 2411 Sed
715 2317 783 2405 hic
819 2315 951 2420 testiS,
988 2314 1197 2402 invitatus
1221 2346 1244 2401 0
1268 2313 1399 2402 lratre
1431 2345 1617 2433 sponsae
1649 2314 1703 2402 ad
1737 2313 1956 2431 nuptialia
1998 2311 2088 2400 bel-

593 2439 700 2531 laria
734 2437 1026 2558 degustanda,
1059 2469 1141 2523 nnn
1159 2467 1251 2523 cnm
1271 2437 1500 2526 invitante:
1537 2437 1718 2525 domum
1742 2437 1951 2526 eiusdem
1976 2435 2086 2522 illico

592 2561 723 2682 potiit
762 2604 778 2640 a
818 2561 922 2648 1000
955 2560 1119 2648 dentum
1152 2559 1272 2646 111100
1299 2561 1410 2675 petii
1445 2561 1563 2648 UNA
1596 2561 1721 2648 CUM
1749 2555 2084 2652 INVITANTE

589 2687 646 2774 R.
685 2683 860 2772 rl‘icolao
895 2681 1087 2771 Antan·
1126 2725 1165 2770 ι».
1203 2682 1333 2794 Quod
1366 2682 1420 2784 si,
1457 2685 1600 2801 prouti
1635 2715 1689 2771 ex
1711 2715 1843 2803 supra
1868 2680 2084 2770 enarratis

592 2823 660 2897 est
694 2806 1001 2911 certissimum,
1040 2823 1135 2923 post
1168 2837 1338 2896 sacrum
1374 2805 1505 2893 ritum
1527 2801 1741 2898 Sacerdos
1764 2805 1972 2905 Arduiui,
2001 2834 2083 2892 000

593 2930 777 3050 quidem
811 2959 912 3018 cum
947 2928 1182 3048 Religioso,
1220 2930 1295 3018 sed
1329 2959 1429 3018 cum
1462 2961 1609 3020 sorore
1655 2929 1992 3050 Albingaunum
2041 2953 2084 3014 se

590 3053 786 3157 reduxit,
824 3053 1175 3142 concludendum
1212 3053 1361 3170 procul
1396 3052 1531 3140 dubio
1566 3069 1646 3156 est,
1684 3053 1804 3172 quud
1848 3055 2083 3172 insequen-

594 3176 713 3265 tibus
747 3176 862 3264 horis
896 3178 988 3294 ipsc
1021 3175 1285 3266 coenobium
1322 3176 1498 3294 repetiit
1531 3190 1576 3263 ut
1608 3177 1878 3296 Religiosum
1919 3174 2084 3263 invita-

594 3315 676 3386 ret.
703 3299 921 3411 Quanam,
957 3331 1135 3418 qttaeso,
1173 3299 1299 3388 horu?
1348 3297 1571 3388 Praesumi
1623 3317 1739 3388 certe
1789 3331 1875 3388 000
1925 3311 2079 3419 potest,

594 3421 731 3542 quod,
768 3422 949 3512 reducta
983 3423 1164 3512 domum
1200 3452 1375 3540 sponse,
1417 3454 1520 3510 mox
1564 3422 1657 3540 ipsc
1707 3423 1761 3512 ad
1806 3421 2082 3526 Coenubium

594 3575 814 3666 regressus
848 3543 994 3651 luerit,
1034 3563 1078 3634 ut
1111 3548 1184 3633 Fr.
1221 3545 1452 3664 losephum
1488 3545 1706 3652 invitaret3
1745 3547 1859 3634 inter
1881 3569 2078 3666 egressus

594 3671 710 3757 euim
746 3683 789 3758 et
822 3699 1042 3786 regressus
1076 3671 1163 3758 iam
1199 3666 1404 3758 meridies
1438 3668 1723 3773 successisset,
1761 3669 1945 3787 quando
1969 3695 2081 3758 com·

592 3791 716 3881 muui
748 3821 927 3880 mensae
960 3792 1225 3882 accumbunt
1266 3791 1486 3910 Religiosi.
1536 3792 1672 3910 lgitur
1719 3809 1814 3909 post
1852 3790 2080 3882 meridiem

590 3913 800 4032 Sacerdos
845 3913 1034 4006 Arduini
1082 3913 1217 4003 domo
1259 3914 1488 4031 egrediens
1522 3915 1576 4004 ad
1615 3915 1890 4004 invitandum
1916 3914 2078 4004 11010-

592 4035 778 4156 sepbum
820 4036 1036 4154 proiectus
1068 4055 1147 4126 est.
1242 4085 1245 4092 ·

718 4159 793 4246 t5.
830 4161 1030 4250 Arduino
1062 4162 1236 4266 comite,
1278 4199 1295 4238 ε
1335 4193 1418 4247 000
1445 4193 1534 4246 cum
1576 4161 1777 4251 invitante
1816 4201 1854 4266 ι,
1891 4183 2071 4279 sponsae

594 4281 780 4372 domum
816 4283 923 4372 abiit
956 4283 1196 4404 Religiosus
1234 4325 1250 4362 ι
1289 4283 1394 4370 Itane
1427 4281 1592 4370 doenum
1626 4285 1745 4372 illico
1776 4287 1884 4400 petii
1924 4325 1964 4372 ι.
2002 4281 2073 4367 Ec·

593 4433 703 4524 quos
736 4405 921 4526 reperit?
937 4409 1123 4500 SOLUM
1141 4439 1332 4526 sponsum
1366 4437 1454 4492 cum
1487 4437 1637 4523 sponso
1671 4408 1833 4524 reperit
1871 4407 1991 4495 «oti
2012 4413 2087 4489 re·'

585 4529 691 4646 peri
722 4559 907 4642 sponsos,
945 4529 1105 4620 absente
1131 4547 1257 4648 patre
1293 4529 1339 4620 V
1338 4528 1569 4618 iolontinue
1609 4571 1649 4617 ι.
1685 4530 1922 4621 Sciendum
1958 4525 2075 4618 euim

462 4731 467 4742 .
594 4652 787 4754 est,ltttss
819 4655 1054 4760 PATRES,
1091 4655 1210 4773 quod
1243 4651 1466 4742 Arduiuus
1498 4667 1637 4771 pater,
1674 4683 1984 4774 quaecumque
2021 4649 2073 4734 sit

593 4803 739 4879 causa,
775 4775 1055 4890 NUMQUAM
1089 4777 1211 4867 domi
1242 4776 1463 4867 detinetur
1501 4817 1517 4854 a
1557 4808 1638 4862 non
1671 4779 1691 4864 d
1722 4775 1819 4866 ΜΑΙ
1843 4777 1888 4863 in
1910 4807 2005 4863 casa
2031 4801 2070 4868 ’ἱ

589 4894 679 4984 filia
713 4911 860 4985 autem
894 4900 1110 4990 sunem
1144 4901 1314 4991 ibidem
1347 4898 1493 4989 sota
1527 4899 1786 4989 demoratur
1825 4941 1840 4977 ι
1880 4899 1917 4986 si
1959 4915 2075 4985 trouu
2134 4998 2136 5002 y

588 5021 806 5112 SEMPRE
828 5022 832 5031 '
857 5019 991 5110 libero
1037 5057 1058 5112 e
1105 5025 1250 5118 SOLA
1291 5067 1329 5112 s.
1366 5024 1540 5112 Testem
1588 5021 1743 5112 invoco
1792 5023 2072 5113 Sacerdotem

589 5143 735 5262 ipsum
769 5141 967 5235 eiusdem
1000 5147 1180 5238 fratrem
1219 5191 1235 5226 ο
1275 5179 1365 5238 000
1396 5145 1575 5234 emeno
1598 5177 1720 5251 vero,
1747 5145 1827 5234 che
1852 5146 1893 5234 io
1919 5133 2072 5235 tenessi

598 5307 614 5342 ι
653 5265 843 5382 separati
875 5269 933 5387 gli
966 5271 1081 5393 sposi
1114 5271 1256 5362 fiuche
1288 5270 1399 5360 losse
1433 5269 1585 5388 giunta
1617 5269 1743 5373 l'ora,
1781 5269 1861 5358 che
1884 5268 1912 5356 il
1938 5263 2071 5388 padre

596 5427 613 5464 ι
652 5394 982 5502 acconseutisse;
1021 5427 1146 5486 come
1189 5395 1286 5485 tutti
1335 5423 1488 5498 sanno,
1540 5421 1620 5510 per
1666 5391 1825 5512 cinque
1874 5423 1950 5482 ore
1998 5381 2067 5478 del

592 5547 611 5587 ι
651 5507 804 5630 giorno
836 5545 942 5607 sono
977 5549 1001 5607 0
1035 5518 1188 5610 100010
1210 5517 1355 5609 scuola
1395 5515 1465 5604 uel
1501 5515 1726 5622 Ginnasi03
1760 5505 2072 5606 01000000
