4446 6330
477 270 507 356 6
937 262 1019 348 Dte
1050 260 1110 347 25
1143 253 1340 343 Ianuarii
1374 251 1511 344 l879.
1787 323 1789 328 ,

602 394 818 492 lamver0,
846 383 1071 502 hospitalis
1095 376 1375 470 habitationis
1396 373 1578 462 domina
1601 371 1836 460 Laurentia
1865 373 1992 464 Diez

478 517 742 630 interrogata
767 515 809 597 in
846 507 1003 597 indicio
1026 535 1156 622 super
1179 501 1400 589 validitate
1424 493 1695 584 matrimonii
1719 509 1822 584 unte
1845 527 1992 614 prae-

476 656 650 728 sentem
685 663 857 724 causam
894 632 936 717 in
979 626 1196 746 Hispaniis
1238 622 1475 738 exagitato,
1524 618 1690 733 primae
1734 649 1784 708 ae
1824 624 1993 710 tertiae

483 759 727 883 quaestioni
763 753 1048 872 respondens,
1092 749 1284 866 loquitur
1317 745 1374 834 de
1406 739 1670 862 quibusdam
1714 771 1993 858 sponsorum

483 879 907 980 conversationibus,
935 873 1166 994 inquibus
1200 870 1291 988 ipsa
1316 899 1402 956 non
1429 865 1669 960 adstiterat,
1690 865 1794 982 quia
1810 865 1985 957 absens

484 1023 579 1096 erat
612 1005 670 1092 ab
703 999 973 1091 habitatione
1011 1035 1028 1072 «
1078 993 1169 1082 alla
1213 1009 1327 1079 terzo
1362 987 1598 1105 risponde,
1636 985 1715 1076 clre
1749 988 1898 1105 ignora
1932 991 1986 1080 la

489 1171 506 1210 ι
537 1125 768 1228 dimanda,
820 1121 976 1240 poiche
1001 1151 1081 1206 tran
1106 1117 1319 1204 trouaoasi
1360 1110 1682 1200 nell'abt'tazone
1704 1111 1872 1228 arundo
1903 1145 1992 1230 po-

486 1269 680 1338 «tcraro
721 1245 816 1367 sara
850 1243 964 1332 detta
997 1240 1328 1328 concersazioac.
1389 1235 1486 1324 Alla
1540 1249 1711 1351 quarta3
1751 1235 1790 1322 la
1826 1237 1984 1352 ignora

489 1415 507 1452 ι
539 1372 675 1462 anche
710 1399 788 1488 per
822 1369 862 1455 la
896 1367 1073 1484 ragione
1097 1381 1266 1476 esposta
1312 1357 1410 1446 ncll’
1437 1357 1723 1446 antecedente
1767 1357 1984 1450 dimanda

488 1537 506 1576 α
537 1493 585 1583 di
609 1525 691 1580 aon
716 1491 899 1580 traversi
921 1486 1261 1576 nell’obitazioae
1283 1483 1452 1570 oo’eran
1473 1480 1651 1596 quelli.»
1682 1481 1795 1568 llaec
1820 1483 1985 1572 mulier

485 1616 679 1735 alioquin
704 1643 911 1730 praesens
940 1609 1022 1698 luit
1044 1609 1086 1695 in
1111 1609 1254 1727 primo
1287 1604 1521 1721 colloquio,
1562 1602 1634 1694 etri
1668 1603 1867 1692 interfuit
1890 1608 1973 1694 Pa-

488 1741 644 1830 rocbus
690 1725 922 1840 Peinador3
959 1735 993 1820 si
1028 1731 1176 1850 itaque
1226 1759 1341 1824 nunc
1394 1727 1514 1829 dicit,
1563 1727 1692 1816 luisse
1743 1729 1971 1818 absentem

485 1892 511 1951 e
543 1861 694 1964 domo,
721 1861 767 1946 in
788 1890 876 1978 qua
907 1853 1149 1948 conversati
1183 1868 1282 1940 sunt
1314 1849 1479 1970 sponsi,
1517 1848 1666 1937 inlerri
1699 1879 1973 1965 pernecesse

487 1983 642 2088 debet,
668 1981 788 2100 quod
812 2011 899 2068 non
921 2009 1005 2067 nna
1031 1974 1335 2066 tantummodo
1356 1974 1467 2076 vice,
1483 1974 1815 2064 sedaliisetiam
1830 1975 1963 2078 lllaria

485 2137 533 2197 se
567 2105 750 2196 contulit
784 2103 839 2192 ad
873 2101 1128 2192 Henricum.
1165 2101 1278 2188 Num
1303 2097 1383 2186 soli
1406 2099 1474 2184 vel
1499 2129 1597 2186 cum
1623 2101 1803 2189 testibus
1825 2098 1972 2218 sponsi

490 2229 670 2334 luerint,
698 2231 937 2346 ignoratum
963 2222 1343 2342 quemadmodum
1380 2223 1509 2310 etiarn
1548 2222 1770 2340 ignoratur
1801 2225 1858 2313 de
1884 2253 1976 2342 quo

488 2352 755 2470 interrogata
770 2349 918 2439 luisset
932 2348 1180 2448 barrreutia,
1202 2346 1309 2434 dum
1328 2346 1403 2432 bas
1422 2344 1627 2434 redderet
1650 2349 1970 2467 responsiones:

489 2491 533 2564 et
566 2473 850 2593 quantumvis
884 2469 1114 2574 Defensor,
1151 2469 1218 2558 his
1251 2467 1599 2586 depositionibus
1649 2468 1694 2557 in
1744 2469 1973 2589 pervigilio

489 2597 798 2716 praeeuntium
849 2593 1138 2686 Cornitiornm
1182 2593 1410 2709 perlectis,
1460 2592 1617 2681 acriter
1666 2594 1890 2682 institisset
1933 2607 1981 2680 ut

491 2719 644 2838 quoad
678 2724 758 2806 boc
801 2716 1039 2820 luxsterct,
1085 2717 1370 2804 nibilominus
1403 2714 1520 2802 haud
1554 2715 1674 2804 alind
1719 2719 1980 2834 productum

490 2841 635 2932 estin
678 2870 901 2960 preessae,
929 2869 1059 2957 quam
1084 2839 1307 2958 copiosum
1353 2837 1560 2926 volumen
1604 2853 1799 2928 actorum
1833 2837 1981 2928 iudicii

490 2995 628 3082 super
660 2963 904 3068 validitate,
944 2962 1067 3081 quod
1101 2963 1276 3051 sumsit
1304 2961 1978 3078 linguaCastellana'exaratum,

490 3087 669 3176 nullum
706 3085 899 3176 hausisse
958 3085 1064 3176 lucis
1096 3085 1368 3203 spiraculum
1396 3084 1650 3172 conlitetur.
1741 3159 1743 3164 .
1803 3171 1807 3182 ,

583 3235 587 3244 ·
622 3207 748 3299 Clare
782 3227 918 3325 patet,
955 3209 1074 3327 quod
1108 3241 1161 3296 ex
1184 3208 1263 3298 hae
1287 3207 1838 3326 Laurentiaedepositione
1860 3205 1979 3300 baud

492 3346 639 3450 potest
672 3332 993 3422 rationabiliter
1036 3330 1209 3422 excludi
1254 3331 1530 3448 possibilitas
1568 3331 1689 3450 quod
1721 3333 1868 3450 sponsi
1906 3330 1984 3420 eli·

493 3455 677 3573 quando
710 3457 955 3545 conversati
990 3455 1149 3544 luerint
1181 3454 1277 3558 soli3
1314 3471 1447 3573 etque
1490 3455 1547 3544 ita
1590 3487 1671 3573 per
1717 3483 1986 3574 consequens

495 3607 581 3666 nec
622 3577 796 3667 excludi
846 3593 989 3696 potest
1021 3577 1283 3695 possibilitas
1315 3579 1716 3668 consummationis.
1758 3574 1984 3668 Eiusmodi

492 3717 644 3790 autem
679 3700 943 3818 possibilitas
977 3732 1028 3789 eo
1053 3700 1121 3790 vel
1145 3700 1340 3791 maxime
1362 3703 1570 3792 excrescit
1591 3703 1695 3821 quia
1718 3700 1775 3792 de
1796 3733 1849 3798 eo
1874 3717 1986 3788 tem·

495 3853 605 3943 pore
654 3823 794 3912 adbuc
842 3825 976 3914 Maria
1024 3825 1254 3940 deperibat
1296 3826 1553 3931 Henricum;
1606 3825 1985 3944 quemadmodum

495 3945 679 4034 ‘eruitur'
698 3975 753 4033 ex
785 3945 1061 4064 depositione
1093 3947 1320 4037 cuiusdam
1352 3949 1469 4038 Petri
1492 3950 1625 4066 Nigro
1649 3951 1782 4038 etiam
1807 3948 1980 4038 noviter

493 4065 702 4158 deducta.
740 4070 945 4160 Exlribita
987 4070 1106 4159 enim
1150 4071 1191 4158 iu
1238 4071 1395 4160 iudicio
1430 4072 1668 4161 validitatis
1700 4075 1758 4160 ab
1791 4071 1981 4160 llenrico

494 4189 577 4278 bac
610 4188 950 4310 interrogatione
990 4235 1005 4273 ι
1044 4225 1107 4298 se,
1134 4225 1158 4283 e
1180 4227 1306 4284 come
1328 4195 1353 4282 e
1376 4195 1512 4283 anche
1530 4209 1665 4297 certo,
1693 4196 1772 4283 che
1797 4193 1839 4280 in
1863 4191 1984 4278 detta
2138 4221 2139 4224 ‘

500 4353 519 4395 ι
558 4318 827 4432 passaggiata
862 4316 902 4405 la
935 4317 1027 4436 sig.
1066 4319 1279 4406 Dolorosa
1323 4317 1568 4422 manifesti),
1615 4319 1695 4406 che
1732 4313 1981 4404 annuiv'aa

500 4475 518 4514 ι
560 4435 761 4525 cbiedere
794 4438 825 4525 il
857 4439 1056 4559 deposito
1090 4471 1115 4528 a
1148 4440 1235 4529 fine
1269 4441 1315 4530 di
1349 4457 1549 4529 ottenere
1598 4439 1624 4526 il
1666 4435 1987 4529 consentimen·

503 4598 521 4637 ι
563 4573 624 4664 ιο,
661 4559 778 4650 onde
812 4563 1029 4652 maritarsi
1062 4563 1387 4668 civilmente,·e
1421 4563 1464 4650 in
1498 4593 1597 4654 caso
1632 4561 1836 4684 negativo
1883 4589 1989 4648 con·

483 4724 519 4796 ,ι
560 4683 684 4772 dursi
719 4681 785 4773 col
830 4687 961 4774 citato
995 4686 1085 4804 Sig.
1130 4687 1284 4774 Enrico
1324 4689 1489 4792 Castro,
1534 4705 1705 4777 mentre
1745 4687 1785 4774 la
1823 4683 1986 4772 societis
2137 4691 2140 4697 '

501 4845 519 4884 ι
559 4837 647 4894 non
671 4823 830 4925 potera
867 4808 1083 4896 criticarla
1097 4837 1178 4927 per
1200 4809 1364 4899 andare
1384 4810 1566 4930 insieme
1587 4815 1628 4901 al
1651 4819 1729 4902 slro
1754 4808 1910 4898 marito
1940 4837 1977 4909 »3

496 4926 557 5016 ita
592 4933 710 5018 testis
743 4933 895 5041 Petrus
927 4929 1061 5049 Nigro
1095 4933 1322 5051 respondit
1360 4975 1377 5014 c
1416 4936 1587 5024 Ecerto
1610 4930 1886 5052 tuttoqacllo,
1911 4921 1985 5014 ¹clm

498 5051 748 5167 comprenda
780 5069 921 5172 questa
955 5053 1159 5144 (limanda
1188 5087 1266 5174 per
1299 5076 1451 5177 quanto
1488 5059 1554 5177 pli
1594 5077 1705 5152 costa
1746 5055 1815 5145 nel
1856 5048 1980 5140 modo

496 5173 579 5288 piri
611 5175 799 5265 veridico
834 5221 873 5268 s.

625 5297 689 5382 Ex
721 5299 838 5390 hisce
871 5303 1078 5392 omuibus
1111 5303 1392 5395 manifestum
1425 5325 1621 5426 apparet,
1658 5303 1778 5423 quod
1813 5303 1858 5390 in
1892 5327 1991 5387 con·

495 5416 684 5508 lectione
717 5449 944 5538 processus
979 5441 1131 5542 aperte
1164 5429 1518 5520 enunciabantur
1540 5446 1671 5520 reset
1703 5427 1986 5518 circumstan-
