4460 6332
512 311 604 402 888
977 306 1061 396 Die
1091 309 1152 398 23
1185 307 1369 426 Avpvsti
1408 307 1540 399 1879.

511 433 671 554 ususfr.
696 432 876 522 fllet'nac.
914 429 972 518 cd
1001 431 1137 548 pond.
1177 430 1253 519 tit.
1290 433 1317 518 7
1352 432 1425 518 tit.
1460 433 1558 642 [εἷ.
1586 430 1693 522 tt8:
1719 431 1919 522 Guiooivs
1940 433 2012 524 od

516 555 718 678 African.
757 569 878 642 tract.
914 555 943 642 5
976 555 1062 643 vol.
1100 555 1129 643 lt
1161 554 1265 642 edit.
1301 554 1430 642 Prae·
1462 589 1544 644 eo.
1583 555 1691 648 l22:
1727 557 1832 673 quia
1864 558 2011 674 part-i·

513 682 598 770 bus
630 681 909 767 commutatis
942 679 1101 766 eadem
1135 709 1204 766 res
1237 707 1330 766 esse
1352 678 1632 768 nondesioit.
1677 678 1893 768 Ecclesiae
1924 713 2012 769 au—

514 819 603 892 tem
640 817 807 920 partem
842 831 1086 922 numquam
1120 799 1310 889 deletam
1345 799 1474 890 luisse
1508 801 1581 904 ait,
1619 831 1668 890 ac
1701 801 1892 917 plurium
1926 834 2011 892 an-

514 957 672 1016 norum
706 927 847 1043 spatio
880 953 1039 1013 novam
1072 923 1440 1013 constructionem
1475 923 1714 1043 expletam.
1754 927 1915 1014 Rursus
1943 957 2009 1015 ex

513 1051 607 1139 iure
640 1049 772 1154 civili,
820 1047 998 1138 deiectis
1043 1047 1174 1136 etiam
1221 1079 1271 1136 ae
1313 1045 1483 1134 relectis
1529 1047 1729 1148 aedibus,
1773 1045 2006 1137 nsumlru·

513 1190 634 1263 otum
668 1201 847 1260 manere
881 1171 1121 1273 contendit,
1160 1167 1405 1258 dummodo
1434 1171 1663 1286 praedium
1689 1187 1885 1257 veterem
1909 1171 2002 1259 lor-

511 1325 629 1385 mavn
663 1327 712 1383 ac
746 1324 906 1384 nomen
943 1293 1188 1397 retinuerit,
1216 1307 1393 1382 auctore
1430 1294 1593 1381 Viooio
1625 1292 1838 1380 odiostit.
1864 1293 2002 1386 lih2

513 1420 583 1508 tit.
621 1416 717 1538 dg,
746 1421 911 1506 3oum.
938 1417 984 1504 5:
1011 1432 1142 1536 atque
1176 1445 1272 1504 eam
1311 1415 1523 1505 Ecclesiae
1557 1433 1728 1536 partem
1762 1445 1878 1532 quae
1898 1437 2006 1536 post

516 1541 792 1630 eversionem
827 1537 1056 1656 superfuit,
1085 1540 1302 1628 Ecclesiae
1334 1569 1496 1628 nomen
1521 1569 1570 1628 ac
1604 1539 1790 1627 formam
1823 1569 2005 1658 semper

515 1664 560 1752 in
593 1694 693 1751 casu
728 1663 973 1754 retinuisse.

643 1789 739 1874 lllox
774 1785 1108 1874 marchionissae
1157 1803 1464 1904 argumentum
1515 1785 1633 1872 inani
1668 1817 1718 1872 ac
1753 1785 1859 1872 lalso
1892 1818 1992 1904 sup-

515 1909 654 2028 posito
692 1909 892 1997 laborare
926 1909 1131 1997 ostendit.
1170 1911 1209 1997 ls
1243 1909 1361 1994 enim
1415 1909 1476 1996 rei
1527 1906 1744 2010 interitus,
1775 1927 1820 1994 ut
1845 1939 2002 1996 usum-

471 2115 474 2120 .
513 2033 704 2121 lroctum
741 2031 920 2148 periisse
946 2032 1129 2133 dicatur,
1168 2061 1261 2119 esse
1293 2031 1428 2118 dehet
1465 2031 1581 2119 unde
1615 2050 1658 2117 et
1690 2032 1856 2120 domiui
1882 2033 1998 2148 pari-

514 2173 582 2243 ter
615 2171 659 2242 et
693 2154 999 2243 usufructuarii
1034 2157 1127 2243 iura
1162 2153 1412 2242 deleantur:
1449 2154 1567 2272 quod
1592 2155 1720 2276 longe
1739 2153 1911 2253 abesto
1931 2186 2002 2244 rc-

514 2294 649 2368 trocto
682 2279 774 2366 sive
812 2311 836 2366 a
869 2279 1110 2367 necessaria
1145 2277 1400 2366 venditione
1435 2276 1638 2394 publicae
1673 2277 1871 2366 utilitatis
1893 2308 2005 2365 caur

515 2433 579 2490 sa.
615 2403 698 2490 Res
732 2401 851 2488 enim
887 2430 966 2518 per
1000 2418 1268 2489 contractum
1301 2399 1544 2505 dirimitur,
1581 2400 1653 2488 sed
1682 2401 1868 2518 pretium
1901 2401 2002 2487 sulv-

513 2541 691 2640 raptatur
747 2524 787 2610 iu
832 2538 954 2641 parte
989 2524 1133 2612 ablata
1167 2523 1245 2611 rei.
1283 2521 1559 2612 Ususlruetus
1594 2523 1726 2642 igitur
1767 2522 1885 2611 haud
1918 2553 2001 2640 pe-

515 2647 704 2750 rimitur,
741 2646 817 2734 sed
853 2647 947 2734 eius
980 2645 1223 2734 aestimatio
1245 2646 1286 2732 in
1312 2649 1451 2763 pretio
1472 2646 1734 2749 continetur,
1763 2647 1883 2732 iuxta
1908 2661 1994 2734 tra·

515 2769 607 2858 dita
641 2801 721 2889 per
753 2769 925 2858 civilem
959 2769 1240 2858 edictionem.
1275 2769 1408 2886 lappe
1428 2769 1533 2856 selle
1557 2769 1898 2887 esproprioziooi
1916 2799 1996 2882 per

514 2924 640 2980 causa
673 2891 866 2980 d'vtilitd
895 2891 1092 3008 pubdlt'ca
1109 2893 1169 2980 25
1187 2895 1352 3008 Glopoa
1377 2893 1499 2982 t865
1516 2925 1631 2982 nom.
1666 2894 1790 2982 2359
1808 2907 1893 2978 ort.
1914 2892 1995 3000 27,

513 3019 591 3121 52,
628 3017 690 3104 56
721 3045 838 3136 quae
873 3016 1192 3105 usufructuario
1224 3017 1315 3104 iura
1349 3017 1496 3104 omnia
1519 3032 1633 3104 sarta
1656 3031 1766 3105 tecta
1798 3043 1995 3132 praescr·

520 3157 610 3244 vat,
649 3158 780 3258 atque
814 3137 854 3226 ei
888 3169 975 3226 non
1010 3139 1143 3227 modo
1187 3139 1377 3230 actiones
1426 3138 1469 3226 in
1506 3169 1599 3226 rem
1635 3140 1689 3259 (si
1719 3169 1819 3258 pars
1856 3139 2001 3254 aliqua

512 3262 734 3382 supersit)
769 3261 844 3350 sed
894 3262 1028 3351 etiam
1079 3262 1123 3349 in
1173 3263 1361 3382 pretium
1412 3259 1591 3364 addicit,
1630 3261 1751 3383 quod
1793 3260 2001 3350 dominus

513 3383 697 3504 accepit
1832 3447 1836 3456 ,

637 3511 738 3598 lura
791 3507 931 3626 igitur
975 3539 1088 3626 quae
1144 3505 1325 3623 praedio
1380 3506 1620 3596 adhaerent
1677 3537 1762 3596 non
1809 3522 1998 3625 pereunt

514 3633 560 3720 in
595 3647 740 3722 coacta
776 3629 1026 3720 venditione
1058 3629 1115 3717 ad
1149 3629 1373 3746 publicam
1410 3631 1657 3734 utilitatem,
1695 3645 1824 3748 prout
1855 3627 1999 3716 civilia

468 3752 470 3758 ’
516 3754 753 3843 tribunalia
789 3752 1081 3854 tradiderunt,
1120 3752 1239 3842 iuxta
1274 3752 1579 3869 ephemerides
1610 3755 1672 3839 Lo
1704 3755 1836 3869 Lappa
1858 3781 2002 3866 reper-

517 3894 599 3965 tor.
637 3875 685 3962 di
719 3877 778 3962 lh
810 3879 913 3962 anni
947 3875 1159 3964 tuot-74
1193 3907 1280 3963 noc.
1320 3876 1680 3993 Esptoprioziooc
1712 3906 1822 3962 rrum.
1860 3876 1935 3963 39.

643 3997 769 4087 llisce
794 3997 959 4113 positis,
985 4028 1084 4085 cum
1113 3999 1169 4090 de
1187 3997 1303 4088 civili
1328 3999 1421 4086 iure
1459 3998 1542 4086 sibi
1565 3997 1867 4088 dimicandum
1891 3994 2002 4083 affir-

516 4135 623 4222 met,
656 4137 703 4209 ut
733 4121 1013 4209 adversariae
1048 4151 1213 4210 morem
1256 4137 1392 4238 gerat,
1416 4122 1590 4238 quaerit
1625 4121 1828 4210 Sodalitii
1850 4119 2000 4209 delen·

513 4275 587 4332 sor
608 4243 789 4361 quinam
812 4275 893 4361 pro
913 4243 1229 4333 usulructuario
1251 4242 1487 4332 eversionis
1508 4243 1690 4336 allectus
1711 4275 1801 4332 esse
1818 4243 1993 4332 debuis-

514 4381 595 4470 set,
615 4395 747 4484 qucm
771 4367 1043 4485 apertissimo
1065 4397 1289 4455 ocetrrrere
1322 4365 1396 4471 ait,
1423 4366 1729 4457 llarchionissa
1752 4366 1994 4454 enimcum

516 4491 561 4578 in
595 4488 790 4606 gerendo
827 4491 1004 4608 negotio
1035 4519 1187 4578 vocare
1219 4489 1444 4578 debuisset
1477 4505 1524 4578 ut
1558 4521 1612 4577 ex
1656 4491 1824 4607 integro
1858 4485 1999 4604 pretio

516 4641 645 4705 areae
678 4631 913 4729 occupatae
948 4645 997 4703 ac
1029 4613 1201 4703 deletae
1236 4612 1356 4704 aedis
1378 4641 1606 4700 versuram
1630 4611 1806 4714 laceret,
1833 4639 1884 4702 ao
1907 4609 2000 4696 lru-

515 4755 636 4826 ctum
671 4735 754 4823 sibi
783 4735 1258 4855 debitumpercipcret.
1296 4733 1426 4848 Quod
1464 4733 1722 4851 Yiraqvellii
1742 4732 2003 4823 auctoritate

516 4859 747 4949 conlirmat
790 4875 914 4948 tract.
953 4859 1003 4948 de
1046 4876 1220 4976 vtraqve
1265 4875 1449 4946 retractu
1481 4859 1548 4946 tit.
1585 4858 1695 4998 23.
1733 4857 1751 4944 l
1793 4857 1901 4975 ptos.
1941 4855 2001 4942 lb

514 5013 629 5070 actara.
666 4982 728 5070 29
760 4999 893 5101 atque
926 4983 1060 5100 ipsius
1110 4983 1260 5070 Tactus
1308 4980 1383 5103 qui
1433 4982 1476 5069 in
1523 4979 1777 5069 huiusmodi
1812 4977 2003 5096 negociis

513 5103 761 5198 vocandum
797 5105 1212 5196 usumlruotuarium
1246 5105 1425 5194 omnino
1448 5103 1648 5224 requirit.
1685 5103 1776 5190 L.
1759 5135 1882 5220 taqua
1877 5101 2003 5222 sutt-

515 5227 696 5351 dvmff.
735 5227 785 5318 de
817 5263 893 5317 ttstt
924 5247 964 5318 ct
995 5227 1133 5351 ususr.
1171 5225 1254 5345 lap.

637 5356 736 5442 Mox
770 5353 1106 5442 marchionissae
1146 5349 1467 5441 obiectionibus
1513 5347 1698 5438 occurrit
1730 5377 1847 5467 quae
1881 5345 1998 5437 dicet

512 5473 691 5565 sortasse
724 5473 971 5564 sodalitio
960 5505 1029 5564 rus
1074 5475 1119 5562 in
1165 5473 1362 5591 pretium
1394 5472 1579 5560 minime
1618 5471 1798 5561 veroin
1839 5470 1998 5560 aedem

517 5613 803 5717 competere,
839 5599 961 5688 iuxta
1006 5597 1114 5716 legis
1159 5593 1301 5686 civilis
1347 5593 1631 5718 praeceptum
1668 5632 1687 5676 ι
1720 5595 2006 5711 pronunciata
