4446 6330
614 313 699 406 Die
729 317 790 405 25
823 313 1020 402 Ianuarii
1053 307 1190 399 l879.
1584 298 1645 388 69

272 447 409 585 llaec,
466 459 600 560 atque
641 441 722 531 alia
772 437 904 530 insius
943 435 987 524 ln
1031 429 1364 572 allegationibus
1413 421 1644 514 circumle-

166 566 615 812 Lcrtpgpnpppppndent
648 567 732 653 EE.
758 565 864 666 Pe,
890 587 1077 680 quorum
1111 569 1354 672 sapreuuae
1387 543 1646 637 resolvenda

818 927 995 1016 DUBlA

284 1183 318 1266 Ι.
359 1175 432 1264 An
454 1193 604 1264 constet
621 1173 672 1262 dc
691 1173 827 1262 causis
842 1166 1222 1258 dismembratioais
1236 1159 1455 1282 paroeciae
1467 1161 1513 1246 in
1527 1189 1641 1246 casa.

415 1425 465 1509 Et
497 1437 711 1541 quatenus
744 1387 1026 1506 affirmative

289 1649 342 1733 ll.
382 1649 453 1732 An
471 1644 733 1734 annuendum
748 1646 804 1733 sit
823 1643 1014 1760 precibus
1036 1644 1212 1732 Petrum
1226 1644 1648 1762 Aupctstiaiaaorunt

177 1769 223 1858 dc
257 1801 363 1858 noca
401 1771 601 1885 paroecia
635 1766 783 1855 iisdem
816 1765 1072 1855 concedenda
1105 1769 1150 1852 ia
1180 1799 1290 1855 casu.

293 2103 361 2190 Ad
394 2105 429 2188 l.
465 2099 733 2190 Affirmative
767 2119 810 2187 ct
844 2098 1045 2216 amplius,

296 2226 365 2314 Ad
398 2225 453 2312 ll.
489 2225 697 2344 Negative
730 2241 771 2312 et
805 2219 1009 2342 amplius.

299 2649 593 2850 Flanona
630 2759 1128 2852 ntsntussttrlottttu.
1163 2801 1194 2834 =
1226 2761 1410 2876 Insignis
1443 2760 1658 2879 Collegia·⁴
1693 2761 1803 2852 seo.
1822 2763 1883 2852 24
1904 2793 1997 2882 cap.
2024 2761 2085 2850 12

177 2905 215 2973 ta
247 2879 438 2972 Ecclesia
475 2883 558 2970 sub
597 2882 720 2970 titulo
759 2883 806 2972 S.
844 2880 1166 2970 bartholomaei
1203 2883 1401 3000 Apostoli
1451 2882 1495 2970 in
1545 2899 1659 2972 terra
1694 2885 1915 3007 dcllcsor.

178 3006 412 3096 llurivallis
456 3005 798 3098 Archidioecesis
837 3003 1064 3092 Firmanae
1115 3035 1140 3092 a
1186 3006 1308 3096 Sixto
1347 3009 1399 3094 V.
1444 3005 1517 3093 tet.
1567 3035 1656 3095 rec.

179 3161 293 3220 anno
339 3127 462 3216 t586
505 3143 647 3218 erecta
690 3127 842 3228 venit,
889 3127 1228 3246 Capitulumque
1272 3128 1558 3216 constitutum
1607 3146 1660 3218 ex

180 3271 272 3343 octo
305 3250 549 3352 CanoniciS,
587 3283 695 3370 quos
729 3251 840 3338 inter
872 3267 1123 3338 recensetur
1159 3251 1389 3354 ParocbuS,
1434 3251 1503 3339 cui
1538 3283 1661 3340 exer·

183 3376 332 3466 citium
371 3373 538 3461 actuale
570 3375 815 3462 animarum
848 3371 1165 3460 demandatum
1204 3391 1268 3460 est
1300 3391 1553 3463 remanente
1585 3375 1661 3465 ha-

182 3497 332 3586 bituali
384 3525 519 3611 penes
569 3497 858 3616 Capitulum,
899 3493 1041 3582 tribus
1099 3497 1395 3585 Mansionariis
1451 3497 1664 3586 totidem-

184 3653 266 3744 que
300 3618 478 3708 Clericis
500 3619 788 3708 beneficiatis.
837 3619 978 3729 «Qui
1012 3647 1165 3707 omnes
1219 3618 1353 3738 (sunt
1386 3621 1520 3707 verba
1552 3622 1665 3709 Bul·
1818 3731 1821 3738 1

190 3785 206 3824 ι
244 3742 347 3862 lae)
372 3741 497 3828 Horis
528 3744 756 3832 Canonicis
789 3740 957 3829 diurnis
990 3741 1157 3856 pariter
1189 3757 1233 3831 et
1265 3741 1503 3844 nocturnis,
1542 3743 1665 3831 aliis-

193 3897 331 3984 ·que
380 3863 539 3952 divinis
595 3863 740 3954 officiis
791 3865 834 3950 in
889 3863 1007 3952 dicta
1049 3865 1286 3984 Collegiata
1335 3865 1521 3953 Ecclesia
1577 3865 1663 3954 de-

190 4029 206 4066 «
246 4006 344 4075 vote
378 4003 629 4074 asservata
664 3986 894 4104 disciplina
926 3986 1212 4075 ecclesiastica
1247 3989 1472 4090 interesse,
1501 4019 1550 4076 ac
1581 3988 1664 4076 ini·

193 4153 208 4189 ·
245 4112 291 4198 bi
323 4108 576 4198 continuam
611 4141 659 4198 ac
694 4108 967 4227 personalem
1003 4111 1282 4200 residentiam
1318 4111 1458 4198 lacere
1492 4127 1667 4198 tenean-

193 4275 210 4314 ι
249 4250 318 4322 tar
354 4299 364 4319 .
407 4299 417 4320 .
454 4271 469 4318 ·.
510 4299 520 4320 .
560 4233 769 4351 liceatque
802 4231 1056 4348 Praeposito
1089 4263 1137 4321 ac
1180 4233 1358 4322 cuilibet
1390 4265 1445 4320 ex
1477 4235 1663 4322 Canoni-

198 4397 213 4434 ‹
251 4357 395 4444 cisae
431 4353 705 4444 Beneficiatis
739 4355 972 4473 praedictis
1011 4385 1092 4472 per
1122 4357 1332 4445 bimestre
1365 4355 1562 4474 quolibet
1596 4383 1670 4442 an⁶

199 4520 215 4556 ι
251 4509 308 4566 no
342 4509 366 4566 a
404 4478 521 4566 dicta
554 4479 790 4598 Collegiata
824 4477 1010 4566 Ecclesia
1043 4481 1258 4566 coutinuis
1291 4479 1362 4566 vel
1397 4475 1669 4594 interpolatis

98 4598 102 4607 “
202 4643 217 4679 ι
254 4601 412 4689 diebus
444 4603 597 4690 abesse
631 4602 721 4690 sine
746 4601 924 4690 alicuius
956 4600 1242 4719 praeiudicio.
1276 4641 1291 4676 ι
1321 4604 1523 4718 Loquens
1563 4599 1669 4688 dein

192 4725 389 4814 recitatus
436 4725 635 4816 Pontifex
683 4725 740 4814 de
788 4723 1186 4828 distributionibus,
1225 4753 1340 4842 quae
1374 4723 1431 4810 ab
1479 4722 1670 4809 absenti·

192 4848 273 4937 bus
304 4847 576 4950 amittuntur,
607 4847 765 4966 pergit.
793 4887 809 4928 ι
834 4847 1110 4949 Absentiam,
1131 4862 1174 4935 et
1208 4877 1291 4934 non
1317 4844 1684 4934 interesseutium'

202 5011 218 5048 ι
255 4969 381 5060 dictis
412 4973 540 5058 Horis
574 4991 617 5060 ct
651 4969 809 5060 Officiis
843 4971 1108 5088 partionem,
1144 4969 1431 5060 servientium
1466 4983 1510 5058 ct
1541 4968 1673 5057 inter·

204 5133 219 5172 ι
256 5093 526 5182 venientium
562 5095 750 5212 portioni
784 5125 865 5212 pro
898 5125 984 5182 una
1018 5109 1061 5180 et
1094 5094 1227 5182 altera
1261 5089 1574 5180 medietatibus
1596 5094 1671 5184 Sa·

204 5257 219 5294 ι
254 5217 423 5308 cristine
456 5218 596 5308 dictae
629 5219 891 5336 Collcgiatae
924 5215 1137 5305 Ecclesiae
1160 5214 1446 5332 assignamus
1479 5257 1494 5291 ο
1534 5219 1674 5303 Aucto

204 5354 380 5428 atvero
413 5341 653 5428 incolarum
688 5371 877 5430 numero
919 5339 1029 5426 alter
1068 5337 1353 5427 Canonicatus
1396 5352 1562 5426 erectus
1594 5337 1675 5428 luit
1810 5349 1816 5360 “

207 5491 315 5553 anno
349 5465 487 5568 4726,
523 5481 566 5552 et
599 5465 697 5553 huic
730 5459 1046 5554 Viae-Parocbi
1079 5459 1298 5551 adiectum
1331 5459 1535 5550 officium.
