4516 6318
568 373 658 462 llll
1043 367 1125 456 Die
1157 369 1216 457 13
1252 367 1402 457 Martii
1436 369 1574 458 t87tt.

559 525 616 587 ne
651 493 801 584 lideles
831 492 1158 580 communicare
1193 493 1236 578 in
1260 493 1391 582 sacris
1417 492 1675 582 viderentur
1696 523 1793 580 enm
1813 490 2079 598 haeretico,¹

563 637 638 710 aut
671 613 993 736 superstitionis
1025 615 1210 704 crimine
1232 615 1637 735 coinquinarentur,
1668 617 1726 704 ita
1749 633 1875 704 certo
1899 617 2062 705 certius

565 737 894 832 matrimonium
930 739 1057 826 civile
1091 737 1403 856 prohibuisset,
1441 770 1490 827 ac
1524 737 1721 829 illicitum
1761 739 2085 846 declarasset,⁸¹

564 865 733 986 quotics
765 893 820 952 ex
853 862 1080 978 agentium
1117 863 1358 950 intentione
1394 864 1438 950 in
1472 863 1799 952 matrimonium
1822 861 2063 952 clandesti-

566 1019 671 1078 num
723 985 923 1076 converti
974 1003 1146 1102 posset,
1185 1017 1235 1073 ac
1282 985 1435 1074 saitem
1486 1003 1664 1104 agentes
1709 987 1821 1102 ipsos
1870 984 2060 1076 indubie

566 1110 933 1232 praemonuisset,
978 1139 1032 1196 ne
1081 1138 1181 1196 cum
1217 1109 1459 1226 perniciosa
1505 1109 1754 1198 huiusmodi
1809 1107 2063 1202 intentione

566 1253 712 1326 actum
739 1231 913 1320 civilem
938 1231 1183 1351 explerent,
1211 1250 1338 1348 prout
1361 1263 1435 1322 eos
1469 1233 1639 1324 moneri
1664 1233 1815 1336 voluit,
1843 1249 2067 1352 quatenus

564 1356 808 1448 haereticus
841 1355 1058 1443 assisteret
1089 1355 1389 1445 caeremoniae
1431 1373 1653 1476 tamquam
1689 1357 1892 1446 minister
1924 1387 2063 1444 sacer.

564 1483 716 1601 Neque
752 1479 896 1568 minus
918 1497 1166 1596 opportuno
1201 1479 1407 1570 monendi
1444 1479 1626 1568 luissent
1658 1479 1853 1600 parochi,
1884 1495 1935 1568 ut
1970 1477 2067 1567 dili·

565 1619 721 1724 genter
755 1603 1092 1720 interrogarent,
1116 1602 1370 1719 praesertim
1406 1635 1479 1692 eos
1502 1603 1578 1724 qui
1601 1622 1699 1722 post
1730 1605 2064 1693 caeremoniam

540 1728 739 1826 ,civilem
773 1727 1040 1816 celebratam
1065 1758 1115 1814 ae
1139 1725 1352 1814 nclurium
1387 1727 1730 1814 concubinatum
1756 1726 1812 1815 ad
1836 1726 2068 1814 matrimo-

567 1850 627 1940 nii
663 1849 883 1940 clnistiani
909 1849 1252 1937 celebrationem
1278 1851 1551 1954 accederent,
1575 1881 1629 1938 an
1662 1851 1824 1940 scilicet
1859 1850 1904 1936 in
1943 1878 2069 1967 pera·

565 1973 709 2094 gendo
742 1988 839 2063 actu
872 1972 987 2060 civili
1022 2001 1178 2062 verum
1213 1973 1544 2061 matrimonium
1577 1971 1788 2090 perficere
1821 1971 2063 2078 voluerint,

564 2097 621 2188 ad
654 2097 736 2186 lroe
770 2113 815 2183 ut
850 2095 895 2182 in
918 2125 1019 2184 casu
1048 2093 1305 2184 affirmativo
1330 2096 1441 2184 ratio
1464 2095 1615 2186 lrubcri
1639 2115 1779 2215 possut
1816 2097 1873 2186 de
1913 2096 2069 2214 poenis

564 2237 714 2310 eontra
748 2217 1017 2308 clandestina
1041 2219 1323 2308 matrimonia
1355 2221 1575 2338 irrogatis,
1596 2251 1727 2339 quae,
1749 2251 1828 2310 ceu
1861 2221 2067 2338 superius

565 2341 675 2448 dixi,
703 2343 918 2463 usquead
943 2341 1439 2432 excommunicationem
1466 2360 1691 2460 porrectae
1716 2343 1854 2433 luere.
1884 2347 1957 2430 Do
1990 2343 2067 2429 hac

566 2483 713 2556 tamen
749 2465 992 2555 monitione
1024 2465 1383 2556 autadlribenda
1418 2465 1645 2584 diligentia
1692 2467 1859 2556 nullum
1907 2466 1951 2554 io
2004 2480 2063 2551 tot

565 2589 863 2680 ecclesiasticis
896 2589 1173 2678 documentis
1204 2590 1432 2708 vestigium
1467 2591 1671 2680 occurrit.

690 2713 808 2826 Quin
843 2711 1104 2816 obiiciatur,
1145 2745 1171 2800 a
1217 2713 1264 2803 S.
1301 2712 1642 2802 Poenitentiaria
1686 2713 1846 2803 diserte
1881 2729 2066 2802 uantum

565 2837 730 2938 luisse,
767 2867 824 2924 ne
857 2834 1012 2926 fideles
1042 2837 1331 2925 intentionem
1381 2835 1580 2926 foverent
1615 2835 1871 2954 perficiendi
1909 2865 2065 2925 verum

566 2959 917 3061 matrimonium,
956 2958 1061 3048 dnm
1097 2987 1252 3049 eurum
1287 2960 1575 3050 intentionem
1612 2961 1671 3048 ita
1705 2959 1917 3050 cohibuit.
1958 3003 1991 3036 =
2020 2956 2068 3047 Si

568 3085 740 3170 reuulsa
787 3099 1022 3200 opportuno
1070 3083 1122 3172 ed
1167 3083 1429 3201 espedt'cute.
1472 3083 1545 3172 eloe
1590 3085 1606 3172 i
1649 3082 1861 3171 medroimi
1906 3081 2059 3202 fedeli,

567 3203 681 3322 dopo
713 3237 811 3294 orer
844 3223 1051 3296 ceretrotto
1088 3207 1292 3324 lepittirno
1326 3207 1595 3296 matrimonio
1628 3209 1775 3294 annoti
1809 3207 1853 3294 ln
1883 3206 2056 3305 Glu'ean.

566 3330 605 3414 ri
636 3332 876 3446 presentiae
909 3363 936 3417 a
966 3331 1172 3448 complere
1206 3330 1327 3420 l'ntlo
1359 3334 1538 3447 imposte
1570 3327 1693 3418 datto
1726 3331 1858 3448 lappe,
1884 3363 1961 3418 eon
2000 3331 2058 3416 in·

568 3454 759 3540 teuzione
785 3455 891 3570 perd
926 3449 1057 3570 (cente
1088 3456 1258 3571 itnrpnu
1291 3454 1511 3543 Benedetto
1546 3451 1678 3544 XIV.
1713 3453 1783 3542 trel
1816 3455 1948 3540 Breue
1992 3451 2061 3540 dri

570 3577 645 3664 17.
697 3577 799 3666 sen.
842 3577 981 3668 tttb.
1038 3577 1245 3668 Redditue
1282 3597 1378 3668 arent
1425 3577 1573 3699 Nubis)
1620 3575 1693 3665 rte
1740 3575 2062 3694 presentandou'

568 3697 837 3825 ull'ufficinle
865 3701 936 3790 det
965 3733 1147 3819 ponerno
1179 3728 1260 3790 nou
1291 3701 1422 3824 senno
1455 3702 1586 3800 ultro,
1612 3699 1683 3789 elue
1716 3729 1803 3790 nun
1830 3699 2067 3788 carentonio

566 3842 816 3912 meromonte
848 3826 990 3913 civile.
1017 3864 1048 3902 ε
1080 3828 1192 3916 Cum
1228 3827 1350 3915 enirn
1385 3825 1583 3914 relucens
1606 3824 1794 3943 intelligi
1815 3823 1979 3913 debent
2001 3853 2065 3912 se·

567 3943 762 4036 eundum
800 3949 1008 4038 terminus
1043 3948 1186 4051 relati,
1211 3977 1292 4037 neu
1325 3951 1463 4067 magis
1497 3949 1762 4066 probureae
1789 3947 1965 4065 operari
1993 3977 2064 4034 ru·

566 4067 656 4155 leat
686 4099 817 4188 quem
853 4073 1060 4176 relatum,
1098 4075 1209 4162 lluta
1245 4075 1346 4161 Der.
1374 4074 1467 4162 686
1496 4103 1541 4160 n.
1572 4067 1635 4159 16Ι
1644 4086 1765 4188 pert.
1802 4073 1848 4160 4.
1887 4087 1985 4157 tom.
2013 4073 2057 4160 3.

567 4187 657 4278 dee.
693 4193 769 4280 35.
808 4223 850 4281 n.
887 4197 933 4284 9.
957 4213 1075 4312 pert.
1104 4198 1180 4286 l3.
1206 4225 1290 4284 ree.
1317 4197 1455 4286 verbo
1488 4196 1787 4314 ptrneallegata
1822 4223 1909 4281 oon
1935 4193 2062 4283 ulitur

566 4313 854 4434 intelligenda
889 4319 1113 4425 ridentur,
1146 4349 1280 4439 quom
1314 4321 1426 4409 lerat
1458 4317 1746 4408 benedictina
1780 4315 2058 4408 tonsurare.

566 4435 768 4529 bmtvero
812 4441 860 4529 'nt
890 4442 969 4532 boc
1010 4444 1335 4535 Constitutione
1368 4442 1428 4530 ita
1467 4441 1647 4559 legitor.
1681 4485 1712 4518 π
1747 4439 1892 4530 Sciant
1925 4442 2063 4559 itaque

568 4559 869 4654 eotltrlioi......
907 4597 1006 4654 erma
1030 4567 1152 4655 cirili
1183 4567 1456 4684 mepistr’etni
1486 4583 1560 4653 att
1591 4564 1806 4654 haeretico
1832 4563 2063 4652 ministelle

567 4687 834 4775 mumionii
854 4689 1098 4778 relabendi
1126 4715 1257 4779 cotue»
1282 4721 1323 4778 se
1354 4691 1523 4787 aincurt,
1542 4707 1676 4778 actm
1700 4707 1742 4776 ee
1761 4705 1876 4774 uteru
1893 4687 2064 4775 er'nilont

565 4835 770 4900 meere.
795 4857 826 4888 =
849 4813 986 4902 llliud
1019 4845 1151 4934 porro
1185 4832 1265 4918 nt,
1291 4811 1413 4934 qnod
1445 4811 1648 4902 metallini
1679 4809 1933 4904 mentiar
1953 4810 2066 4901 scire

568 4931 782 5039 debeant,
803 4964 857 5024 se
883 4951 988 5026 tune
1018 4955 1164 5026 notum
1191 4965 1310 5026 mere
1342 4936 1519 5028 uirilem
1539 4965 1763 5040 exeruere,
1789 4933 2065 5024 nultoeattrr

565 5059 758 5148 contenti
792 5075 919 5180 turpe
963 5059 1301 5151 contubernium
1352 5061 1533 5164 ineant,
1571 5076 1703 5178 prout
1735 5087 1760 5148 a
1793 5055 2063 5179 quibusdam

564 5175 704 5268 flebat
734 5181 781 5270 in
813 5183 1057 5276 lacunato·
1090 5185 1383 5302 regionibus}
1414 5201 1466 5272 et·
1495 5183 1649 5288 aliud,
1691 5183 1820 5301 qnod
1861 5180 2058 5272 mdrolici

565 5325 727 5392 canere
760 5306 993 5412 dolonem,
1030 5325 1085 5398 ut
1113 5309 1292 5398 nni'eann
1326 5307 1508 5397 lorcam
1548 5306 1869 5410 lotentiam,
1909 5317 2059 5394 amen

569 5445 698 5514 nere
726 5428 908 5520 ciuilem
934 5431 1190 5522 coercendi.
1224 5432 1422 5521 trinua
1464 5429 1639 5552 ”optuit
1673 5431 1898 5550 agentium
1933 5429 2064 5518 intel·

566 5543 749 5657 Ιαίυω,
771 5555 1022 5644 smndrm
1047 5553 1230 5673 respici
1249 5555 1537 5644 mrem.
1562 5553 1695 5669 Quod
1725 5577 1779 5643 eu
1813 5552 1958 5674 mgis
1985 5558 2059 5674 p&
