4530 6336
743 313 825 401 Diu
851 313 917 402 26
948 311 1053 400 Iulii
1085 313 1223 403 4879.
1641 315 1734 404 :tao

244 467 318 530 res
349 437 394 524 in
426 436 584 526 eadem
617 434 854 539 insistant,
898 453 1141 553 utcumque
1181 436 1239 524 ab
1261 433 1385 524 initio
1419 436 1711 544 nunciasseut3

246 589 389 680 quum
410 559 465 647 sit
484 559 526 648 in
546 559 639 646 iure
660 559 940 674 exploratum
958 558 1077 677 quod
1090 557 1307 674 sponsalia
1320 587 1407 646 non
1422 557 1598 648 irritant
1636 589 1726 650 ma·

249 680 523 772 trimonium.
547 681 803 768 Aliamlrinc
820 711 995 768 eausam
1014 678 1465 784 relutanscontcndit,
1490 711 1577 770 non
1601 683 1724 770 anti-

233 805 446 924 ,patbiam
465 803 542 892 sed
560 803 851 920 sympathiam
873 805 1039 890 al‘etro
1062 801 1193 888 luisse
1206 801 1466 918 patefactam
1498 804 1605 892 dum
1639 805 1731 922 pri·

250 957 324 1018 ma
342 927 435 1014 vice
455 927 645 1041 puellam
666 925 812 1012 invisit
829 924 872 1012 in
891 926 1233 1040 Rothomagensi
1251 925 1427 1013 civitate
1453 957 1552 1014 curn
1573 942 1733 1044 patruo

250 1049 409 1138 Abale.
444 1048 642 1164 Deponit
678 1047 798 1136 enim
843 1047 935 1162 ipse
973 1047 1090 1136 Abel
1133 1087 1150 1124 ι
1188 1048 1248 1165 gli
1297 1047 1524 1138 domando
1556 1050 1625 1136 nel
1664 1048 1733 1138 di-

257 1211 273 1250 ·
315 1171 528 1260 scandere
559 1171 599 1258 le
631 1172 747 1258 scale
770 1221 800 1238 -
830 1171 1007 1258 ebbene
1028 1197 1152 1256 come
1175 1169 1213 1257 la
1238 1172 1348 1257 trovi
1386 1172 1401 1290 (
1437 1169 1466 1257 il
1489 1169 1568 1288 sig.
1594 1169 1741 1258 Abele

147 1375 153 1382 .
255 1331 273 1376 r
313 1294 374 1411 gli
422 1291 673 1382 dichiarare
700 1291 746 1380 di
780 1293 968 1380 trovarla
1001 1292 1110 1380 assai
1144 1291 1298 1411 male);
1335 1292 1366 1379 il
1397 1323 1473 1380 suo
1504 1295 1655 1409 nipote
1677 1291 1738 1378 ri-

255 1455 272 1492 «
313 1445 458 1534 spose:
494 1469 523 1486 -
555 1419 658 1502 Essa
690 1415 745 1502 ha
781 1446 867 1504 una
898 1413 1036 1531 figura
1079 1414 1307 1532 simpatica
1337 1457 1382 1519 -,
1420 1445 1445 1504 e
1478 1415 1517 1501 la
1550 1443 1742 1501 conver·-

255 1575 274 1618 ι
314 1539 489 1626 sanione
521 1537 566 1655 si¹
590 1535 757 1626 arrestri
790 1537 829 1626 li
858 1579 897 1620 ι.
934 1541 1070 1628 Mater
1103 1556 1248 1624 autem
1282 1536 1401 1625 Petri
1426 1536 1610 1626 loustum
1634 1565 1739 1626 nrox

251 1661 458 1747 nuntium
493 1691 572 1748 suo
605 1678 647 1749 et
682 1659 758 1746 filii
792 1659 972 1750 nomine
1003 1659 1125 1748 dedit
1175 1659 1464 1748 consobrinae
1496 1689 1599 1748 suae
1633 1663 1739 1746 lllar·

250 1780 496 1870 clrionissae
530 1783 588 1872 de
625 1786 881 1870 lllortemart
918 1821 935 1860 ι
976 1781 1194 1870 lasciaudo
1228 1781 1258 1869 il
1292 1781 1420 1899 luogo
1451 1781 1567 1870 della
1597 1781 1740 1898 prima

255 1943 273 1984 ι
313 1904 665 2007 conversacione,
701 1905 848 1993 Pietro
882 1904 941 1991 lra
969 1905 1094 1994 detto
1126 1935 1151 1992 a
1180 1935 1258 1992 suo
1280 1905 1347 1991 aio
1381 1903 1425 1991 di
1453 1903 1676 1991 Bosmelct
1706 1945 1738 1970 ··

263 2067 278 2106 ι
317 2029 394 2114 Ζῑο
434 2057 527 2114 essa
560 2031 622 2116 mi
655 2027 681 2116 ὁ
714 2027 939 2142 simpatica
977 2093 988 2114 .
1030 2089 1041 2112 .
1077 2091 1087 2112 .
1125 2025 1206 2114 Nol
1244 2027 1287 2112 vi
1327 2025 1549 2126 lacciamo,
1591 2026 1740 2113 Pietro

260 2189 277 2227 ι
316 2149 410 2238 ciue
443 2146 500 2236 ed
534 2148 579 2236 io
612 2152 653 2238 la
686 2148 940 2238 confidenza
974 2147 1089 2237 della
1124 2165 1270 2235 nostra
1304 2149 1456 2236 bunna
1487 2163 1670 2235 ventura
1695 2187 1735 2233 ι.

381 2273 471 2360 Nee
502 2271 621 2360 aliud
660 2271 801 2361 lerme
825 2271 1056 2360 deducitur
1088 2300 1142 2357 ex
1177 2271 1344 2359 ratione
1376 2289 1420 2358 et
1451 2270 1613 2372 modo,
1651 2298 1740 2385 quo

253 2409 354 2482 ante
408 2395 584 2510 nuptias
636 2411 681 2483 et
727 2395 774 2482 in
821 2393 1117 2487 celebratione
1148 2393 1417 2480 matrimonii
1450 2421 1543 2480 sese
1576 2395 1733 2478 Petrus

252 2515 401 2635 gessit.
438 2517 495 2602 Ut
528 2547 625 2604 eam
660 2517 779 2604 enim
814 2517 857 2603 in
891 2514 1061 2604 balneis
1093 2515 1238 2604 Selius
1272 2515 1479 2603 inviseret
1512 2514 1595 2601 iter
1627 2510 1737 2598 arri·

254 2637 351 2756 puit
386 2639 835 2742 annuntiatorum
870 2637 1051 2726 contulit
1087 2637 1268 2727 donaria
1297 2637 1524 2752 nuptialia,
1554 2650 1598 2722 et
1628 2633 1737 2723 laila-
1807 2697 1809 2700 -

253 2789 347 2847 rem
394 2791 445 2846 ac
492 2760 761 2850 satisfactum
813 2761 1019 2850 omnibus
1066 2787 1158 2846 sese
1200 2758 1415 2848 exhibuit.
1458 2763 1637 2846 Praetor
1669 2755 1739 2844 tua

254 2881 377 2982 liam,
415 2913 530 3000 quoe
562 2883 714 2971 asserit
752 2923 768 2962 ι
810 2882 901 2998 apli
927 2881 1043 2970 occlti
1075 2879 1123 2970 di
1156 2881 1255 2968 tutti
1295 2879 1380 2998 apli
1412 2881 1625 2968 sembrouo
1644 2877 1740 2998 sor·-

252 3005 512 3091 tuuatissimo
545 3003 594 3090 di
630 3005 726 3124 sore
769 3024 908 3122 questo
946 3004 1217 3090 matrimonio
1253 3043 1293 3107 a,
1331 3003 1552 3092 Paroelros
1585 3017 1630 3089 et
1664 3017 1737 3088 te-

252 3142 339 3214 stes
370 3129 703 3214 sacramentales
726 3127 918 3244 idipsum
948 3123 1181 3214 affirmant.
1209 3127 1425 3216 Parachus
1447 3129 1585 3213 llome
1620 3121 1730 3210 adii·

250 3247 309 3336 cit
346 3287 362 3325 ι
403 3249 432 3334 il
466 3279 543 3336 suo
575 3252 609 3335 sl
639 3250 666 3338 ὲ
698 3265 812 3340 stato
842 3249 1129 3368 prommziato
1172 3249 1447 3336 serrz’aleuna
1494 3245 1730 3335 esitazione

260 3407 280 3448 ο
316 3401 341 3457 e
374 3372 646 3459 senz'ornbra
682 3372 727 3460 di
760 3401 1051 3490 repuguauza,
1078 3370 1123 3458 di
1157 3399 1217 3456 un
1250 3385 1355 3460 tono
1385 3371 1494 3458 assai
1531 3363 1652 3458 netto
1677 3365 1735 3454 ed

262 3531 278 3570 σ
319 3492 429 3580 assai
461 3493 549 3581 alto
594 3529 633 3598 »3
671 3495 759 3582 imo
799 3509 977 3582 enarrat
997 3493 1085 3582 sibi
1118 3491 1322 3598 relatum,
1358 3490 1479 3610 quod
1518 3488 1643 3578 alteri
1677 3517 1736 3574 en

255 3613 343 3701 sais
376 3615 526 3703 amieis
547 3618 778 3732 scripserat
800 3620 954 3704 l’etrus
981 3653 1000 3694 r
1027 3613 1307 3729 colleprotoui
1338 3643 1487 3714 rreco,·
1532 3613 1577 3699 io
1611 3637 1735 3724 sposo

251 3767 335 3822 aaa
366 3737 480 3823 ricco
517 3737 746 3826 ercdr'ticro
773 3779 813 3825 ι.
840 3737 1092 3826 Amedaeus
1124 3737 1181 3824 de
1204 3736 1244 3823 la
1267 3736 1501 3826 Rousserie
1522 3733 1646 3822 testis
1666 3761 1738 3819 sa-

251 3859 480 3960 cramenti,
518 3861 680 3976 pluries
714 3858 896 3948 affirmat
933 3900 952 3938 ι
992 3859 1132 3975 ilaip.
1172 3859 1321 3946 Pietro
1347 3860 1410 3946 mi
1440 3887 1599 3974 parona
1639 3851 1739 3940 sod-

254 3977 432 4100 dissultu
471 3980 521 4068 cli
555 4013 636 4070 urso
666 3985 817 4070 saniona
848 3983 979 4070 molto
1007 3982 1283 4098 uoatoppioso
1312 4011 1396 4099 por
1430 3981 1493 4067 lui
1552 4017 1594 4065 ι.
1619 3977 1739 4062 llan-

251 4101 371 4190 ricus
411 4104 604 4215 Quasncl
641 4105 752 4195 alter
790 4106 909 4192 testis
937 4107 1182 4192 avuncolus
1205 4103 1339 4194 luliao
1373 4145 1394 4183 ι
1435 4103 1477 4189 io
1504 4129 1619 4190 sono·
1644 4099 1736 4186 ben

260 4263 280 4302 ι
315 4227 537 4333 couvinto,
565 4227 645 4316 che
678 4257 772 4314 esso
803 4258 892 4314 non
924 4227 950 4314 ὸ
981 4241 1094 4316 stato
1126 4258 1185 4313 ou
1218 4225 1503 4313 matrimonio
1537 4221 1732 4323 larzato;

260 4385 276 4422 ·
314 4347 454 4435 eche
482 4378 528 4436 se
563 4349 590 4435 il
625 4350 773 4463 signor
804 4352 948 4436 Pietro
984 4349 1039 4437 lm
1062 4363 1277 4438 eontratto
1312 4362 1467 4468 questa
1507 4340 1735 4440 solonae

258 4507 277 4544 ·
313 4471 621 4587 stato,perclre
651 4473 772 4588 dopo
808 4500 913 4560 aver
947 4486 1060 4560 tutto
1093 4487 1260 4589 pesato,
1297 4469 1384 4588 egli
1417 4469 1474 4555 ha
1518 4463 1740 4582 giudicatu

258 4627 277 4669 r
311 4589 500 4680 dovor-lo
530 4593 677 4681 lare..
1462 4654 1465 4662 .

272 4769 298 4791 ι.
378 4713 508 4802 llisce
545 4715 714 4804 accedit
742 4715 956 4807 conlassio
978 4713 1098 4806 Pctri
1123 4713 1282 4832 ipsios,
1311 4711 1388 4834 qui
1411 4705 1596 4829 deponit
1617 4701 1739 4824 quod

121 4843 124 4848 ’
258 4874 279 4914 ι
306 4834 358 4922 ,in
392 4865 600 4950 presumo
629 4839 747 4928 della
794 4839 961 4926 tenuitlr
1007 4835 1122 4927 della
1172 4838 1263 4925 mia
1298 4835 1503 4937 lectuna,
1542 4827 1614 4916 de'
1630 4824 1736 4915 miei

263 4995 279 5034 ι
320 4957 411 5074 pesi
445 4957 582 5046 molto
623 4961 760 5077 gravi,
805 4958 850 5047 di
888 4959 1073 5076 qualche
1104 4959 1258 5046 debito
1294 4971 1523 5056 contorto,
1560 4947 1742 5040 adello

263 5117 302 5157 ο.
319 5081 591 5198 prospettira
622 5083 704 5170 che
726 5081 815 5170 mia
853 5080 922 5167 aia
943 5079 1003 5167 mi
1037 5080 1185 5170 lacera
1220 5097 1402 5184 temero,
1430 5078 1473 5165 io
1495 5102 1586 5162 non
1607 5099 1737 5190 passo

265 5240 287 5276 ι
320 5197 437 5304 dire,
456 5200 595 5291 chela
614 5203 833 5291 rioclrozzo
846 5199 964 5290 olclls
983 5201 1127 5290 donae
1150 5201 1222 5290 alre
1253 5203 1313 5289 mi
1334 5203 1373 5290 si
1399 5225 1645 5318 properato
1662 5193 1736 5279 sio

255 5359 279 5400 ιι
311 5339 423 5412 mata
442 5350 567 5412 unm
586 5325 800 5447 inflammo
825 5357 954 5443 sopra
972 5324 1022 5414 di
1047 5355 1116 5411 me·
1135 5363 1174 5412 ι.
1200 5327 1264 5412 Ex
1286 5325 1369 5412 lrac
1382 5323 1482 5441 ipsa
1499 5315 1735 5407 conrado

259 5473 318 5533 ne
348 5446 500 5568 priano
528 5447 791 5553 deducitur,
832 5448 954 5569 quod
996 5447 1310 5568 contemplatio
1351 5443 1616 5654 divitiarup}
1653 5435 1743 5527 luit
