<?xml version="1.0" encoding="UTF-8"?>
<!DOCTYPE html PUBLIC "-//W3C//DTD XHTML 1.0 Transitional//EN"
    "http://www.w3.org/TR/xhtml1/DTD/xhtml1-transitional.dtd">
<html xmlns="http://www.w3.org/1999/xhtml" xml:lang="en" lang="en">
 <head>
  <title>
</title>
<meta http-equiv="Content-Type" content="text/html;charset=utf-8" />
  <meta name='ocr-system' content='tesseract 3.04.00' />
  <meta name='ocr-capabilities' content='ocr_page ocr_carea ocr_par ocr_line ocrx_word'/>
</head>
<body>
  <div class='ocr_page' id='page_1' title='image "./thesaurusresolu00churgoog_0540.png"; bbox 0 0 4350 6326; ppageno 0'>
   <div class='ocr_carea' id='block_1_1' title="bbox 54 348 1782 5636">
    <p class='ocr_par' dir='ltr' id='par_1_1' title="bbox 54 348 1782 5636">
     <span class='ocr_line' id='line_1_1' title="bbox 655 348 1711 444; baseline 0.008 -10"><span class='ocrx_word' id='word_1_1' title='bbox 655 351 735 436; x_wconf 86' lang='lat' dir='ltr'>Dic</span> <span class='ocrx_word' id='word_1_2' title='bbox 764 349 826 438; x_wconf 84' lang='lat'>20</span> <span class='ocrx_word' id='word_1_3' title='bbox 862 348 1095 436; x_wconf 78' lang='lat' dir='ltr'><strong><em>Decembris</em></strong></span> <span class='ocrx_word' id='word_1_4' title='bbox 1130 349 1268 438; x_wconf 82' lang='lat' dir='ltr'>t879.</span> <span class='ocrx_word' id='word_1_5' title='bbox 1617 353 1711 444; x_wconf 75' lang='lat'>529</span> 
     </span>
     <span class='ocr_line' id='line_1_2' title="bbox 348 469 1713 593; baseline 0.01 -36"><span class='ocrx_word' id='word_1_6' title='bbox 348 513 363 548; x_wconf 74' lang='grc' dir='ltr'>ι</span> <span class='ocrx_word' id='word_1_7' title='bbox 390 469 625 559; x_wconf 44' lang='lat' dir='ltr'>lQUtrum</span> <span class='ocrx_word' id='word_1_8' title='bbox 646 472 931 561; x_wconf 88' lang='lat' dir='ltr'>ecclesiastica</span> <span class='ocrx_word' id='word_1_9' title='bbox 956 469 1093 562; x_wconf 91' lang='lat' dir='ltr'>officia</span> <span class='ocrx_word' id='word_1_10' title='bbox 1117 474 1333 589; x_wconf 89' lang='lat' dir='ltr'>praelatas</span> <span class='ocrx_word' id='word_1_11' title='bbox 1355 475 1588 593; x_wconf 83' lang='lat' dir='ltr'><strong>pensiones</strong></span> <span class='ocrx_word' id='word_1_12' title='bbox 1623 480 1713 570; x_wconf 89' lang='lat' dir='ltr'>ad·-</span> 
     </span>
     <span class='ocr_line' id='line_1_3' title="bbox 217 595 1710 701; baseline 0.009 -23"><span class='ocrx_word' id='word_1_13' title='bbox 217 637 235 678; x_wconf 72' lang='lat'><strong>·</strong></span> <span class='ocrx_word' id='word_1_14' title='bbox 276 625 407 684; x_wconf 81' lang='lat' dir='ltr'>nexas</span> <span class='ocrx_word' id='word_1_15' title='bbox 440 595 646 684; x_wconf 88' lang='lat' dir='ltr'>habentia</span> <span class='ocrx_word' id='word_1_16' title='bbox 678 595 837 686; x_wconf 89' lang='lat' dir='ltr'>scilicet</span> <span class='ocrx_word' id='word_1_17' title='bbox 872 598 1180 701; x_wconf 89' lang='lat' dir='ltr'>Canonicatus‚</span> <span class='ocrx_word' id='word_1_18' title='bbox 1218 597 1455 686; x_wconf 87' lang='lat' dir='ltr'>Parocbiae</span> <span class='ocrx_word' id='word_1_19' title='bbox 1488 597 1582 690; x_wconf 88' lang='lat' dir='ltr'>sive</span> <span class='ocrx_word' id='word_1_20' title='bbox 1617 631 1710 692; x_wconf 91' lang='lat' dir='ltr'>ma·</span> 
     </span>
     <span class='ocr_line' id='line_1_4' title="bbox 217 720 1708 846; baseline 0.011 -48"><span class='ocrx_word' id='word_1_21' title='bbox 217 761 232 798; x_wconf 73' lang='grc' dir='ltr'>ι</span> <span class='ocrx_word' id='word_1_22' title='bbox 272 721 385 808; x_wconf 89' lang='lat' dir='ltr'>iores</span> <span class='ocrx_word' id='word_1_23' title='bbox 422 721 515 806; x_wconf 92' lang='lat' dir='ltr'>sive</span> <span class='ocrx_word' id='word_1_24' title='bbox 556 720 746 832; x_wconf 87' lang='lat' dir='ltr'>minores</span> <span class='ocrx_word' id='word_1_25' title='bbox 794 720 951 838; x_wconf 75' lang='lat' dir='ltr'>(eures</span> <span class='ocrx_word' id='word_1_26' title='bbox 1000 720 1057 808; x_wconf 92' lang='lat' dir='ltr'>de</span> <span class='ocrx_word' id='word_1_27' title='bbox 1096 721 1269 808; x_wconf 88' lang='lat' dir='ltr'>Canton</span> <span class='ocrx_word' id='word_1_28' title='bbox 1313 751 1369 806; x_wconf 93' lang='lat' dir='ltr'>ou</span> <span class='ocrx_word' id='word_1_29' title='bbox 1402 725 1708 846; x_wconf 82' lang='lat' dir='ltr'>succursales)</span> 
     </span>
     <span class='ocr_line' id='line_1_5' title="bbox 216 843 1707 962; baseline 0.011 -38"><span class='ocrx_word' id='word_1_30' title='bbox 216 883 233 924; x_wconf 76' lang='grc' dir='ltr'>ι</span> <span class='ocrx_word' id='word_1_31' title='bbox 275 844 504 944; x_wconf 78' lang='lat' dir='ltr'>Vicat-iae,</span> <span class='ocrx_word' id='word_1_32' title='bbox 542 845 925 962; x_wconf 85' lang='lat' dir='ltr'>Eleemosynariae</span> <span class='ocrx_word' id='word_1_33' title='bbox 969 845 1278 960; x_wconf 80' lang='lat' dir='ltr'>(aumdneries</span> <span class='ocrx_word' id='word_1_34' title='bbox 1315 843 1610 960; x_wconf 87' lang='lat' dir='ltr'>d&#39;bopitaux,</span> <span class='ocrx_word' id='word_1_35' title='bbox 1650 849 1707 940; x_wconf 85' lang='lat' dir='ltr'>de</span> 
     </span>
     <span class='ocr_line' id='line_1_6' title="bbox 214 965 1706 1094; baseline 0.011 -47"><span class='ocrx_word' id='word_1_36' title='bbox 214 1005 231 1047; x_wconf 72' lang='grc' dir='ltr'>ι</span> <span class='ocrx_word' id='word_1_37' title='bbox 271 966 471 1084; x_wconf 71' lang='lat' dir='ltr'>colliges,</span> <span class='ocrx_word' id='word_1_38' title='bbox 498 965 756 1083; x_wconf 78' lang='lat' dir='ltr'>depulsum,</span> <span class='ocrx_word' id='word_1_39' title='bbox 784 967 839 1055; x_wconf 92' lang='lat' dir='ltr'>de</span> <span class='ocrx_word' id='word_1_40' title='bbox 872 965 1116 1084; x_wconf 78' lang='lat' dir='ltr'>genuimus,</span> <span class='ocrx_word' id='word_1_41' title='bbox 1143 967 1199 1056; x_wconf 91' lang='lat' dir='ltr'>de</span> <span class='ocrx_word' id='word_1_42' title='bbox 1221 967 1411 1056; x_wconf 90' lang='lat' dir='ltr'>maisons</span> <span class='ocrx_word' id='word_1_43' title='bbox 1436 969 1706 1094; x_wconf 83' lang='lat' dir='ltr'>religieuses)</span> 
     </span>
     <span class='ocr_line' id='line_1_7' title="bbox 215 1087 1699 1213; baseline 0.009 -41"><span class='ocrx_word' id='word_1_44' title='bbox 215 1129 232 1172; x_wconf 74' lang='grc' dir='ltr'>ι</span> <span class='ocrx_word' id='word_1_45' title='bbox 271 1090 331 1177; x_wconf 89' lang='lat' dir='ltr'>ita</span> <span class='ocrx_word' id='word_1_46' title='bbox 375 1087 605 1180; x_wconf 80' lang='lat' dir='ltr'>beneficiis</span> <span class='ocrx_word' id='word_1_47' title='bbox 638 1094 816 1208; x_wconf 80' lang='lat' dir='ltr'>proprie</span> <span class='ocrx_word' id='word_1_48' title='bbox 849 1091 979 1180; x_wconf 89' lang='lat' dir='ltr'>dictis</span> <span class='ocrx_word' id='word_1_49' title='bbox 1012 1091 1116 1178; x_wconf 90' lang='lat' dir='ltr'>olim</span> <span class='ocrx_word' id='word_1_50' title='bbox 1157 1089 1449 1180; x_wconf 72' lang='lat' dir='ltr'><strong>existentibus</strong></span> <span class='ocrx_word' id='word_1_51' title='bbox 1487 1096 1699 1213; x_wconf 86' lang='lat' dir='ltr'>aequipa-</span> 
     </span>
     <span class='ocr_line' id='line_1_8' title="bbox 213 1213 1704 1332; baseline 0.009 -37"><span class='ocrx_word' id='word_1_52' title='bbox 213 1251 230 1294; x_wconf 77' lang='grc' dir='ltr'>ι</span> <span class='ocrx_word' id='word_1_53' title='bbox 271 1213 410 1300; x_wconf 84' lang='lat' dir='ltr'>canda</span> <span class='ocrx_word' id='word_1_54' title='bbox 443 1213 544 1313; x_wconf 90' lang='lat' dir='ltr'>sint,</span> <span class='ocrx_word' id='word_1_55' title='bbox 575 1231 620 1300; x_wconf 93' lang='lat' dir='ltr'>ut</span> <span class='ocrx_word' id='word_1_56' title='bbox 645 1215 775 1300; x_wconf 91' lang='lat' dir='ltr'>etiam</span> <span class='ocrx_word' id='word_1_57' title='bbox 813 1215 1019 1330; x_wconf 90' lang='lat' dir='ltr'>poenales</span> <span class='ocrx_word' id='word_1_58' title='bbox 1052 1216 1169 1332; x_wconf 82' lang='lat' dir='ltr'>leges</span> <span class='ocrx_word' id='word_1_59' title='bbox 1192 1214 1236 1302; x_wconf 92' lang='lat' dir='ltr'>iu</span> <span class='ocrx_word' id='word_1_60' title='bbox 1262 1218 1359 1303; x_wconf 91' lang='lat' dir='ltr'>lure</span> <span class='ocrx_word' id='word_1_61' title='bbox 1382 1217 1602 1307; x_wconf 88' lang='lat' dir='ltr'>Canonioo</span> <span class='ocrx_word' id='word_1_62' title='bbox 1627 1221 1704 1308; x_wconf 90' lang='lat' dir='ltr'>ba·</span> 
     </span>
     <span class='ocr_line' id='line_1_9' title="bbox 212 1335 1705 1457; baseline 0.011 -39"><span class='ocrx_word' id='word_1_63' title='bbox 212 1373 229 1418; x_wconf 72' lang='grc' dir='ltr'>ι</span> <span class='ocrx_word' id='word_1_64' title='bbox 268 1337 428 1438; x_wconf 90' lang='lat' dir='ltr'>bitae,</span> <span class='ocrx_word' id='word_1_65' title='bbox 467 1335 687 1424; x_wconf 85' lang='lat' dir='ltr'>Beneficia</span> <span class='ocrx_word' id='word_1_66' title='bbox 729 1357 974 1456; x_wconf 88' lang='lat' dir='ltr'>spectantes</span> <span class='ocrx_word' id='word_1_67' title='bbox 1026 1339 1185 1426; x_wconf 91' lang='lat' dir='ltr'>talibus</span> <span class='ocrx_word' id='word_1_68' title='bbox 1230 1337 1376 1426; x_wconf 86' lang='lat' dir='ltr'>officiis</span> <span class='ocrx_word' id='word_1_69' title='bbox 1411 1341 1705 1457; x_wconf 81' lang='lat' dir='ltr'>applicandae</span> 
     </span>
     <span class='ocr_line' id='line_1_10' title="bbox 96 1460 1703 1578; baseline 0.012 -41"><span class='ocrx_word' id='word_1_70' title='bbox 96 1563 107 1578; x_wconf 30' lang='grc' dir='ltr'>ι</span> <span class='ocrx_word' id='word_1_71' title='bbox 213 1502 230 1538; x_wconf 71' lang='grc' dir='ltr'>ι</span> <span class='ocrx_word' id='word_1_72' title='bbox 268 1461 386 1560; x_wconf 81' lang='lat' dir='ltr'>sint3</span> <span class='ocrx_word' id='word_1_73' title='bbox 424 1491 471 1547; x_wconf 90' lang='lat' dir='ltr'>ae</span> <span class='ocrx_word' id='word_1_74' title='bbox 507 1460 694 1578; x_wconf 80' lang='lat' dir='ltr'>proinde</span> <span class='ocrx_word' id='word_1_75' title='bbox 734 1462 898 1549; x_wconf 90' lang='lat' dir='ltr'>realem</span> <span class='ocrx_word' id='word_1_76' title='bbox 934 1461 977 1548; x_wconf 93' lang='lat' dir='ltr'>in</span> <span class='ocrx_word' id='word_1_77' title='bbox 1019 1463 1080 1550; x_wconf 91' lang='lat' dir='ltr'>eis</span> <span class='ocrx_word' id='word_1_78' title='bbox 1112 1461 1344 1550; x_wconf 79' lang='lat' dir='ltr'>simoniam</span> <span class='ocrx_word' id='word_1_79' title='bbox 1380 1464 1703 1557; x_wconf 90' lang='lat' dir='ltr'>committentes</span> 
     </span>
     <span class='ocr_line' id='line_1_11' title="bbox 211 1585 1695 1702; baseline 0.011 -39"><span class='ocrx_word' id='word_1_80' title='bbox 211 1623 229 1663; x_wconf 71' lang='grc' dir='ltr'>ι</span> <span class='ocrx_word' id='word_1_81' title='bbox 269 1585 768 1688; x_wconf 66' lang='lat' dir='ltr'>excommunicationem</span> <span class='ocrx_word' id='word_1_82' title='bbox 805 1586 1033 1674; x_wconf 90' lang='lat' dir='ltr'>incurrant</span> <span class='ocrx_word' id='word_1_83' title='bbox 1066 1603 1200 1702; x_wconf 88' lang='lat' dir='ltr'>atque</span> <span class='ocrx_word' id='word_1_84' title='bbox 1241 1587 1386 1672; x_wconf 89' lang='lat' dir='ltr'>nullae</span> <span class='ocrx_word' id='word_1_85' title='bbox 1424 1587 1512 1674; x_wconf 89' lang='lat' dir='ltr'>siut</span> <span class='ocrx_word' id='word_1_86' title='bbox 1544 1591 1695 1680; x_wconf 88' lang='lat' dir='ltr'>talium</span> 
     </span>
     <span class='ocr_line' id='line_1_12' title="bbox 210 1703 1704 1832; baseline 0.009 -46"><span class='ocrx_word' id='word_1_87' title='bbox 210 1743 230 1786; x_wconf 74' lang='grc' dir='ltr'><strong><em>ο</em></strong></span> <span class='ocrx_word' id='word_1_88' title='bbox 269 1703 510 1795; x_wconf 88' lang='lat' dir='ltr'>officiorum</span> <span class='ocrx_word' id='word_1_89' title='bbox 531 1707 799 1796; x_wconf 80' lang='lat' dir='ltr'>collationes</span> <span class='ocrx_word' id='word_1_90' title='bbox 832 1710 904 1796; x_wconf 84' lang='lat' dir='ltr'>vel</span> <span class='ocrx_word' id='word_1_91' title='bbox 937 1709 1209 1827; x_wconf 82' lang='lat' dir='ltr'>provisiones</span> <span class='ocrx_word' id='word_1_92' title='bbox 1244 1707 1395 1798; x_wconf 91' lang='lat' dir='ltr'>autad</span> <span class='ocrx_word' id='word_1_93' title='bbox 1420 1741 1471 1797; x_wconf 91' lang='lat' dir='ltr'>ea</span> <span class='ocrx_word' id='word_1_94' title='bbox 1495 1743 1704 1832; x_wconf 87' lang='lat' dir='ltr'>praesen-</span> 
     </span>
     <span class='ocr_line' id='line_1_13' title="bbox 210 1829 493 1940; baseline -0.004 -23"><span class='ocrx_word' id='word_1_95' title='bbox 210 1867 229 1909; x_wconf 74' lang='grc' dir='ltr'>ι</span> <span class='ocrx_word' id='word_1_96' title='bbox 268 1829 493 1940; x_wconf 69' lang='lat' dir='ltr'>tationes?</span> 
     </span>
     <span class='ocr_line' id='line_1_14' title="bbox 333 1953 1782 2074; baseline 0.012 -42"><span class='ocrx_word' id='word_1_97' title='bbox 333 1953 428 2040; x_wconf 74' lang='lat'>.2⁰</span> <span class='ocrx_word' id='word_1_98' title='bbox 463 1953 605 2040; x_wconf 88' lang='lat' dir='ltr'>Posito</span> <span class='ocrx_word' id='word_1_99' title='bbox 639 1972 788 2041; x_wconf 90' lang='lat' dir='ltr'>autem</span> <span class='ocrx_word' id='word_1_100' title='bbox 834 1955 954 2073; x_wconf 89' lang='lat' dir='ltr'>quod</span> <span class='ocrx_word' id='word_1_101' title='bbox 1002 1958 1246 2074; x_wconf 75' lang='lat' dir='ltr'>generatim</span> <span class='ocrx_word' id='word_1_102' title='bbox 1288 1955 1594 2046; x_wconf 87' lang='lat' dir='ltr'>affirmandum</span> <span class='ocrx_word' id='word_1_103' title='bbox 1628 1960 1698 2066; x_wconf 86' lang='lat' dir='ltr'>sit,</span> <span class='ocrx_word' id='word_1_104' title='bbox 1780 1997 1782 2000; x_wconf 91' lang='lat'>·</span> 
     </span>
     <span class='ocr_line' id='line_1_15' title="bbox 211 2075 1702 2178; baseline 0.005 -14"><span class='ocrx_word' id='word_1_105' title='bbox 211 2115 235 2178; x_wconf 72' lang='grc' dir='ltr'>ι,</span> <span class='ocrx_word' id='word_1_106' title='bbox 267 2093 416 2165; x_wconf 90' lang='lat' dir='ltr'>utrum</span> <span class='ocrx_word' id='word_1_107' title='bbox 451 2075 710 2165; x_wconf 84' lang='lat' dir='ltr'>affirmativa</span> <span class='ocrx_word' id='word_1_108' title='bbox 744 2077 849 2166; x_wconf 85' lang='lat' dir='ltr'>baec</span> <span class='ocrx_word' id='word_1_109' title='bbox 882 2079 1041 2167; x_wconf 90' lang='lat' dir='ltr'>solutio</span> <span class='ocrx_word' id='word_1_110' title='bbox 1075 2109 1161 2166; x_wconf 93' lang='lat' dir='ltr'>non</span> <span class='ocrx_word' id='word_1_111' title='bbox 1193 2080 1334 2168; x_wconf 93' lang='lat' dir='ltr'>solum</span> <span class='ocrx_word' id='word_1_112' title='bbox 1360 2083 1702 2171; x_wconf 86' lang='lat' dir='ltr'>Canonicatibus</span> 
     </span>
     <span class='ocr_line' id='line_1_16' title="bbox 207 2201 1702 2322; baseline 0.005 -36"><span class='ocrx_word' id='word_1_113' title='bbox 207 2237 224 2276; x_wconf 75' lang='grc' dir='ltr'>ι</span> <span class='ocrx_word' id='word_1_114' title='bbox 266 2218 308 2286; x_wconf 92' lang='lat' dir='ltr'>et</span> <span class='ocrx_word' id='word_1_115' title='bbox 343 2201 586 2288; x_wconf 90' lang='lat' dir='ltr'>maioribus</span> <span class='ocrx_word' id='word_1_116' title='bbox 619 2203 841 2289; x_wconf 89' lang='lat' dir='ltr'>Parocbiis</span> <span class='ocrx_word' id='word_1_117' title='bbox 874 2233 988 2320; x_wconf 92' lang='lat' dir='ltr'>quae</span> <span class='ocrx_word' id='word_1_118' title='bbox 1022 2203 1202 2322; x_wconf 80' lang='lat' dir='ltr'>quidum</span> <span class='ocrx_word' id='word_1_119' title='bbox 1251 2205 1479 2319; x_wconf 85' lang='lat' dir='ltr'>pauciores</span> <span class='ocrx_word' id='word_1_120' title='bbox 1512 2223 1613 2292; x_wconf 92' lang='lat' dir='ltr'>sunt</span> <span class='ocrx_word' id='word_1_121' title='bbox 1646 2206 1702 2296; x_wconf 92' lang='lat' dir='ltr'>sit</span> 
     </span>
     <span class='ocr_line' id='line_1_17' title="bbox 208 2323 1703 2446; baseline 0.007 -37"><span class='ocrx_word' id='word_1_122' title='bbox 208 2361 224 2400; x_wconf 73' lang='grc' dir='ltr'>ι</span> <span class='ocrx_word' id='word_1_123' title='bbox 266 2323 545 2442; x_wconf 88' lang='lat' dir='ltr'>applicanda,</span> <span class='ocrx_word' id='word_1_124' title='bbox 584 2326 663 2414; x_wconf 90' lang='lat' dir='ltr'>sed</span> <span class='ocrx_word' id='word_1_125' title='bbox 696 2327 829 2412; x_wconf 85' lang='lat' dir='ltr'>etiarn</span> <span class='ocrx_word' id='word_1_126' title='bbox 867 2327 922 2413; x_wconf 91' lang='lat' dir='ltr'>ad</span> <span class='ocrx_word' id='word_1_127' title='bbox 960 2325 1152 2413; x_wconf 88' lang='lat' dir='ltr'>minores</span> <span class='ocrx_word' id='word_1_128' title='bbox 1184 2324 1414 2446; x_wconf 76' lang='lat' dir='ltr'>parochias</span> <span class='ocrx_word' id='word_1_129' title='bbox 1448 2328 1589 2416; x_wconf 92' lang='lat' dir='ltr'>multo</span> <span class='ocrx_word' id='word_1_130' title='bbox 1620 2361 1703 2419; x_wconf 57' lang='lat' dir='ltr'>nu«</span> 
     </span>
     <span class='ocr_line' id='line_1_18' title="bbox 208 2448 1698 2569; baseline 0.007 -38"><span class='ocrx_word' id='word_1_131' title='bbox 208 2485 225 2524; x_wconf 77' lang='grc' dir='ltr'>ι</span> <span class='ocrx_word' id='word_1_132' title='bbox 266 2448 528 2536; x_wconf 85' lang='lat' dir='ltr'>morosiores</span> <span class='ocrx_word' id='word_1_133' title='bbox 577 2479 766 2563; x_wconf 83' lang='lat' dir='ltr'>quarum</span> <span class='ocrx_word' id='word_1_134' title='bbox 821 2448 1018 2536; x_wconf 90' lang='lat' dir='ltr'>titulares</span> <span class='ocrx_word' id='word_1_135' title='bbox 1052 2450 1249 2554; x_wconf 65' lang='lat' dir='ltr'>suntin</span> <span class='ocrx_word' id='word_1_136' title='bbox 1285 2453 1505 2569; x_wconf 70' lang='lat' dir='ltr'>praesenti</span> <span class='ocrx_word' id='word_1_137' title='bbox 1548 2485 1698 2542; x_wconf 77' lang='lat' dir='ltr'>ruriam</span> 
     </span>
     <span class='ocr_line' id='line_1_19' title="bbox 211 2549 851 2659; baseline 0.005 -3"><span class='ocrx_word' id='word_1_138' title='bbox 211 2609 227 2644; x_wconf 73' lang='grc' dir='ltr'>ι</span> <span class='ocrx_word' id='word_1_139' title='bbox 266 2587 378 2656; x_wconf 90' lang='lat' dir='ltr'>statu</span> <span class='ocrx_word' id='word_1_140' title='bbox 415 2570 713 2659; x_wconf 72' lang='lat' dir='ltr'>amovibiles?</span> <span class='ocrx_word' id='word_1_141' title='bbox 832 2549 851 2594; x_wconf 69' lang='lat' dir='ltr'><em>s</em></span> 
     </span>
     <span class='ocr_line' id='line_1_20' title="bbox 330 2684 1701 2817; baseline 0.006 -35"><span class='ocrx_word' id='word_1_142' title='bbox 330 2735 347 2770; x_wconf 73' lang='grc' dir='ltr'>ι</span> <span class='ocrx_word' id='word_1_143' title='bbox 387 2684 536 2782; x_wconf 75' lang='lat' dir='ltr'>3⁰¹An</span> <span class='ocrx_word' id='word_1_144' title='bbox 576 2711 806 2812; x_wconf 87' lang='lat' dir='ltr'>praeterea</span> <span class='ocrx_word' id='word_1_145' title='bbox 846 2695 1130 2784; x_wconf 85' lang='lat' dir='ltr'>extendenda</span> <span class='ocrx_word' id='word_1_146' title='bbox 1153 2697 1209 2783; x_wconf 87' lang='lat' dir='ltr'>sit</span> <span class='ocrx_word' id='word_1_147' title='bbox 1231 2697 1285 2784; x_wconf 89' lang='lat' dir='ltr'>ad</span> <span class='ocrx_word' id='word_1_148' title='bbox 1335 2697 1550 2802; x_wconf 78' lang='lat' dir='ltr'>vicarias,</span> <span class='ocrx_word' id='word_1_149' title='bbox 1588 2729 1701 2817; x_wconf 85' lang='lat' dir='ltr'>quas</span> 
     </span>
     <span class='ocr_line' id='line_1_21' title="bbox 204 2817 1701 2940; baseline 0.006 -38"><span class='ocrx_word' id='word_1_150' title='bbox 204 2853 221 2892; x_wconf 73' lang='grc' dir='ltr'>ι</span> <span class='ocrx_word' id='word_1_151' title='bbox 263 2817 445 2934; x_wconf 89' lang='lat' dir='ltr'>quidem</span> <span class='ocrx_word' id='word_1_152' title='bbox 491 2820 691 2908; x_wconf 89' lang='lat' dir='ltr'>titulares</span> <span class='ocrx_word' id='word_1_153' title='bbox 734 2851 820 2906; x_wconf 91' lang='lat' dir='ltr'>non</span> <span class='ocrx_word' id='word_1_154' title='bbox 866 2819 1031 2908; x_wconf 84' lang='lat' dir='ltr'>habent</span> <span class='ocrx_word' id='word_1_155' title='bbox 1071 2817 1153 2906; x_wconf 89' lang='lat' dir='ltr'>nisi</span> <span class='ocrx_word' id='word_1_156' title='bbox 1204 2820 1261 2910; x_wconf 86' lang='lat' dir='ltr'>ad</span> <span class='ocrx_word' id='word_1_157' title='bbox 1295 2835 1488 2936; x_wconf 89' lang='lat' dir='ltr'>tempus;</span> <span class='ocrx_word' id='word_1_158' title='bbox 1526 2853 1701 2940; x_wconf 86' lang='lat' dir='ltr'>quous-</span> 
     </span>
     <span class='ocr_line' id='line_1_22' title="bbox 130 2941 1702 3062; baseline 0.004 -35"><span class='ocrx_word' id='word_1_159' title='bbox 130 3041 141 3062; x_wconf 44' lang='lat'><em>,</em></span> <span class='ocrx_word' id='word_1_160' title='bbox 203 2977 224 3016; x_wconf 70' lang='grc' dir='ltr'><strong><em>ο</em></strong></span> <span class='ocrx_word' id='word_1_161' title='bbox 260 2971 348 3058; x_wconf 88' lang='lat' dir='ltr'>que</span> <span class='ocrx_word' id='word_1_162' title='bbox 385 2944 644 3032; x_wconf 88' lang='lat' dir='ltr'>Parochiam</span> <span class='ocrx_word' id='word_1_163' title='bbox 669 2944 903 3030; x_wconf 88' lang='lat' dir='ltr'>obtineant</span> <span class='ocrx_word' id='word_1_164' title='bbox 936 2941 1012 3031; x_wconf 91' lang='lat' dir='ltr'>sed</span> <span class='ocrx_word' id='word_1_165' title='bbox 1047 2973 1165 3060; x_wconf 88' lang='lat' dir='ltr'>quae</span> <span class='ocrx_word' id='word_1_166' title='bbox 1182 2943 1395 3062; x_wconf 85' lang='lat' dir='ltr'>ipsaemet</span> <span class='ocrx_word' id='word_1_167' title='bbox 1414 2945 1528 3033; x_wconf 89' lang='lat' dir='ltr'>sicut</span> <span class='ocrx_word' id='word_1_168' title='bbox 1552 2964 1594 3033; x_wconf 82' lang='lat' dir='ltr'>et</span> <span class='ocrx_word' id='word_1_169' title='bbox 1617 2951 1702 3036; x_wconf 90' lang='lat' dir='ltr'>Pa-</span> 
     </span>
     <span class='ocr_line' id='line_1_23' title="bbox 204 3065 1258 3187; baseline 0.004 -38"><span class='ocrx_word' id='word_1_170' title='bbox 204 3101 222 3142; x_wconf 81' lang='grc' dir='ltr'>ι</span> <span class='ocrx_word' id='word_1_171' title='bbox 264 3065 437 3154; x_wconf 82' lang='lat' dir='ltr'>roobiae</span> <span class='ocrx_word' id='word_1_172' title='bbox 470 3084 574 3156; x_wconf 91' lang='lat' dir='ltr'>sunt</span> <span class='ocrx_word' id='word_1_173' title='bbox 611 3069 655 3154; x_wconf 92' lang='lat' dir='ltr'>in</span> <span class='ocrx_word' id='word_1_174' title='bbox 692 3081 960 3187; x_wconf 89' lang='lat' dir='ltr'>perpetuum</span> <span class='ocrx_word' id='word_1_175' title='bbox 999 3065 1258 3154; x_wconf 75' lang='lat' dir='ltr'>institutae?</span> 
     </span>
     <span class='ocr_line' id='line_1_24' title="bbox 330 3187 1698 3283; baseline 0.003 -5"><span class='ocrx_word' id='word_1_176' title='bbox 330 3229 346 3266; x_wconf 75' lang='grc' dir='ltr'>ι</span> <span class='ocrx_word' id='word_1_177' title='bbox 388 3190 437 3278; x_wconf 73' lang='lat'>4⁰</span> <span class='ocrx_word' id='word_1_178' title='bbox 471 3193 540 3280; x_wconf 85' lang='lat' dir='ltr'>An</span> <span class='ocrx_word' id='word_1_179' title='bbox 577 3191 759 3280; x_wconf 91' lang='lat' dir='ltr'>demum</span> <span class='ocrx_word' id='word_1_180' title='bbox 799 3190 1084 3278; x_wconf 86' lang='lat' dir='ltr'>extendenda</span> <span class='ocrx_word' id='word_1_181' title='bbox 1118 3190 1173 3277; x_wconf 92' lang='lat' dir='ltr'>sit</span> <span class='ocrx_word' id='word_1_182' title='bbox 1222 3189 1279 3278; x_wconf 86' lang='lat' dir='ltr'>ad</span> <span class='ocrx_word' id='word_1_183' title='bbox 1320 3189 1401 3278; x_wconf 89' lang='lat' dir='ltr'>ista</span> <span class='ocrx_word' id='word_1_184' title='bbox 1437 3190 1522 3280; x_wconf 88' lang='lat' dir='ltr'>alia</span> <span class='ocrx_word' id='word_1_185' title='bbox 1557 3187 1698 3283; x_wconf 86' lang='lat' dir='ltr'>officia</span> 
     </span>
     <span class='ocr_line' id='line_1_25' title="bbox 205 3309 1697 3434; baseline 0.005 -36"><span class='ocrx_word' id='word_1_186' title='bbox 205 3353 221 3390; x_wconf 76' lang='grc' dir='ltr'>ι</span> <span class='ocrx_word' id='word_1_187' title='bbox 261 3344 393 3429; x_wconf 87' lang='lat' dir='ltr'>supra</span> <span class='ocrx_word' id='word_1_188' title='bbox 429 3309 812 3432; x_wconf 76' lang='lat' dir='ltr'>memorata&#39;quae</span> <span class='ocrx_word' id='word_1_189' title='bbox 845 3314 1219 3431; x_wconf 78' lang='lat' dir='ltr'>eleemosynariae</span> <span class='ocrx_word' id='word_1_190' title='bbox 1241 3314 1450 3403; x_wconf 85' lang='lat' dir='ltr'>dicuntur</span> <span class='ocrx_word' id='word_1_191' title='bbox 1482 3347 1596 3433; x_wconf 82' lang='lat' dir='ltr'>quae</span> <span class='ocrx_word' id='word_1_192' title='bbox 1620 3347 1697 3434; x_wconf 91' lang='lat' dir='ltr'>pa-</span> 
     </span>
     <span class='ocr_line' id='line_1_26' title="bbox 202 3435 1700 3561; baseline 0.005 -41"><span class='ocrx_word' id='word_1_193' title='bbox 202 3473 220 3510; x_wconf 72' lang='lat'><em>0</em></span> <span class='ocrx_word' id='word_1_194' title='bbox 262 3435 369 3522; x_wconf 87' lang='lat' dir='ltr'>riter</span> <span class='ocrx_word' id='word_1_195' title='bbox 390 3458 494 3526; x_wconf 91' lang='lat' dir='ltr'>sunt</span> <span class='ocrx_word' id='word_1_196' title='bbox 513 3439 554 3526; x_wconf 94' lang='lat' dir='ltr'>in</span> <span class='ocrx_word' id='word_1_197' title='bbox 574 3457 842 3556; x_wconf 89' lang='lat' dir='ltr'>perpetuum</span> <span class='ocrx_word' id='word_1_198' title='bbox 863 3439 932 3526; x_wconf 90' lang='lat' dir='ltr'>vel</span> <span class='ocrx_word' id='word_1_199' title='bbox 957 3437 1111 3525; x_wconf 86' lang='lat' dir='ltr'>saltem</span> <span class='ocrx_word' id='word_1_200' title='bbox 1137 3439 1180 3524; x_wconf 92' lang='lat' dir='ltr'>in</span> <span class='ocrx_word' id='word_1_201' title='bbox 1210 3436 1492 3525; x_wconf 88' lang='lat' dir='ltr'>indefinitum</span> <span class='ocrx_word' id='word_1_202' title='bbox 1522 3456 1700 3561; x_wconf 88' lang='lat' dir='ltr'>tempus</span> 
     </span>
     <span class='ocr_line' id='line_1_27' title="bbox 200 3560 1754 3682; baseline -0.005 -34"><span class='ocrx_word' id='word_1_203' title='bbox 200 3597 217 3634; x_wconf 71' lang='grc' dir='ltr'>ι</span> <span class='ocrx_word' id='word_1_204' title='bbox 259 3560 454 3651; x_wconf 88' lang='lat' dir='ltr'>instituta</span> <span class='ocrx_word' id='word_1_205' title='bbox 488 3566 694 3682; x_wconf 88' lang='lat' dir='ltr'>quamvis</span> <span class='ocrx_word' id='word_1_206' title='bbox 732 3561 906 3650; x_wconf 93' lang='lat' dir='ltr'>illorum</span> <span class='ocrx_word' id='word_1_207' title='bbox 943 3561 1138 3649; x_wconf 89' lang='lat' dir='ltr'>titulares</span> <span class='ocrx_word' id='word_1_208' title='bbox 1178 3563 1373 3648; x_wconf 85' lang='lat' dir='ltr'>amoveri</span> <span class='ocrx_word' id='word_1_209' title='bbox 1409 3563 1655 3679; x_wconf 72' lang='lat' dir='ltr'>possintl·</span> <span class='ocrx_word' id='word_1_210' title='bbox 1749 3651 1754 3659; x_wconf 60' lang='lat'><em>„</em></span> 
     </span>
     <span class='ocr_line' id='line_1_28' title="bbox 131 3681 1698 3804; baseline 0.001 -29"><span class='ocrx_word' id='word_1_211' title='bbox 131 3683 132 3686; x_wconf 5' lang='grc' dir='ltr'>Ὺ</span> <span class='ocrx_word' id='word_1_212' title='bbox 247 3735 250 3740; x_wconf 93' lang='grc'>-</span> <span class='ocrx_word' id='word_1_213' title='bbox 320 3687 431 3775; x_wconf 87' lang='lat' dir='ltr'>Cum</span> <span class='ocrx_word' id='word_1_214' title='bbox 467 3703 617 3774; x_wconf 92' lang='lat' dir='ltr'>autem</span> <span class='ocrx_word' id='word_1_215' title='bbox 653 3717 725 3774; x_wconf 88' lang='lat' dir='ltr'>res</span> <span class='ocrx_word' id='word_1_216' title='bbox 756 3685 811 3773; x_wconf 90' lang='lat' dir='ltr'>ad</span> <span class='ocrx_word' id='word_1_217' title='bbox 846 3688 892 3778; x_wconf 93' lang='lat' dir='ltr'>S.</span> <span class='ocrx_word' id='word_1_218' title='bbox 930 3687 984 3772; x_wconf 89' lang='lat' dir='ltr'>H.</span> <span class='ocrx_word' id='word_1_219' title='bbox 1022 3687 1078 3774; x_wconf 90' lang='lat'>0.</span> <span class='ocrx_word' id='word_1_220' title='bbox 1116 3713 1196 3804; x_wconf 90' lang='lat' dir='ltr'>per</span> <span class='ocrx_word' id='word_1_221' title='bbox 1228 3681 1698 3776; x_wconf 71' lang='lat' dir='ltr'>S.&#39;Poenitentiariam</span> 
     </span>
     <span class='ocr_line' id='line_1_29' title="bbox 194 3801 1699 3928; baseline 0.005 -37"><span class='ocrx_word' id='word_1_222' title='bbox 194 3801 329 3894; x_wconf 85' lang='lat' dir='ltr'>fuerit</span> <span class='ocrx_word' id='word_1_223' title='bbox 361 3811 640 3913; x_wconf 88' lang='lat' dir='ltr'>transmissa,</span> <span class='ocrx_word' id='word_1_224' title='bbox 681 3807 1046 3928; x_wconf 84' lang='lat' dir='ltr'>praenunciatum</span> <span class='ocrx_word' id='word_1_225' title='bbox 1086 3808 1391 3926; x_wconf 88' lang='lat' dir='ltr'>quaestionem</span> <span class='ocrx_word' id='word_1_226' title='bbox 1434 3809 1517 3896; x_wconf 89' lang='lat' dir='ltr'>sub</span> <span class='ocrx_word' id='word_1_227' title='bbox 1560 3808 1699 3898; x_wconf 89' lang='lat' dir='ltr'>dubio</span> 
     </span>
     <span class='ocr_line' id='line_1_30' title="bbox 193 3928 1701 4023; baseline 0.004 -8"><span class='ocrx_word' id='word_1_228' title='bbox 193 3928 240 4016; x_wconf 89' lang='lat' dir='ltr'>iu</span> <span class='ocrx_word' id='word_1_229' title='bbox 272 3933 388 4020; x_wconf 87' lang='lat' dir='ltr'>ealce</span> <span class='ocrx_word' id='word_1_230' title='bbox 422 3935 562 4023; x_wconf 86' lang='lat' dir='ltr'>relato</span> <span class='ocrx_word' id='word_1_231' title='bbox 604 3935 645 4022; x_wconf 91' lang='lat' dir='ltr'>in</span> <span class='ocrx_word' id='word_1_232' title='bbox 669 3933 883 4022; x_wconf 85' lang='lat' dir='ltr'>hodierno</span> <span class='ocrx_word' id='word_1_233' title='bbox 917 3933 1118 4022; x_wconf 83' lang='lat' dir='ltr'><strong>EE.VV.</strong></span> <span class='ocrx_word' id='word_1_234' title='bbox 1144 3945 1363 4020; x_wconf 87' lang='lat' dir='ltr'>conventu</span> <span class='ocrx_word' id='word_1_235' title='bbox 1398 3931 1701 4021; x_wconf 86' lang='lat' dir='ltr'>definiendam</span> 
     </span>
     <span class='ocr_line' id='line_1_31' title="bbox 192 4054 1697 4176; baseline 0.003 -36"><span class='ocrx_word' id='word_1_236' title='bbox 192 4057 400 4172; x_wconf 85' lang='lat' dir='ltr'>proposui</span> <span class='ocrx_word' id='word_1_237' title='bbox 435 4059 655 4147; x_wconf 90' lang='lat' dir='ltr'>nonnullis</span> <span class='ocrx_word' id='word_1_238' title='bbox 690 4058 809 4176; x_wconf 92' lang='lat' dir='ltr'>prius</span> <span class='ocrx_word' id='word_1_239' title='bbox 844 4057 908 4144; x_wconf 93' lang='lat' dir='ltr'>uti</span> <span class='ocrx_word' id='word_1_240' title='bbox 931 4054 1026 4144; x_wconf 86' lang='lat' dir='ltr'>lieri</span> <span class='ocrx_word' id='word_1_241' title='bbox 1044 4055 1153 4144; x_wconf 91' lang='lat' dir='ltr'>solet</span> <span class='ocrx_word' id='word_1_242' title='bbox 1174 4056 1218 4144; x_wconf 89' lang='lat' dir='ltr'>in</span> <span class='ocrx_word' id='word_1_243' title='bbox 1243 4056 1338 4144; x_wconf 87' lang='lat' dir='ltr'>iure</span> <span class='ocrx_word' id='word_1_244' title='bbox 1360 4054 1697 4146; x_wconf 81' lang='lat' dir='ltr'>animadversis.</span> 
     </span>
     <span class='ocr_line' id='line_1_32' title="bbox 318 4177 1700 4300; baseline 0.002 -34"><span class='ocrx_word' id='word_1_245' title='bbox 318 4181 368 4266; x_wconf 87' lang='lat' dir='ltr'>Et</span> <span class='ocrx_word' id='word_1_246' title='bbox 381 4184 643 4300; x_wconf 84' lang='lat' dir='ltr'>praeprimis</span> <span class='ocrx_word' id='word_1_247' title='bbox 657 4180 1014 4300; x_wconf 87' lang='lat' dir='ltr'>videreturquod</span> <span class='ocrx_word' id='word_1_248' title='bbox 1043 4181 1291 4298; x_wconf 66' lang='lat' dir='ltr'>pensiones</span> <span class='ocrx_word' id='word_1_249' title='bbox 1312 4209 1387 4268; x_wconf 90' lang='lat' dir='ltr'>seu</span> <span class='ocrx_word' id='word_1_250' title='bbox 1410 4177 1566 4268; x_wconf 82' lang='lat' dir='ltr'>salaria</span> <span class='ocrx_word' id='word_1_251' title='bbox 1587 4207 1700 4298; x_wconf 86' lang='lat' dir='ltr'>quae</span> 
     </span>
     <span class='ocr_line' id='line_1_33' title="bbox 193 4301 1700 4418; baseline 0.004 -33"><span class='ocrx_word' id='word_1_252' title='bbox 193 4331 216 4386; x_wconf 91' lang='lat' dir='ltr'>a</span> <span class='ocrx_word' id='word_1_253' title='bbox 249 4303 468 4418; x_wconf 82' lang='lat' dir='ltr'>gubernio</span> <span class='ocrx_word' id='word_1_254' title='bbox 502 4306 804 4396; x_wconf 85' lang='lat' dir='ltr'>ecciesiasticis</span> <span class='ocrx_word' id='word_1_255' title='bbox 838 4301 945 4392; x_wconf 84' lang='lat' dir='ltr'>viris</span> <span class='ocrx_word' id='word_1_256' title='bbox 975 4303 1211 4391; x_wconf 80' lang='lat' dir='ltr'>solvuntur·</span> <span class='ocrx_word' id='word_1_257' title='bbox 1237 4301 1464 4390; x_wconf 86' lang='lat' dir='ltr'>beneficiis</span> <span class='ocrx_word' id='word_1_258' title='bbox 1497 4302 1700 4390; x_wconf 89' lang='lat' dir='ltr'>ecclesia-</span> 
     </span>
     <span class='ocr_line' id='line_1_34' title="bbox 191 4423 1701 4546; baseline 0.003 -38"><span class='ocrx_word' id='word_1_259' title='bbox 191 4424 308 4511; x_wconf 86' lang='lat' dir='ltr'>sticis</span> <span class='ocrx_word' id='word_1_260' title='bbox 340 4431 640 4546; x_wconf 87' lang='lat' dir='ltr'>comparanda</span> <span class='ocrx_word' id='word_1_261' title='bbox 688 4461 771 4515; x_wconf 83' lang='lat' dir='ltr'>non</span> <span class='ocrx_word' id='word_1_262' title='bbox 818 4444 918 4516; x_wconf 84' lang='lat' dir='ltr'>sunt</span> <span class='ocrx_word' id='word_1_263' title='bbox 953 4427 1012 4514; x_wconf 87' lang='lat' dir='ltr'>ita</span> <span class='ocrx_word' id='word_1_264' title='bbox 1058 4445 1104 4514; x_wconf 90' lang='lat' dir='ltr'>ut</span> <span class='ocrx_word' id='word_1_265' title='bbox 1140 4426 1371 4514; x_wconf 83' lang='lat' dir='ltr'>simoniam</span> <span class='ocrx_word' id='word_1_266' title='bbox 1410 4427 1453 4512; x_wconf 89' lang='lat' dir='ltr'>in</span> <span class='ocrx_word' id='word_1_267' title='bbox 1489 4423 1552 4513; x_wconf 91' lang='lat' dir='ltr'>eis</span> <span class='ocrx_word' id='word_1_268' title='bbox 1585 4452 1701 4513; x_wconf 83' lang='lat' dir='ltr'>com·</span> 
     </span>
     <span class='ocr_line' id='line_1_35' title="bbox 54 4548 1701 4642; baseline 0.008 -16"><span class='ocrx_word' id='word_1_269' title='bbox 54 4623 55 4626; x_wconf 13' lang='lat' dir='ltr'>i</span> <span class='ocrx_word' id='word_1_270' title='bbox 191 4548 416 4640; x_wconf 87' lang='lat' dir='ltr'>mittentes</span> <span class='ocrx_word' id='word_1_271' title='bbox 450 4555 509 4641; x_wconf 88' lang='lat' dir='ltr'>ab</span> <span class='ocrx_word' id='word_1_272' title='bbox 552 4551 1027 4642; x_wconf 80' lang='lat' dir='ltr'>excommunicationis</span> <span class='ocrx_word' id='word_1_273' title='bbox 1066 4551 1167 4638; x_wconf 89' lang='lat' dir='ltr'>labe</span> <span class='ocrx_word' id='word_1_274' title='bbox 1209 4551 1434 4637; x_wconf 88' lang='lat' dir='ltr'>immunes</span> <span class='ocrx_word' id='word_1_275' title='bbox 1463 4549 1551 4634; x_wconf 87' lang='lat' dir='ltr'>siut</span> <span class='ocrx_word' id='word_1_276' title='bbox 1585 4549 1701 4638; x_wconf 85' lang='lat' dir='ltr'>iudi-</span> 
     </span>
     <span class='ocr_line' id='line_1_36' title="bbox 190 4670 1703 4790; baseline 0.001 -32"><span class='ocrx_word' id='word_1_277' title='bbox 190 4672 335 4760; x_wconf 88' lang='lat' dir='ltr'>candi.</span> <span class='ocrx_word' id='word_1_278' title='bbox 383 4677 535 4765; x_wconf 78' lang='lat' dir='ltr'>Canon</span> <span class='ocrx_word' id='word_1_279' title='bbox 584 4679 705 4765; x_wconf 90' lang='lat' dir='ltr'>enim</span> <span class='ocrx_word' id='word_1_280' title='bbox 756 4694 906 4764; x_wconf 86' lang='lat' dir='ltr'>rectae</span> <span class='ocrx_word' id='word_1_281' title='bbox 950 4672 1332 4790; x_wconf 85' lang='lat' dir='ltr'>interpretationis</span> <span class='ocrx_word' id='word_1_282' title='bbox 1378 4670 1617 4760; x_wconf 72' lang='lat' dir='ltr'>serumsert</span> <span class='ocrx_word' id='word_1_283' title='bbox 1652 4691 1703 4760; x_wconf 85' lang='lat' dir='ltr'>ut</span> 
     </span>
     <span class='ocr_line' id='line_1_37' title="bbox 188 4793 1696 4920; baseline 0.001 -35"><span class='ocrx_word' id='word_1_284' title='bbox 188 4801 400 4910; x_wconf 81' lang='lat' dir='ltr'>poenales</span> <span class='ocrx_word' id='word_1_285' title='bbox 434 4801 552 4920; x_wconf 79' lang='lat' dir='ltr'>leges</span> <span class='ocrx_word' id='word_1_286' title='bbox 601 4801 799 4890; x_wconf 87' lang='lat' dir='ltr'>strictam</span> <span class='ocrx_word' id='word_1_287' title='bbox 851 4796 1267 4914; x_wconf 87' lang='lat' dir='ltr'>interpretationem</span> <span class='ocrx_word' id='word_1_288' title='bbox 1313 4793 1539 4913; x_wconf 79' lang='lat' dir='ltr'>patiantur</span> <span class='ocrx_word' id='word_1_289' title='bbox 1572 4797 1696 4886; x_wconf 81' lang='lat' dir='ltr'>iuxta</span> 
     </span>
     <span class='ocr_line' id='line_1_38' title="bbox 188 4917 1697 5043; baseline 0.005 -41"><span class='ocrx_word' id='word_1_290' title='bbox 188 4917 297 5008; x_wconf 86' lang='lat' dir='ltr'>iuris</span> <span class='ocrx_word' id='word_1_291' title='bbox 328 4925 597 5043; x_wconf 84' lang='lat' dir='ltr'>principium</span> <span class='ocrx_word' id='word_1_292' title='bbox 630 4923 854 5012; x_wconf 82' lang='lat' dir='ltr'>lit-matum</span> <span class='ocrx_word' id='word_1_293' title='bbox 893 4924 940 5010; x_wconf 90' lang='lat' dir='ltr'>in-</span> <span class='ocrx_word' id='word_1_294' title='bbox 967 4954 1062 5038; x_wconf 89' lang='lat' dir='ltr'>cop.</span> <span class='ocrx_word' id='word_1_295' title='bbox 1089 4919 1203 5008; x_wconf 70' lang='lat' dir='ltr'>didio</span> <span class='ocrx_word' id='word_1_296' title='bbox 1225 4921 1288 5006; x_wconf 87' lang='lat' dir='ltr'>De</span> <span class='ocrx_word' id='word_1_297' title='bbox 1321 4953 1410 5037; x_wconf 78' lang='lat' dir='ltr'>rep.</span> <span class='ocrx_word' id='word_1_298' title='bbox 1438 4919 1554 5005; x_wconf 84' lang='lat' dir='ltr'>iuris</span> <span class='ocrx_word' id='word_1_299' title='bbox 1583 4919 1629 5007; x_wconf 80' lang='lat' dir='ltr'>in</span> <span class='ocrx_word' id='word_1_300' title='bbox 1665 4923 1697 5009; x_wconf 79' lang='grc' dir='ltr'>θ’</span> 
     </span>
     <span class='ocr_line' id='line_1_39' title="bbox 72 5043 1697 5168; baseline 0.004 -43"><span class='ocrx_word' id='word_1_301' title='bbox 72 5122 73 5125; x_wconf 11' lang='grc' dir='ltr'>ι</span> <span class='ocrx_word' id='word_1_302' title='bbox 187 5057 230 5128; x_wconf 88' lang='lat' dir='ltr'>et</span> <span class='ocrx_word' id='word_1_303' title='bbox 244 5043 345 5160; x_wconf 68' lang='lat' dir='ltr'>Lep.</span> <span class='ocrx_word' id='word_1_304' title='bbox 367 5045 472 5136; x_wconf 82' lang='lat' dir='ltr'>Cum</span> <span class='ocrx_word' id='word_1_305' title='bbox 490 5049 663 5167; x_wconf 80' lang='lat' dir='ltr'>quidam</span> <span class='ocrx_word' id='word_1_306' title='bbox 681 5047 732 5168; x_wconf 82' lang='lat' dir='ltr'>ff.</span> <span class='ocrx_word' id='word_1_307' title='bbox 757 5048 808 5134; x_wconf 86' lang='lat' dir='ltr'>de</span> <span class='ocrx_word' id='word_1_308' title='bbox 822 5045 898 5134; x_wconf 77' lang='lat' dir='ltr'>tib.</span> <span class='ocrx_word' id='word_1_309' title='bbox 926 5065 964 5134; x_wconf 90' lang='lat' dir='ltr'>et</span> <span class='ocrx_word' id='word_1_310' title='bbox 982 5043 1195 5160; x_wconf 75' lang='lat' dir='ltr'>posticum.</span> <span class='ocrx_word' id='word_1_311' title='bbox 1214 5092 1243 5108; x_wconf 95' lang='lat'>-</span> <span class='ocrx_word' id='word_1_312' title='bbox 1260 5043 1374 5132; x_wconf 76' lang='lat' dir='ltr'>Odia</span> <span class='ocrx_word' id='word_1_313' title='bbox 1398 5060 1492 5130; x_wconf 75' lang='lat' dir='ltr'>suat</span> <span class='ocrx_word' id='word_1_314' title='bbox 1513 5047 1697 5132; x_wconf 71' lang='lat' dir='ltr'>restriu-</span> 
     </span>
     <span class='ocr_line' id='line_1_40' title="bbox 116 5166 1698 5292; baseline 0.005 -42"><span class='ocrx_word' id='word_1_315' title='bbox 116 5209 119 5216; x_wconf 50' lang='lat'><strong><em>⁴</em></strong></span> <span class='ocrx_word' id='word_1_316' title='bbox 184 5167 314 5280; x_wconf 77' lang='lat' dir='ltr'>pendi</span> <span class='ocrx_word' id='word_1_317' title='bbox 344 5189 383 5259; x_wconf 87' lang='lat' dir='ltr'>et</span> <span class='ocrx_word' id='word_1_318' title='bbox 413 5172 583 5292; x_wconf 77' lang='lat' dir='ltr'>favores</span> <span class='ocrx_word' id='word_1_319' title='bbox 616 5169 876 5287; x_wconf 82' lang='lat' dir='ltr'>ampliandi.</span> <span class='ocrx_word' id='word_1_320' title='bbox 912 5169 1141 5259; x_wconf 90' lang='lat' dir='ltr'>-Salaria</span> <span class='ocrx_word' id='word_1_321' title='bbox 1176 5184 1324 5256; x_wconf 79' lang='lat' dir='ltr'>autem</span> <span class='ocrx_word' id='word_1_322' title='bbox 1360 5166 1616 5286; x_wconf 87' lang='lat' dir='ltr'>dequibus</span> <span class='ocrx_word' id='word_1_323' title='bbox 1652 5168 1698 5258; x_wconf 89' lang='lat' dir='ltr'>in</span> 
     </span>
     <span class='ocr_line' id='line_1_41' title="bbox 188 5289 1699 5416; baseline 0.005 -42"><span class='ocrx_word' id='word_1_324' title='bbox 188 5289 379 5382; x_wconf 83' lang='lat' dir='ltr'>themate</span> <span class='ocrx_word' id='word_1_325' title='bbox 401 5293 448 5383; x_wconf 81' lang='lat' dir='ltr'>lit</span> <span class='ocrx_word' id='word_1_326' title='bbox 474 5329 639 5401; x_wconf 84' lang='lat' dir='ltr'>sermo,</span> <span class='ocrx_word' id='word_1_327' title='bbox 675 5295 855 5416; x_wconf 83' lang='lat' dir='ltr'>proprie</span> <span class='ocrx_word' id='word_1_328' title='bbox 887 5292 1007 5383; x_wconf 82' lang='lat' dir='ltr'>dieta</span> <span class='ocrx_word' id='word_1_329' title='bbox 1039 5312 1082 5382; x_wconf 90' lang='lat' dir='ltr'>et</span> <span class='ocrx_word' id='word_1_330' title='bbox 1119 5293 1209 5380; x_wconf 87' lang='lat' dir='ltr'>veri</span> <span class='ocrx_word' id='word_1_331' title='bbox 1255 5291 1446 5379; x_wconf 88' lang='lat' dir='ltr'>nominis</span> <span class='ocrx_word' id='word_1_332' title='bbox 1478 5289 1699 5381; x_wconf 83' lang='lat' dir='ltr'>beneficia</span> 
     </span>
     <span class='ocr_line' id='line_1_42' title="bbox 185 5413 1705 5534; baseline 0.003 -35"><span class='ocrx_word' id='word_1_333' title='bbox 185 5415 370 5505; x_wconf 86' lang='lat' dir='ltr'>minime</span> <span class='ocrx_word' id='word_1_334' title='bbox 401 5423 671 5510; x_wconf 70' lang='lat' dir='ltr'>constituere</span> <span class='ocrx_word' id='word_1_335' title='bbox 705 5420 931 5509; x_wconf 78' lang='lat' dir='ltr'>videntur.</span> <span class='ocrx_word' id='word_1_336' title='bbox 953 5414 1330 5534; x_wconf 85' lang='lat' dir='ltr'>Quandoquidem</span> <span class='ocrx_word' id='word_1_337' title='bbox 1363 5415 1399 5502; x_wconf 92' lang='lat' dir='ltr'>si</span> <span class='ocrx_word' id='word_1_338' title='bbox 1436 5413 1555 5530; x_wconf 87' lang='lat' dir='ltr'>ipsae</span> <span class='ocrx_word' id='word_1_339' title='bbox 1590 5443 1705 5534; x_wconf 86' lang='lat' dir='ltr'>pen·-</span> 
     </span>
     <span class='ocr_line' id='line_1_43' title="bbox 183 5535 1697 5636; baseline 0.001 -12"><span class='ocrx_word' id='word_1_340' title='bbox 183 5537 335 5629; x_wconf 83' lang='lat' dir='ltr'>sionos</span> <span class='ocrx_word' id='word_1_341' title='bbox 362 5543 686 5636; x_wconf 83' lang='lat' dir='ltr'>ecclesiasticae</span> <span class='ocrx_word' id='word_1_342' title='bbox 739 5544 918 5634; x_wconf 85' lang='lat' dir='ltr'>nomine</span> <span class='ocrx_word' id='word_1_343' title='bbox 960 5539 1171 5631; x_wconf 88' lang='lat' dir='ltr'>beneficii</span> <span class='ocrx_word' id='word_1_344' title='bbox 1219 5540 1261 5626; x_wconf 94' lang='lat' dir='ltr'>in</span> <span class='ocrx_word' id='word_1_345' title='bbox 1297 5535 1463 5626; x_wconf 85' lang='lat' dir='ltr'>odiosis</span> <span class='ocrx_word' id='word_1_346' title='bbox 1497 5569 1585 5626; x_wconf 93' lang='lat' dir='ltr'>non</span> <span class='ocrx_word' id='word_1_347' title='bbox 1623 5565 1697 5626; x_wconf 87' lang='lat' dir='ltr'>re-</span> 
     </span>
    </p>
   </div>
   <div class='ocr_carea' id='block_1_2' title="bbox 1450 5661 1554 5752">
    <p class='ocr_par' dir='ltr' id='par_1_2' title="bbox 1450 5661 1554 5752">
     <span class='ocr_line' id='line_1_44' title="bbox 1450 5661 1554 5752; baseline 0.029 -3"><span class='ocrx_word' id='word_1_348' title='bbox 1450 5661 1554 5752; x_wconf 85' lang='grc' dir='ltr'>Ι67</span> 
     </span>
    </p>
   </div>
   <div class='ocr_carea' id='block_1_3' title="bbox 0 0 2180 6326">
    <p class='ocr_par' dir='ltr' id='par_1_3' title="bbox 0 0 2180 6326">
     <span class='ocr_line' id='line_1_45' title="bbox 0 0 2180 6326; baseline 0 5"><span class='ocrx_word' id='word_1_349' title='bbox 0 0 2180 6326; x_wconf 95' lang='lat' dir='ltr'> </span> 
     </span>
    </p>
   </div>
  </div>
 </body>
</html>
