4516 6318
745 354 830 442 Die
861 353 921 443 15
952 337 1177 442 Februarii
1209 354 1347 444 1879.
1701 353 1790 444 155

434 617 864 820 lilaruuurcnn.
901 725 1232 816 nancrroars
1264 725 1465 816 nonus
1495 725 1800 840 uarrrsna-
1831 727 1937 820 aa.
1962 733 2014 822 at
2055 766 2149 857 cap.
2185 741 2217 832 ι

306 853 412 944 LlS.
449 895 480 928 =
511 853 580 938 De
615 849 693 937 hac
725 848 1017 938 controversia
1049 868 1194 940 actum
1229 850 1315 940 iam
1362 851 1442 938 luit
1476 846 1517 934 in
1555 847 1694 966 plenis
1726 882 1798 940 co·
1831 853 1883 942 cle
1896 855 2086 980 Reform.

301 977 438 1066 mitiis
455 974 607 1064 dieat
628 972 807 1090 Augusti
837 971 1120 1092 praeterlapsi
1152 976 1254 1061 anni
1296 973 1483 1074 habitiS,
1519 986 1564 1060 et
1609 971 1796 1064 dubium

303 1100 347 1188 in
380 1099 496 1188 calce
530 1095 723 1214 positum
757 1097 815 1184 ob
847 1092 1152 1212 suffragiorum
1183 1097 1415 1212 paritatem
1449 1094 1680 1184 dimissum
1716 1096 1797 1185 luit

305 1253 515 1340 responso
551 1219 703 1306 lteram
735 1233 1015 1334 proponatur.
1052 1220 1270 1330 Quoniam
1295 1221 1429 1337 igitur
1447 1217 1578 1308 hodie
1598 1221 1682 1306 EE.
1699 1221 1793 1308 VV.

305 1346 519 1435 iudicium
557 1342 718 1429 iterum
752 1341 887 1439 subit,
933 1371 1018 1428 non
1046 1342 1125 1429 abs
1165 1374 1210 1430 re
1242 1343 1342 1446 erit,
1379 1343 1599 1460 quaedam
1634 1341 1692 1430 de
1725 1342 1798 1432 illa

305 1470 554 1585 disputare,
577 1495 693 1582 quae
718 1464 960 1554 faciliorem
983 1462 1127 1552 eidem
1148 1464 1427 1555 dirimendae
1461 1465 1575 1553 viam
1610 1481 1806 1556 sternere

313 1591 566 1681 videantur.

442 1717 505 1801 Ao
538 1709 753 1830 principio
791 1709 972 1828 quidem
993 1710 1438 1800 animadvertendum
1459 1726 1523 1798 est
1546 1740 1645 1797 curn
1665 1707 1800 1799 Card.

308 1842 439 1928 Petra
476 1833 533 1922 od
567 1834 746 1921 Constit.
776 1833 822 1918 ΙΙ
851 1834 1051 1950 Grcporii
1084 1833 1167 1936 XI,
1207 1834 1271 1923 ius
1304 1832 1557 1952 baptizandi
1592 1831 1802 1950 praescri-

306 1962 354 2050 bi
390 1989 516 2077 posse
553 1973 645 2044 tum
670 1973 818 2045 contra
839 1957 1092 2063 Ecclesiam,
1118 1975 1208 2044 tam
1232 1973 1381 2046 contra
1405 1957 1660 2078 parochnm.
1685 1957 1800 2046 Con-

309 2101 375 2173 tra
411 2079 663 2170 Ecclesiam:
701 2110 803 2168 nam
838 2080 916 2168 etsi
953 2080 1214 2198 regulariter
1258 2082 1401 2170 omnis
1447 2080 1633 2170 Ecclesia
1663 2109 1800 2198 paro-

307 2204 475 2308 chialiS,
517 2201 774 2321 praesertim
809 2220 932 2290 extra
965 2203 1164 2308 ltaliam,
1201 2204 1257 2292 sit
1289 2203 1563 2322 baptismalis
1602 2220 1647 2290 et
1688 2200 1801 2290 rice-

309 2359 453 2431 rersa,
491 2327 536 2414 id
574 2342 723 2415 tamen
772 2357 860 2413 non
907 2326 1018 2415 adeo
1051 2358 1151 2416 cum
1188 2328 1515 2444 parochialitate
1551 2351 1798 2414 connexum

310 2469 375 2542 est
406 2466 456 2540 ut
488 2479 586 2536 cam
623 2451 868 2538 necessario
901 2467 1111 2568 sequatur
1148 2467 1224 2538 aut
1257 2450 1430 2540 inlerat:
1470 2450 1547 2538 loc.
1575 2450 1648 2536 cit.
1674 2481 1716 2534 n.
1740 2447 1800 2534 15

310 2605 421 2693 seqq.
459 2571 588 2660 Unde
624 2571 812 2660 Ecclesia
856 2603 911 2660 ex
944 2572 1174 2692 privilegio
1208 2591 1282 2662 aut
1337 2571 1679 2690 praescriptione
1732 2600 1801 2658 ao-

309 2697 486 2819 qairere
521 2711 663 2811 potest
696 2697 762 2783 ius
794 2695 1011 2785 retinendi
1055 2697 1221 2786 lontem
1267 2697 1598 2813 Baptismalem.
1635 2695 1798 2784 Contra
1841 2716 1845 2724 ·

310 2822 571 2940 parochurn3
610 2848 713 2905 nam
750 2847 835 2904 non
870 2849 1021 2908 omnes
1054 2819 1233 2936 parochi
1265 2820 1486 2936 baptisma
1519 2820 1606 2908 suis
1644 2816 1801 2904 oribus

313 2944 563 3033 ministrare
596 2955 796 3058 possunt,
823 2939 901 3030 sed
925 2957 1092 3030 tanturn
1130 2943 1174 3042 ii,
1202 2945 1280 3063 qui
1321 2943 1518 3032 hicclesiis
1551 2939 1801 3030 Matricibus

311 3079 388 3156 aut
409 3065 743 3182 baptismalibus
767 3081 998 3182 praesuut;
1025 3065 1129 3184 quia
1147 3065 1327 3157 lacultas
1349 3064 1618 3184 baptizandi,
1645 3093 1800 3180 quem·

313 3190 552 3279 admodum
603 3205 644 3278 et
695 3186 970 3304 sepeliendi,
1007 3220 1057 3278 ac
1090 3188 1281 3278 decimas
1313 3219 1387 3278 seu
1422 3187 1667 3277 oblationes
1703 3185 1802 3302 pri-

314 3313 545 3434 mitiasque
577 3311 798 3429 exigendi,
838 3311 1009 3400 tametsi
1041 3311 1273 3400 interiora
1296 3310 1560 3430 parochialia
1583 3306 1802 3398 accenseri

316 3436 487 3537 valeat,
536 3453 668 3554 atque
728 3433 889 3522 indicet
930 3434 1165 3523 Ecclesiam
1210 3463 1302 3524 esse
1348 3435 1668 3553 parochialem,
1707 3460 1793 3519 uon

311 3573 459 3649 tamen
481 3575 547 3648 est
563 3557 896 3648 constitutivum
930 3557 1148 3647 Ecclesiae
1180 3557 1456 3676 parochialis,
1478 3589 1581 3646 cum
1605 3555 1712 3644 haec
1736 3570 1799 3642 ta-

313 3681 365 3770 lis
397 3711 493 3784 ,esse
527 3681 659 3799 possit
693 3681 861 3769 etiamsi
897 3678 1061 3770 lontern
1111 3681 1418 3798 baptismalem
1464 3711 1551 3770 non
1583 3676 1797 3766 obtineat.
1937 3769 1940 3778 ,

311 3807 459 3919 Quare
492 3805 567 3922 qui
605 3805 839 3893 Ecclesiam
874 3804 992 3892 illam
1028 3803 1153 3922 regit,
1190 3835 1305 3926 quae
1354 3805 1522 3894 lontem
1555 3801 1794 3919 baptisma·

316 3928 403 4016 lem
439 3927 647 4044 possidet,
684 3927 983 4046 praescribere
1015 3943 1156 4046 potest
1205 3930 1268 4016 ius
1311 3925 1580 4046 baptismum
1613 3924 1799 4014 aliarum

313 4051 603 4140 Ecclesiarum
653 4050 839 4140 subditis
880 4048 1172 4146 ministrandi,
1225 4053 1441 4143 Hactenus
1490 4051 1532 4138 in
1584 4046 1800 4142 sententia

314 4173 563 4264 cardinatis
596 4178 739 4262 Petra.

440 4299 502 4385 Ex
534 4297 672 4386 altera
714 4311 837 4414 parte
882 4313 1049 4385 certum
1089 4312 1186 4400 est,
1234 4295 1298 4386 ius
1334 4297 1562 4416 proprium
1595 4328 1646 4396 ac
1679 4291 1799 4382 nati-

319 4449 423 4508 vum
467 4449 561 4509 esse
608 4418 866 4539 Episcopis,
902 4450 1002 4509 cnm
1052 4449 1185 4512 novas
1235 4421 1453 4536 paroecias
1498 4452 1578 4538 pro
1618 4437 1819 4508 suarum·

316 4543 466 4632 orium
503 4545 755 4631 necessitate
789 4542 1057 4645 instituendi,
1096 4542 1372 4630 taminiam
1404 4541 1613 4630 institutis
1646 4571 1700 4628 ex
1722 4569 1793 4626 ea·

316 4666 417 4756 dem
454 4665 709 4754 necessitate
743 4663 907 4754 loutem
941 4667 1245 4784 baptismalem
1280 4664 1494 4783 erigendi.
1536 4666 1594 4754 ht
1626 4660 1801 4782 quando

296 4789 462 4909 ‘aliqua
495 4787 683 4877 Ecclesia
715 4788 786 4876 vel
819 4789 1031 4905 parochus
1064 4789 1279 4906 privativo
1313 4785 1562 4876 huiusmodi
1602 4787 1697 4874 iure
1732 4783 1801 4872 vel

317 4943 372 5002 ex
405 4911 634 5030 privilegio
669 4911 737 5000 vel
785 4943 840 5000 ex
882 4910 1201 5002 cousuetudine
1246 4909 1425 5029 pacifice
1468 4910 1640 5028 pollet,
1693 4923 1798 4996 tunc

316 5035 553 5154 Episcopus
586 5033 760 5124 videtur
791 5065 877 5122 non
912 5065 1053 5153 posse,
1090 5035 1340 5126 huiusmodi
1373 5035 1468 5123 iure
1507 5034 1590 5123 iam
1624 5028 1797 5151 quaesi·

319 5177 363 5246 to
395 5187 495 5248 eam
531 5158 763 5246 Ecclesiam
798 5158 866 5248 vel
903 5159 1143 5276 parochum
1178 5159 1366 5274 privare,
1415 5158 1495 5246 nisi
1530 5156 1672 5246 adsint
1706 5185 1799 5271 gra·

318 5313 392 5371 ves
423 5311 595 5379 causae,
632 5311 749 5399 quae
782 5281 1014 5401 aliquoties
1047 5280 1279 5370 infantium
1313 5282 1533 5399 baptisma
1566 5307 1800 5371 remoren-

320 5424 405 5509 tur,
443 5405 512 5494 vel
546 5403 807 5520 impediant.
844 5405 934 5492 lloc
966 5403 1083 5492 enirn
1116 5403 1161 5491 in
1192 5435 1294 5492 casu
1326 5403 1415 5493 duo
1463 5403 1556 5492 iura
1608 5403 1723 5492 inter
1754 5430 1800 5489 se

314 5529 622 5632 decertarent3
651 5527 716 5614 ius
729 5527 941 5618 Ecclesiae
972 5542 1015 5616 et
1049 5527 1224 5646 parochi
1260 5526 1315 5618 ad
1347 5526 1621 5646 baptismum
1654 5523 1800 5616 conle-
