4516 6318
709 337 882 428 Dicto
914 333 1140 425 Februarii
1151 335 1313 428 tutu.
1663 337 1754 429 l53

267 463 448 556 ‹lomino
485 475 613 552 nocet
642 461 719 579 qui
753 461 836 550 sibi
870 460 1093 578 imputare
1125 458 1275 563 debet,
1310 455 1433 576 quod
1457 457 1755 576 negligentem

269 590 339 678 vel
375 586 578 676 dolosum
613 601 936 702 procuratorem
969 581 1241 672 constituerit
1273 582 1324 672 t.
1359 581 1461 670 Cum
1486 580 1683 672 morrduto
1702 583 1755 706 ff.

267 710 321 800 cle
355 709 559 798 Minorib.
597 708 769 825 ipsique
804 737 889 796 non
926 705 1082 796 melius
1115 705 1425 822 invigilaverit.
1466 707 1576 796 Cum
1614 705 1762 825 itaque

269 835 313 923 in
347 835 541 922 themate
563 832 841 922 Oeconomus
874 829 1086 920 Girolami
1118 829 1243 944 culpa
1274 845 1317 916 et
1352 829 1620 948 negligentia
1662 863 1761 948 pro·

268 956 484 1048 curatoris
516 956 574 1044 ub
607 985 660 1042 eo
692 953 913 1044 constituti
948 985 1076 1042 causa
1109 951 1334 1055 ceciderit,
1373 969 1416 1040 et
1449 953 1541 1040 500
1580 953 1763 1042 libellu-

200 1079 203 1088 “
270 1109 367 1170 rum
403 1077 605 1194 expensis
638 1075 817 1164 obviarn
853 1077 1008 1166 iverit:
1045 1105 1099 1164 ex
1133 1076 1212 1164 boc
1259 1075 1457 1194 sequitur
1506 1077 1624 1193 quod
1666 1077 1760 1196 ipse

269 1202 483 1318 mundans
506 1201 588 1288 boc
609 1198 820 1288 damnum
847 1200 971 1288 unice
994 1197 1238 1316 persentire
1260 1199 1449 1306 debeut3
1476 1229 1528 1288 eo
1561 1201 1678 1319 quod
1704 1202 1761 1292 ad

274 1326 420 1444 ipsum
447 1339 614 1412 tuntum
635 1322 886 1439 pertinebat.
915 1323 972 1412 de
994 1323 1171 1439 proprio
1190 1322 1365 1439 negotio
1384 1322 1591 1410 maiorem
1611 1354 1760 1414 coram

275 1449 456 1538 babere.
470 1445 687 1536 Audiatur
703 1475 807 1534 surte
830 1445 936 1564 quid
955 1445 1008 1534 ud
1033 1476 1125 1532 rem
1146 1447 1311 1536 ll.S.0.
1329 1445 1480 1534 scribit
1502 1446 1758 1565 Episcopus:

281 1570 446 1693 «focile
466 1587 556 1656 eret
579 1569 706 1656 citato
717 1568 927 1685 Entppclio
949 1568 1157 1656 Girolmui
1176 1569 1364 1684 excipere
1386 1569 1430 1654 in
1454 1567 1614 1654 iudicio
1640 1575 1764 1660 Acto-

271 1727 354 1784 rum
388 1690 544 1781 Cir-itti
574 1693 688 1780 omni
723 1691 852 1806 lepoli
884 1693 1043 1780 actione
1075 1709 1220 1780 contro
1253 1693 1388 1806 ipsum
1411 1723 1492 1778 esse
1514 1689 1755 1782 destitutum

271 1850 318 1905 oc
348 1831 573 1934 propterea
607 1813 657 1900 ab
689 1812 972 1902 obseruatione
1006 1813 1162 1902 iudicii
1195 1846 1276 1902 csse
1306 1829 1553 1930 exemptum.
1596 1855 1613 1894 ι

394 1941 570 2026 Frustra
608 1967 725 2042 vero,
763 1937 818 2026 ad
853 1937 1030 2026 huiusce
1061 1937 1450 2058 argumentationis
1485 1937 1572 2026 vim
1597 1937 1759 2028 debili·

270 2059 710 2177 tandum,opponere
732 2059 911 2150 videtur
934 2060 1165 2164 Girolami,
1194 2091 1346 2150 verum
1371 2059 1653 2150 mandantem
1680 2093 1760 2152 seu

268 2186 501 2278 dominum
523 2183 651 2272 huius
670 2182 818 2274 iudicii
843 2183 976 2272 luisse
998 2182 1254 2272 delonctum
1280 2185 1541 2300 Episcopum
1559 2185 1758 2276 Belletti:

269 2311 350 2400 boc
384 2305 501 2396 enim
536 2337 590 2394 ex
625 2305 833 2394 laetorum
868 2305 1044 2394 historia
1080 2337 1168 2394 non
1201 2325 1398 2424 apparet.
1437 2307 1634 2398 Resultat
1667 2309 1763 2427 qui·

267 2433 370 2522 dem
411 2428 531 2548 quod
566 2428 826 2548 Episcopus,
865 2429 921 2518 ud
954 2430 1295 2548 expugnandum
1317 2431 1557 2521 Oeconomi
1596 2430 1763 2522 Girola·

268 2559 329 2644 mi
366 2553 706 2658 reluctantium,
759 2552 959 2670 promisit
1007 2583 1053 2642 se
1105 2585 1317 2672 expensas
1367 2553 1629 2642 necessarias
1666 2554 1763 2644 lore

269 2678 538 2779 soluturum,
566 2675 750 2794 etquod
785 2676 917 2764 etium
953 2692 1279 2792 procuratorem
1314 2675 1580 2791 indigitavit:
1601 2693 1641 2764 ut
1678 2708 1766 2766 mu·

270 2799 425 2890 nileste
459 2829 545 2888 non
580 2799 789 2915 erumpit,
826 2798 944 2918 quod
969 2799 1128 2918 ipsein
1163 2801 1305 2890 locum
1329 2798 1527 2890 Oratoris
1559 2801 1761 2890 successit

268 2925 384 3013 bunc
416 2923 758 3012 controversiam
796 2923 917 3010 inse
964 2923 1257 3040 suscipiendo,
1297 2922 1516 3043 necquod
1552 2923 1761 3012 eumdem

259 3047 414 3166 coegit
464 3047 517 3135 ud
565 3045 703 3152 illurn,
741 3062 783 3132 et
820 3045 1000 3136 minime
1040 3047 1176 3136 aliurn
1219 3049 1551 3136 Procuratorem
1588 3045 1764 3166 eligen-

268 3172 414 3262 dum..
433 3173 681 3288 Eapropter
703 3169 981 3260 Oeconomus
1004 3169 1216 3260 Girolumi
1235 3189 1457 3289 tamquam
1486 3199 1615 3258 verus
1639 3201 1760 3258 man·

273 3291 417 3396 daus,
454 3325 530 3381 seu
581 3323 710 3382 verus
744 3292 828 3380 litis
862 3292 1068 3382 dominus
1086 3293 1319 3382 habendus
1340 3309 1448 3396 erat,
1485 3292 1637 3412 quide
1660 3324 1763 3412 pro·

272 3415 483 3506 curatoris
505 3416 632 3534 culpa
647 3417 738 3504 sive
763 3415 1024 3534 negligentia
1042 3419 1294 3524 tenebratum
1329 3417 1519 3506 maxime
1538 3417 1644 3534 quia
1667 3417 1763 3536 ipso

269 3539 316 3628 in
351 3539 611 3657 Episcopum
650 3539 821 3632 llelletti
857 3539 1106 3630 nullatenus
1141 3539 1312 3630 relondi
1346 3541 1498 3644 debet,
1524 3538 1631 3627 dum
1653 3571 1762 3660 pou·

269 3692 342 3752 cos
376 3678 472 3780 post
504 3663 600 3753 dies
619 3663 678 3752 ab
701 3663 878 3752 huiusce
900 3663 1094 3752 mandati
1118 3664 1405 3770 exhibitione,
1434 3679 1669 3784 antequam
1709 3663 1762 3752 lis

269 3785 473 3878 ineboalu
507 3803 636 3882 esset,
673 3817 929 3906 supremum
963 3785 1082 3878 diem
1118 3789 1334 3876 obiveral.

400 3912 583 4013 Verum,
614 3909 892 4030 prosequitur
930 3910 1180 4028 Episcopus,
1219 3911 1324 4000 tluto
1353 3909 1483 3998 etiam
1522 3908 1763 4028 quodEpi-

265 4063 424 4151 scopus
462 4033 639 4124 llelletti
673 4033 807 4123 veluti
847 4033 932 4120 litis
966 4032 1174 4124 dominus
1212 4031 1443 4122 habendus
1481 4032 1573 4138 sit,
1611 4049 1760 4120 tamen

268 4157 506 4247 Oeconomi
536 4185 664 4246 eausa
701 4156 806 4246 nibil
840 4155 1098 4274 proficeret,
1134 4187 1186 4248 eo
1235 4157 1352 4276 quod
1400 4155 1622 4276 praelatus
1655 4155 1756 4275 Epi·

268 4311 440 4398 scopus,
478 4310 569 4366 non
606 4293 826 4398 tamquam
862 4279 1083 4369 Dioecesis
1114 4280 1391 4385 Ordinurius,
1418 4277 1579 4368 seduli
1616 4310 1763 4395 perso-

268 4431 324 4492 na
359 4402 530 4521 privata
564 4403 644 4490 hoc
676 4403 881 4490 debitum
918 4403 1148 4492 contraxit.
1188 4407 1387 4491 lumvero
1434 4431 1533 4490 carm
1584 4402 1641 4488 de
1675 4401 1763 4490 ltu-

271 4523 463 4614 iusmodi
499 4525 844 4642 obligationibus
877 4527 1087 4618 haeredes
1131 4529 1223 4615 sive
1264 4525 1468 4644 legitimi,
1506 4524 1597 4611 sive
1630 4537 1761 4612 testu·-

271 4649 475 4748 mentari'i
525 4649 1018 4764 responderedebeunt,
1040 4652 1251 4770 sequitur,
1279 4647 1398 4767 quod
1432 4644 1674 4736 consultius
1716 4661 1761 4734 et

269 4772 416 4862 utilius
438 4773 715 4862 Oeconomus
743 4772 936 4890 egisset,
972 4775 1006 4862 si
1045 4789 1194 4863 contra
1231 4771 1493 4860 vbuiusntorli
1542 4769 1758 4860 haeredes

268 4925 347 4984 sua
383 4895 601 4984 rationum
640 4913 864 4984 momenta
898 4895 1017 5014 apud
1053 4895 1242 4988 tribunal
1293 4896 1419 4986 civile
1451 4892 1782 5012 expendbset»

268 5016 469 5108 Tandem
505 5048 742 5138 parumper
774 5019 978 5120 admisso,
1006 5019 1084 5109 sed
1113 5049 1354 5138 numquam
1379 5048 1597 5122 concesso,
1626 5015 1755 5134 quod

268 5139 381 5230 banc
413 5145 751 5231 controversiam
787 5159 829 5229 et
862 5143 1142 5232 subsecutum
1173 5141 1486 5259 obligationem
1522 5139 1585 5228 uti
1618 5142 1757 5229 Dioc-

269 5262 376 5356 eesis
408 5264 669 5358 Ordiourius
700 5265 941 5383 Episcopus
975 5265 1149 5355 Belletti
1192 5264 1475 5380 suscepisset,
1513 5277 1560 5352 ut
1593 5293 1759 5381 expen-

268 5417 413 5478 sarum
448 5388 728 5478 relectionem
763 5419 787 5475 a
819 5387 949 5480 Carrio
999 5404 1199 5504 repetat,
1236 5404 1384 5477 lamen
1418 5383 1556 5474 fixum
1589 5405 1634 5475 et
1667 5387 1757 5476 im-

268 5527 439 5600 motum
491 5529 715 5615 remanet,
761 5509 882 5628 quod
928 5512 1108 5600 actualis
1150 5512 1388 5631 Episcopus
1421 5509 1478 5600 de
1523 5509 1756 5599 huiusmo-

1566 5653 1628 5740 20
