4516 6318
542 321 633 412 121
984 320 1067 406 Die
1099 319 1159 406 15
1190 315 1418 406 Februarii
1454 317 1590 408 1879.

547 489 564 528 ι
603 445 684 534 hoe
716 470 900 532 munere
932 440 1108 530 iunctus
1140 457 1205 530 est
1237 441 1447 532 Sororum
1479 444 1527 535 8.
1553 441 1710 559 loseph
1732 439 2035 552 Conlessmiut

545 609 565 650 ι
606 584 681 658 aut
712 565 994 682 Capellanus.

673 731 690 770 ι
729 687 777 776 2⁰
810 691 857 775 ln
891 687 1080 777 dioecesi
1115 685 1383 775 virdunensi
1427 687 1541 778 duae
1585 685 1697 775 aliae
1728 687 2041 804 congregotio·

545 855 563 896 ι
603 844 681 901 nes
714 812 919 914 existunt,
970 841 1083 928 quoe
1132 827 1234 898 aitte
1273 840 1421 900 rerum
1482 809 1757 899 eversionem
1813 810 1858 896 in
1892 809 2046 904 Gallio

546 971 565 1018 ι
601 935 816 1027 solemnia
850 949 953 1022 vota
975 932 1327 1052 profitebantur,
1365 963 1480 1022 nunc
1512 951 1662 1022 autem
1695 931 1903 1022 omittunt
1938 948 2040 1024 vota

549 1101 566 1140 e
602 1057 837 1176 simplicia,
871 1073 1023 1172 utpote
1065 1087 1179 1178 quae
1207 1087 1293 1144 non
1317 1055 1404 1144 sint
1445 1072 1617 1145 erectae
1647 1088 1674 1146 a
1706 1059 1891 1148 Summo
1925 1059 2041 1144 Pon-

549 1221 569 1262 «
609 1180 742 1286 tifice,
782 1209 861 1266 nec
892 1179 1129 1268 observent
1162 1178 1409 1268 clausuram
1443 1179 1667 1296 papalem,
1705 1175 1926 1267 videlicet:
1963 1178 2041 1268 do·

547 1343 568 1384 ι
608 1334 706 1392 mus
738 1301 1053 1391 Tertianarum
1096 1305 1145 1396 8.
1182 1301 1399 1391 Dominici
1423 1301 1468 1388 in
1503 1301 1691 1392 Civitate
1723 1298 2036 1408 Buroducensi,

548 1465 566 1504 ι
607 1427 728 1514 etin
763 1424 939 1516 civitate
970 1423 1239 1514 Virdunensi
1283 1421 1443 1512 domus
1458 1424 1779 1543 Religiosarum
1822 1423 2038 1516 Sororum

547 1587 567 1629 ι
604 1549 685 1642 88.
720 1547 958 1641 Salvatoris
1000 1548 1083 1636 sub
1119 1547 1271 1666 regula
1317 1546 1439 1636 Beati
1488 1547 1607 1635 Petri
1651 1545 1862 1650 Foverii,
1898 1577 2035 1664 quam

547 1711 567 1750 ‹
608 1691 755 1761 tamen
790 1703 845 1760 ex
877 1671 1046 1790 integro
1078 1701 1167 1759 non
1191 1672 1443 1760 observant.
1480 1671 1579 1758 Pias
1634 1672 1735 1760 istas
1769 1672 1965 1773 Sorores,
1986 1701 2042 1761 ex

550 1833 568 1872 ι
608 1793 814 1913 eoquod
849 1793 1087 1912 episcopali
1122 1793 1321 1882 clausura
1356 1809 1603 1898 teneamur,
1640 1790 1876 1883 duodecim
1910 1793 2037 1882 circi»

548 1955 568 1997 ι
610 1935 674 2008 ter
720 1917 882 2006 abhinc
929 1916 1054 2005 annis
1123 1921 1179 2004 D.
1219 1916 1464 2005 Ludovicus
1508 1919 1675 2021 Rossat,
1729 1919 1866 2006 llmus
1901 1921 2039 2006 Ante·

551 2079 569 2118 «
606 2071 749 2131 eesser
782 2069 922 2142 meus,
960 2039 1091 2126 nullis
1125 2037 1307 2158 quidem
1341 2041 1584 2130 observatis
1622 2037 1959 2129 formalitatibus
1990 2055 2036 2134 et

549 2203 569 2243 ι
608 2164 767 2252 frustra
801 2162 1140 2252 reclamantibus
1171 2163 1387 2281 parochis,
1448 2161 1606 2252 ditavit
1639 2163 1721 2250 hoc
1762 2161 2034 2280 privilegio,

550 2326 570 2367 ι
609 2305 657 2376 ut
690 2319 713 2374 a
748 2284 1044 2376 iurisdictione
1097 2285 1337 2405 parochiali
1372 2287 1688 2388 eximerentur,
1736 2316 1823 2372 oon
1877 2286 2037 2390 solnm,
2074 2287 2092 2302 ⁸

526 2448 570 2488 xc
609 2409 720 2498 sicut
751 2437 845 2496 mos
877 2424 940 2496 est
973 2405 1092 2524 apud
1127 2413 1219 2513 noS,
1269 2407 1313 2496 in
1346 2410 1628 2500 sacramentis
1660 2406 1938 2525 recipiendis,
1964 2407 2044 2498 sed

552 2571 569 2610 ι
608 2533 741 2621 etiam
783 2532 828 2618 in
857 2528 1087 2620 funeribus
1128 2531 1436 2640 celebrandiS,
1480 2549 1631 2622 contra
1674 2529 2040 2620 consuetudinem

550 2688 570 2734 ι
610 2655 924 2744 universalem.
974 2657 1041 2742 An
1090 2671 1240 2746 autem
1280 2655 1454 2744 duabus
1498 2655 1583 2744 illis
1614 2655 2040 2773 Congregationibns

550 2817 569 2854 v
607 2777 924 2867 asservandum
947 2777 1002 2865 sit
1035 2792 1079 2866 et
1110 2777 1438 2867 obfirmandum
1485 2779 1564 2866 hoc
1596 2777 1881 2896 privilegium
1905 2777 2041 2866 etiam

550 2939 568 2979 ι
607 2900 756 3019 quoad
790 2899 1018 3000 luneralia,
1047 2932 1124 2988 oro
1159 2929 1258 2988 curn
1295 2931 1471 2990 summa
1506 2901 1757 2990 reverentia
1789 2899 2043 2991 diiudicent

549 3061 569 3102 ι
606 3025 878 3112 Effiil’atres
900 3023 948 3112 S.
974 3023 1335 3141 congregationis
1358 3024 1561 3116 Consilii.

678 3189 694 3226 ι
734 3145 781 3236 3⁰
814 3149 862 3234 ln
899 3145 951 3236 iis
988 3175 1102 3263 quae
1122 3161 1319 3262 spectant
1341 3149 1399 3237 nd
1419 3149 1602 3248 Sorores
1624 3148 1670 3238 S.
1697 3147 1854 3264 loseph
1877 3165 1926 3236 ut
1948 3177 2043 3236 ma-

551 3310 570 3350 ι
606 3271 744 3390 gisae
783 3268 920 3388 magis
958 3267 1221 3358 informetur
1257 3273 1469 3360 Emorum
1490 3274 1536 3364 S.
1573 3271 1934 3389 congregationis
1962 3273 2044 3360 Pa·

552 3433 572 3472 ·
611 3414 728 3482 trum
762 3391 1041 3494 conscientia,
1074 3392 1193 3482 haud
1226 3393 1447 3482 inficiatur
1473 3394 1749 3483 humillimus
1778 3424 1932 3483 eornm
1957 3393 2043 3484 lra-

551 3555 572 3596 «
612 3536 679 3606 ter
710 3516 982 3634 Augustinus
1013 3515 1278 3634 Hacquard,
1314 3547 1431 3607 nunc
1462 3518 1752 3608 Virdnnensis
1785 3518 2039 3634 Episcopus,

550 3677 571 3720 ι
610 3671 635 3728 a
668 3671 714 3729 se
748 3638 854 3728 nihil
888 3638 1233 3758 praeiudicatum
1268 3639 1323 3728 ad
1358 3643 1475 3730 hunc
1510 3671 1651 3759 usqne
1683 3669 1866 3746 annum,
1887 3670 1942 3728 ne
1975 3640 2043 3727 in·

551 3801 572 3841 ι
611 3763 853 3854 consultius
886 3761 1141 3879 processisse
1172 3763 1286 3850 inter
1319 3777 1462 3883 partes
1503 3764 1721 3882 litigantes
1776 3763 2037 3869 videretur-3

551 3923 572 3964 ι
610 3901 654 3974 at
689 3917 847 4003 nuper,
884 3915 933 3972 re
976 3885 1055 3974 diu
1094 3883 1374 4004 multumque
1415 3887 1665 3978 examinata
1702 3904 1748 3978 et
1769 3887 2034 4006 ponderate,

555 4047 572 4084 ι
611 4008 819 4097 eumdem
853 4007 1110 4096 Antistitem
1144 4009 1201 4097 ad
1239 4039 1441 4098 normam
1475 4041 1562 4099 nou
1610 4009 1744 4100 modo
1777 4027 2043 4099 statutorum

554 4169 572 4207 ι
609 4133 988 4234 dioecesanorum,
1024 4129 1104 4218 sed
1137 4132 1270 4232 etiam
1304 4133 1414 4222 iuris
1447 4135 1694 4223 communis
1716 4151 1762 4223 et
1783 4131 2042 4222 declaratio·

556 4293 572 4331 ι
612 4280 718 4342 num
752 4255 798 4346 S.
834 4253 1194 4372 Congregationis
1226 4257 1434 4360 Concilii,
1472 4257 1700 4372 speciatim
1731 4255 1824 4346 diei
1856 4257 1907 4344 2l
1949 4256 2043 4346 llu-

555 4413 571 4454 ·
610 4376 723 4497 gusti
760 4377 880 4464 tosa
914 4378 957 4464 in
991 4377 1233 4467 Taurinou.
1269 4395 1315 4466 et
1347 4379 1436 4468 diei
1472 4381 1530 4468 19
1563 4379 1934 4497 Aprittstssttio
1957 4381 2042 4467 Fo-

551 4535 571 4576 ·
611 4501 814 4588 rolivien.
852 4499 1097 4590 decrevisse
1131 4500 1463 4592 marrutenenda
1496 4503 1592 4591 iura
1624 4501 1806 4593 l‘aroelri
1838 4500 1884 4590 in
1918 4501 2045 4591 luno·

550 4649 573 4701 t
611 4623 734 4712 ribus
767 4626 979 4715 Sororum
1025 4625 1074 4715 S.
1110 4624 1298 4743 loseph3
1337 4625 1509 4716 illarum
1556 4626 1739 4746 quidem
1781 4625 2040 4744 Capellono,

552 4783 573 4824 ι
610 4745 781 4834 doctori
815 4746 985 4854 Didiot,
1022 4744 1085 4834 las
1117 4776 1213 4836 esse
1263 4748 1308 4835 in
1355 4747 1431 4839 die
1465 4747 1753 4868 depositionis
1785 4765 1964 4840 contere
1998 4748 2042 4836 in

555 4905 574 4945 ι
611 4869 791 4988 proprio
814 4867 1008 4987 ipsarum
1031 4869 1237 4960 Oratorio
1258 4868 1444 4962 officium
1466 4872 1778 4964 delonctornnl
1805 4891 1850 4962 et
1871 4873 2043 4962 llissam

473 4991 475 4994 ’
549 4991 1231 5110 1delleqoion13atParoelno
1273 4997 1485 5086 reservari
1529 4998 1597 5086 ius
1630 4995 1817 5086 faciendi
1871 4995 2044 5084 obsolu-
2114 4999 2116 5004 ’

553 5149 573 5192 ι
609 5115 775 5204 tionem
790 5115 851 5205 ud
876 5117 1096 5207 tumulum
1128 5133 1172 5208 et
1191 5151 1348 5239 corpus
1381 5119 1612 5212 delunctae
1634 5120 1693 5210 ad
1723 5117 2043 5212 coemeterium

547 5270 573 5314 ε
609 5237 878 5328 deducendi.
921 5279 939 5322 ι

673 5363 761 5449 llne
791 5363 945 5453 habitu
977 5363 1178 5484 Episcopi
1211 5367 1492 5480 responsione
1534 5369 1617 5458 sub
1651 5368 1725 5458 die
1757 5367 1819 5456 25
1849 5366 2040 5454 Novem·

547 5479 639 5574 buis
662 5484 751 5572 187
754 5487 784 5572 6
808 5487 1068 5606 rescriptum
1086 5487 1460 5582 edidicePonatur
1477 5491 1522 5580 in
1543 5490 1812 5610 loliouutquo
1830 5487 2042 5577 omnibus
