4460 6332
718 389 802 478 Dic
832 391 894 482 23
927 391 1111 510 Aupuati
1143 391 1280 480 1879.
1646 393 1738 488 403

257 565 275 610 r
315 541 375 629 tc,
413 525 493 618 che
542 548 667 610 senza
713 514 950 634 gl'iutrighi
993 547 1018 603 e
1072 514 1111 602 le
1159 515 1242 602 arti
1282 512 1548 604 fraudolenti
1590 517 1635 608 di
1670 521 1730 608 lui

261 691 278 729 ι
316 649 404 738 mai
436 647 470 736 si
503 641 693 734 sarehbe
725 637 897 727 indotto
927 669 953 726 a
986 637 1229 756 quell'atto,
1254 667 1342 725 non
1362 637 1416 726 ha
1445 638 1499 726 nia
1523 640 1612 757 pub
1634 673 1739 732 aver
1857 735 1860 742 ,

260 813 278 853 ι
318 774 449 890 luogo
482 801 507 858 a
539 765 681 856 carice
713 759 785 850 dcl
818 759 1078 850 costituente
1117 760 1445 878 l’applicaziune
1478 760 1594 850 della
1627 796 1735 854 san-

262 936 279 974 «
320 894 444 984 aione
476 887 697 990 canonica,
736 884 775 970 la
808 885 939 1002 quale
971 900 1171 1001 appunto
1207 883 1366 1000 perche
1403 883 1459 972 ha
1493 883 1671 1002 ragione
1692 889 1762 978 di‘

264 1055 280 1095 ι
318 1047 432 1135 pena
464 1036 741 1134 presuppone
773 1035 947 1124 sempre
979 1007 1018 1092 la
1051 1006 1174 1122 culpa
1200 1049 1237 1092 ι.
1264 1005 1392 1118 Quod
1428 1022 1575 1096 antem
1609 1013 1746 1100 Anto·

259 1139 356 1227 nius
377 1134 560 1229 Casadei
594 1128 806 1219 immunis
825 1128 880 1214 sit
904 1127 962 1214 ab
984 1129 1104 1216 omni
1129 1128 1228 1217 labe
1250 1128 1329 1216 huc
1349 1157 1483 1245 super
1515 1160 1563 1217 re
1585 1132 1749 1221 evincit

257 1289 314 1348 ex
348 1259 480 1348 trium
515 1255 685 1344 testium
721 1249 997 1368 depositione
1028 1249 1163 1341 fidem
1189 1251 1519 1368 perhibentium
1541 1255 1747 1344 eumdem

256 1381 388 1470 luisse
431 1409 613 1498 persono
655 1375 858 1489 relipioau
900 1371 952 1459 cd
993 1389 1132 1460 onesta
1164 1405 1185 1460 c
1216 1373 1288 1460 cltc
1323 1372 1485 1460 settene
1527 1405 1609 1462 nou
1639 1376 1748 1498 [usse

258 1504 433 1611 istra-ito
466 1501 572 1589 nelle
607 1499 720 1614 lcppi
751 1495 972 1582 cuuouichc
993 1525 1065 1582 cru
1087 1495 1343 1611 impossihile
1368 1494 1439 1582 elac
1470 1527 1605 1586 uucsac
1636 1498 1747 1618 [utto

258 1626 502 1728 uu’ozioue,
519 1622 697 1710 solo-ulte
718 1649 854 1706 coesse
874 1635 1021 1734 sapato
1043 1617 1114 1704 clrc
1129 1649 1202 1705 cro
1224 1616 1345 1705 dallo
1369 1617 1522 1724 Chiam
1535 1620 1745 1735 proihitu.

385 1750 699 1836 Verumtamen
734 1743 777 1828 in
811 1741 1019 1829 damnata
1046 1741 1300 1859 hypothesi,
1337 1741 1457 1860 quod
1491 1744 1742 1860 patrimonii

261 1871 512 1961 constitutio
554 1873 641 1955 suis
690 1857 836 1953 adhuc
884 1864 1050 1952 viribus
1093 1863 1325 1967 consistat,
1364 1879 1511 1954 tamen
1552 1865 1747 1956 eiusdem

262 1991 517 2082 resolutioni
566 1989 699 2081 modo
748 1987 890 2072 locum
938 2015 1031 2074 esse
1080 2005 1346 2104 propugnat.
1399 1989 1513 2078 Sane
1556 2020 1610 2077 ex
1645 1989 1743 2078 lacti

265 2116 543 2204 enarratione
581 2122 856 2228 compertum
904 2107 968 2212 fit,
1010 2109 1387 2227 religiosissimum
1429 2113 1571 2200 virum
1622 2115 1751 2202 Casa-

260 2237 331 2326 dei
375 2236 544 2350 Clerioo
593 2234 702 2356 Colli
754 2248 872 2320 scuta
926 2227 986 2319 36
1029 2235 1072 2318 in
1119 2233 1295 2320 titulum
1340 2233 1451 2322 sacri
1492 2233 1746 2351 patrimonii

268 2359 522 2476 assignasse,
570 2357 710 2444 donec
759 2354 1082 2470 provideretur.
1128 2358 1329 2442 tumuere
1389 2357 1642 2446 tralatitium
1701 2358 1748 2446 in

266 2483 364 2570 iure
387 2499 466 2584 est,
494 2477 680 2568 verbum
715 2475 842 2567 donec
875 2477 1169 2566 conditionem
1188 2477 1345 2584 lacere,
1363 2479 1462 2596 Lep.
1484 2481 1557 2597 qui
1590 2479 1752 2567 Guneu-

263 2602 403 2692 hinum
437 2600 483 2724 3.
502 2604 635 2690 Uaeori
651 2597 702 2724 ff.
723 2599 775 2688 de
795 2602 939 2717 beput.
966 2601 1013 2701 3;
1038 2599 1139 2687 hinc
1161 2600 1338 2688 huiusce
1362 2602 1616 2719 patrimonii
1638 2634 1744 2691 con-

262 2726 537 2814 stitutionem
570 2723 906 2814 conditionalem
941 2721 1073 2810 luisse
1104 2721 1271 2840 ambigi
1304 2722 1424 2812 haud
1459 2755 1584 2840 posse
1620 2723 1752 2812 vide-

262 2847 406 2937 detur.
427 2847 639 2962 Quocirca
671 2873 770 2934 cum
806 2849 848 2933 in
866 2845 1061 2934 confesso
1083 2846 1136 2932 sit
1151 2845 1340 2934 Gellium
1375 2847 1620 2935 obtinuisse
1639 2877 1751 2964 pen-

263 2970 431 3060 sionem
466 2984 686 3058 scutorum
720 2969 782 3056 at
814 2963 946 3084 super
978 2969 1181 3056 Paroecia
1223 2969 1269 3059 S.
1298 2969 1458 3057 llariae
1492 2973 1657 3072 Novae,
1709 2985 1754 3058 ct

262 3095 429 3182 Romae
462 3107 626 3181 scutata
662 3093 721 3179 ta
751 3093 988 3210 quotannis
1021 3091 1213 3208 exigere,
1251 3093 1406 3210 nequit
1450 3093 1633 3210 proinde
1667 3091 1753 3180 du·

260 3215 407 3322 bitari,
444 3214 548 3332 quin
585 3213 814 3329 purificata
845 3212 1096 3302 conditione
1128 3214 1211 3301 sub
1244 3244 1331 3332 qua
1373 3209 1604 3333 assighatio
1637 3212 1753 3303 lactu

262 3336 362 3440 luit,
399 3336 716 3454 patrimonium
750 3336 806 3424 ad
839 3336 1051 3426 haeredes
1082 3335 1358 3424 concedentis
1391 3337 1629 3454 pertineat.
1667 3337 1754 3456 ldf-

266 3489 353 3600 que
387 3489 439 3547 eo
472 3460 543 3547 vel
578 3459 729 3548 lortius
761 3457 1062 3559 retinendum,
1104 3457 1208 3576 quia
1249 3459 1503 3577 patrimonii
1553 3460 1752 3575 assigna-

264 3597 324 3668 tro
358 3579 500 3670 locum
535 3580 705 3686 habuit,
741 3581 896 3672 Clerici
935 3580 1044 3670 Colli
1094 3597 1354 3697 paupertate
1399 3598 1604 3699 urgente.
1641 3583 1754 3670 Pro-

266 3702 416 3792 missio
447 3723 553 3792 'vero
587 3705 647 3792 ob
679 3735 851 3794 causam
889 3703 1156 3820 paupertatis
1179 3702 1340 3806 elicita,
1367 3723 1518 3807 cessat,
1545 3735 1698 3794 cassan
1715 3719 1757 3792 te

265 3842 542 3944 paupertate,
579 3825 628 3914 b.
666 3859 767 3914 curo
800 3827 844 3950 3.
882 3825 1174 3948 Deficientium
1245 3825 1334 3912 ‚de
1355 3857 1514 3914 mcum.
1550 3843 1589 3914 et
1621 3826 1751 3914 hono·

266 3947 352 4036 rit.
389 3963 427 4036 ct
457 3950 508 4036 L.
532 3949 602 4036 At
624 3948 690 4036 tis
723 3948 914 4038 oneribus
947 3949 993 4069 3.
1019 3952 1151 4036 auctis
1223 3947 1306 4036 .de
1336 3967 1473 4037 vocat.
1498 3965 1536 4036 et
1568 3965 1751 4036 excuset.

267 4101 428 4158 muner.
454 4071 596 4161 Aliter
616 4087 887 4191 sequeretur,
909 4069 1027 4190 quod
1055 4069 1269 4182 creditum
1293 4103 1317 4160 a
1341 4069 1639 4162 munificentia
1660 4071 1754 4160 An-

266 4193 374 4278 tonii
407 4193 587 4284 Casadei
621 4195 903 4284 constitutum
942 4193 1115 4310 inopiae
1158 4193 1458 4284 sublevandae
1479 4193 1633 4314 gratia,
1660 4225 1750 4312 qua

267 4315 558 4432 premebatur
579 4317 771 4406 Clericus
803 4315 912 4406 Colli
937 4316 992 4407 ud
1015 4318 1166 4408 Sacros
1188 4315 1376 4406 Ordines
1398 4317 1746 4433 promovendus,

264 4437 312 4524 in
345 4437 544 4526 eiusdem
578 4439 960 4556 locupletationem
993 4455 1336 4528 converteretur.
1362 4440 1492 4552 Quod
1524 4438 1628 4527 lerri
1662 4469 1751 4526 uon

270 4555 408 4666 debet
440 4589 494 4648 ex
526 4561 634 4649 liuto
657 4559 783 4648 decis.
803 4562 865 4650 89
895 4593 1008 4651 nrum.
1028 4563 1089 4650 10
1120 4577 1158 4649 et
1192 4563 1241 4649 11
1283 4593 1422 4650 corum
1454 4563 1621 4650 Burutt.
1640 4575 1679 4649 et
1711 4561 1757 4647 iu

267 4679 493 4797 Spolelouo
526 4683 736 4772 Bonorum
769 4683 789 4770 l
831 4683 1056 4774 Februarii
1088 4685 1209 4774 1683
1259 4683 1303 4806 3.
1346 4683 1448 4772 Tum
1480 4686 1582 4802 quia
1613 4713 1755 4770 corum

266 4805 444 4892 Ursino.
1504 4836 1509 4846 ·
1735 4807 1738 4815 ⁴

266 4971 270 4980 ·
391 4928 517 5017 llisce
549 4944 696 5018 tamen
733 4927 917 5019 minime
965 4931 1241 5020 obstantibus
1291 4930 1456 5020 nedum
1495 4929 1668 5020 videtur
1702 4928 1754 5016 il-

266 5049 345 5138 lud
370 5051 683 5167 patrimonium
718 5052 850 5140 luisse
885 5051 1030 5140 valide
1078 5052 1400 5156 constitutum,
1442 5053 1532 5142 imo
1567 5083 1675 5142 vero
1707 5050 1755 5139 in

264 5203 341 5262 sua
373 5174 540 5262 virtute
571 5173 716 5262 adhuc
748 5175 983 5263 consistere
1016 5175 1249 5264 evincitur.
1287 5175 1485 5264 Proiecto
1534 5177 1643 5265 sacri
1677 5204 1754 5291 pa-

267 5296 464 5384 trimonii
513 5296 867 5386 constitutionem
915 5297 1078 5386 realem
1123 5298 1254 5387 luisse
1305 5315 1396 5387 tum
1439 5297 1757 5418 praesumptio-

268 5444 370 5524 nes,
414 5435 504 5507 tum
543 5436 637 5508 acta
676 5419 850 5510 docent.
887 5421 1111 5510 Praesumi
1151 5449 1341 5540 namque
1375 5451 1459 5509 non
1494 5421 1644 5526 debet,
1674 5449 1751 5507 re-

269 5541 443 5659 ligiosos
495 5543 757 5662 probosque·
800 5543 917 5632 viros
937 5541 957 5649 ',
1013 5543 1392 5666 quemadmodum
1446 5545 1768 5652 contrahentes

270 5663 400 5754 luisse
442 5665 677 5784 perhibent
718 5682 842 5770 acta,
883 5665 1085 5756 lraudem
1118 5667 1228 5756 hanc
1258 5667 1404 5756 moliri
1421 5667 1608 5758 voluisse
1639 5695 1759 5758 eam·
