4530 6336
726 395 807 482 Dio
837 395 900 485 26
932 393 1038 484 Iulii
1070 397 1209 486 4879.
1627 399 1718 488 355
1797 491 1802 498 .

230 533 350 609 tetur
370 532 569 606 actorum
587 533 847 636 argumenta
864 549 958 609 esse
969 571 989 588 ·
1006 516 1257 608 chhastonzo
1271 517 1414 609 calidi
1427 572 1447 588 ·
1460 519 1587 610 enixe
1602 519 1724 612 effla·

227 644 371 764 gitat,
410 655 458 728 ut
490 669 544 726 ex
577 671 630 730 eo
664 639 776 728 nihil
823 641 1056 730 innovetur
1088 640 1209 760 quod
1248 673 1325 762 per
1350 657 1438 731 tam
1462 643 1724 734 diuturnum

229 761 442 882 temporis
473 763 664 880 spatium
697 761 983 852 constitutum
1017 763 1252 882 reperitur,
1269 766 1446 857 attentis
1464 768 1723 885 praesertim

229 885 355 1008 quod
389 885 694 974 innovationes
730 886 869 1005 iurgia
901 904 945 974 et
978 885 1075 976 lites
1109 904 1412 1006 provocarent,
1451 920 1624 980 necnon
1665 920 1730 980 as·

231 1009 403 1100 siduam
439 1026 646 1126 parerent
679 1009 1010 1099 confusionem:
1036 1009 1308 1100 Considerate
1331 1026 1431 1100 tutte
1453 1029 1726 1129 questecose,

232 1134 295 1222 sic
326 1130 575 1250 epistolium
609 1131 829 1223 concludit
861 1132 1113 1252 Episcopus,
1151 1133 1203 1221 cd
1235 1133 1380 1239 altro,
1419 1134 1490 1224 che
1524 1135 1567 1224 lo
1598 1133 1733 1224 Sucro

232 1255 576 1373 Conprepczione
606 1253 906 1374 comprcndcrd
936 1253 1058 1346 netto
1080 1288 1154 1344 sno
1176 1273 1389 1373 sopienzo,
1416 1291 1486 1344 oso
1517 1288 1733 1376 proporro

233 1411 254 1466 c
282 1408 464 1496 prepare
496 1377 678 1498 offinohd
709 1377 868 1468 usondo
902 1409 988 1467 esso
1035 1377 1151 1467 della
1186 1410 1260 1468 suo
1291 1381 1495 1480 autoritd,
1532 1383 1630 1470 soni
1664 1381 1730 1468 citi

234 1500 306 1588 clte
339 1500 453 1621 forse
485 1517 531 1586 tn
563 1503 729 1619 criptae
759 1533 840 1587 non
873 1502 921 1622 [ιι
955 1504 1167 1602 canonico,
1194 1501 1426 1590 edictiort
1446 1537 1527 1590 seno
1550 1501 1639 1592 solo
1672 1535 1734 1589 es·

236 1656 325 1712 sere
348 1623 384 1709 il
407 1621 655 1722 Parroco,o
678 1624 838 1712 ulmeno
857 1627 1076 1742 prescriuo
1097 1625 1169 1714 olto
1192 1625 1228 1713 lc
1250 1658 1336 1714 cose
1357 1627 1597 1714 continuino
1623 1657 1732 1715 como

236 1764 384 1835 stanno
417 1743 461 1832 ol
489 1765 697 1861 presente.

362 1869 487 1957 llisce
510 1869 670 1958 habitis
693 1870 899 1990 precihus
923 1869 994 1958 die
1018 1870 1077 1958 l8
1096 1869 1207 1958 lonii
1226 1871 1345 1960 4877
1364 1871 1541 1988 ipsimet
1559 1871 1734 1991 Episco-

237 2025 308 2110 po,
346 2023 425 2081 ceu
460 1991 518 2080 de
551 2023 691 2096 more,
730 1993 937 2082 mandavi
982 2010 1027 2079 ut
1061 1995 1103 2082 in
1138 1995 1309 2113 scriptis
1350 2010 1441 2082 tum
1460 1996 1728 2098 Parochum,

235 2132 331 2203 tum
365 2113 560 2204 Vicarios
595 2116 783 2205 audiret.
820 2115 950 2229 Quod
994 2146 1096 2203 cum
1142 2135 1287 2235 actum
1327 2119 1382 2206 sit
1425 2117 1556 2206 hodie
1600 2147 1734 2207 mane

234 2266 409 2326 cansam
445 2235 778 2354 disceptandam
805 2237 1012 2357 proposui
1046 2240 1129 2327 suh
1162 2239 1286 2329 duhii
1321 2239 1509 2330 formula
1544 2240 1586 2327 in
1610 2241 1733 2330 calce

234 2361 363 2449 huius
396 2359 531 2447 libelli
564 2359 783 2481 descripta
824 2362 970 2450 relatis
994 2361 1116 2479 prius
1148 2363 1367 2450 rationum
1402 2362 1723 2467 monumentis

239 2513 356 2606 quae
389 2513 413 2569 a
449 2482 647 2600 partibus
680 2483 892 2604 producta
928 2484 1123 2572 luerunt.

363 2607 613 2722 Deceptum
647 2606 692 2693 iu
727 2607 881 2726 primis
913 2607 1258 2696 Cremonensem
1294 2609 1566 2712 Antistitem,
1600 2622 1736 2725 atque

236 2730 338 2820 ideo
373 2729 541 2818 nubem
579 2761 660 2848 pro
699 2731 868 2819 lunone
917 2744 1111 2847 captasse
1142 2729 1303 2818 Vicarii
1335 2729 1593 2822 adfirmant.
1632 2733 1730 2817 Non

238 2853 374 2956 enim,
413 2867 547 2970 prout
583 2853 656 2940 ille
691 2852 818 2956 dixit,
856 2884 879 2940 a
913 2854 960 2944 S.
997 2851 1167 2942 Ordine
1190 2866 1348 2970 petunt
1374 2893 1392 2931 ι
1423 2853 1468 2942 di
1494 2881 1638 2941 essere
1664 2882 1733 2941 re·

244 3017 261 3055 .
302 2973 508 3092 integrati
549 2974 663 3063 nella
700 2977 870 3096 potesta
904 2974 1199 3094 parrocclriale
1242 2975 1374 3095 quale
1427 2976 1615 3066 osisteva'
1645 2977 1735 3091 pri·

247 3140 264 3178 ι
304 3128 389 3185 ma
412 3096 484 3185 del
525 3095 647 3186 1804
679 3096 859 3217 quando
897 3114 1075 3216 quattro
1117 3097 1321 3215 parrochi
1365 3097 1474 3188 detti
1510 3097 1737 3216 porciano·-

249 3263 265 3299 ι
305 3219 357 3306 rii
404 3211 654 3336 'r'eggcvano
711 3221 755 3308 in
804 3219 998 3310 solidum
1039 3221 1078 3308 la
1112 3221 1368 3340 parroechia
1409 3263 1425 3302 s
1463 3222 1734 3340 quippequi

243 3371 472 3460 nunquam
508 3373 562 3429 ex
595 3341 659 3430 his
693 3343 860 3432 iuribus
898 3343 1191 3448 exciderunt3
1230 3343 1306 3434 sed
1349 3360 1568 3466 quaerunt
1601 3373 1657 3432 an
1690 3343 1736 3431 in

245 3497 295 3555 ea
330 3479 547 3584 potestate
579 3482 623 3553 et
654 3465 870 3585 dignitate
892 3464 1181 3557 conservandi
1203 3467 1305 3554 sint.
1333 3469 1479 3586 Atque
1502 3455 1614 3556 adeo
1629 3467 1734 3584 Epi·
1825 3475 1826 3478 ‘

239 3618 394 3704 scopus
427 3585 637 3705 deceptus
670 3606 750 3694 est,
792 3605 840 3677 ut
878 3589 1274 3708 Archipresbytero
1318 3589 1483 3680 deinde
1516 3587 1720 3690 lavaret,

243 3741 339 3813 nec,
378 3727 473 3828 post
505 3712 551 3802 S.
588 3711 948 3832 Congrogationis
991 3713 1191 3814 iussum,
1228 3712 1503 3804 Vicariorum
1542 3711 1734 3800 rationes

245 3833 398 3923 audire
432 3833 521 3922 ullo
555 3834 687 3924 modo
719 3835 869 3939 vellet,
906 3835 989 3924 nisi
1023 3836 1203 3925 obtenta
1241 3835 1361 3956 prius
1394 3835 1647 3922 hiscentum
1678 3834 1734 3922 li·

238 3957 458 4047 bellorum
492 3987 664 4045 summa
687 3987 821 4078 quam
851 3958 925 4046 ille
960 3957 1016 4046 ad
1039 3987 1252 4076 expensas
1273 3957 1548 4048 sustinendas
1581 3985 1734 4047 neces·

244 4081 404 4169 sariam
438 4081 696 4171 omnimodo
729 4081 1012 4170 adfirmabat.

366 4201 640 4290 vicariorum
674 4219 821 4292 autem
858 4204 923 4293 ius
956 4203 1324 4322 parochialitatis,
1361 4203 1453 4292 sive
1486 4233 1542 4292 ex
1575 4202 1736 4290 veteri·

242 4326 329 4414 hus
362 4322 652 4428 documentis,
679 4327 770 4416 sive
806 4357 861 4415 ex
897 4327 1085 4444 publicis
1123 4325 1274 4432 titulis,
1301 4324 1392 4414 sive
1415 4355 1470 4413 ex
1503 4323 1736 4444 parochia·

244 4447 360 4535 libus
392 4447 636 4550 codicibus,
674 4448 764 4538 sive
796 4479 849 4538 ex
887 4449 1187 4571 antiquiorum
1220 4448 1510 4567 parochorum
1536 4447 1738 4536 testimo-

223 4569 332 4671 nio,
374 4570 466 4658 sive
502 4599 557 4658 ex
591 4569 739 4688 ipsius,
777 4573 877 4662 licet
909 4571 1165 4675 contrariae,
1187 4572 1343 4662 Curiae
1377 4567 1731 4658 attestationibus

244 4708 384 4812 patet.
422 4695 549 4781 Extat
583 4687 699 4782 enim
726 4695 892 4802 titulus,
921 4695 1051 4815 vulgo
1089 4735 1106 4774 ι
1147 4693 1323 4783 cortello
1357 4691 1428 4780 del
1460 4690 1600 4782 debito
1627 4688 1736 4808 puh-

245 4813 355 4902 hlico
394 4833 640 4934 »cuatuor
666 4820 876 4938 parochis
902 4818 1148 4936 inscriptae,
1187 4816 1231 4905 in
1265 4847 1354 4936 quo
1378 4815 1652 4934 apertissime
1675 4811 1736 4902 ci-

229 4937 342 5026 ·vilis
373 4937 467 5056 ipsa
501 4940 731 5030 auctoritas
764 4941 1002 5031 declaravit
1041 4981 1057 5019 ι
1097 4941 1247 5028 chela
1290 4937 1462 5028 rendita
1502 4936 1735 5057 appartie-
1800 5033 1801 5036 ι

249 5099 266 5139 ι
309 5089 365 5149 ue
387 5053 473 5152 alle
504 5077 679 5182 quattro
703 5061 932 5182 prehende
964 5073 1116 5154 curato
1148 5061 1264 5152 della
1287 5061 1443 5153 Chiesa
1467 5057 1738 5179 parrocchia·

250 5188 266 5264 ἰ
305 5185 348 5274 le
382 5184 426 5273 di
454 5186 738 5306 Caravaggio,
776 5217 800 5274 e
833 5185 912 5274 che
949 5185 1063 5275 dove
1095 5185 1302 5303 riputarsi
1324 5199 1389 5273 tra
1413 5181 1441 5271 il
1466 5211 1650 5302 parroco
1673 5177 1731 5268 ed

245 5347 265 5428 ιι
305 5307 319 5396 i
356 5324 421 5399 tre
453 5310 592 5398 curati
625 5340 706 5427 pro
741 5327 939 5426 tempore
979 5350 1019 5397 ι.
1057 5311 1213 5396 Extant
1245 5307 1494 5428 complures
1528 5303 1735 5417 nomina-

243 5429 372 5520 tionis
404 5431 555 5521 hullac
590 5461 705 5552 quae
727 5451 880 5520 omues
897 5431 1189 5550 parochialem
1217 5430 1490 5520 Vicariorum
1526 5442 1734 5517 naturam

247 5583 296 5640 ac
330 5553 588 5672 dignitatem
624 5553 880 5644 ostendunt.
916 5552 1205 5644 Eundationis
1239 5571 1384 5644 autem
1430 5553 1551 5642 bulla
1585 5545 1735 5640 deficit
