4350 6326
545 319 637 410 5111
969 311 1051 398 Dic
1082 310 1143 396 20
1174 302 1423 422 Septembris
1457 304 1593 391 1879.

545 437 884 559 abrogandam,
921 435 956 524 si
991 461 1102 520 nova
1152 457 1279 518 causa
1324 425 1604 546 superveniat
1653 419 1844 512 etiamsi
1884 419 1933 504 in
1970 427 2053 547 lege
2118 420 2122 473 ἱ

547 564 620 654 1131
655 589 856 677 expressa
890 555 1059 648 metatio
1090 551 1147 643 de
1180 548 1496 642 consuetudine
1530 547 1675 638 lutura
1713 557 1890 633 tenent
1924 550 2047 640 Bold.

450 677 460 700 ”
544 683 692 774 1113331.
729 679 779 770 de
811 681 918 766 Dote
951 678 980 765 6
1007 707 1058 792 p.
1092 674 1254 790 privil.
1290 673 1341 762 21
1402 703 1530 758 33333.-
1562 671 1638 774 19,
1677 665 1831 756 Attus
1871 668 1921 755 in
1962 704 2045 790 cop.

545 805 668 930 final.
707 803 757 892 ele
789 816 967 890 33333331.
1003 829 1115 885 aum.
1153 798 1233 900 21,
1261 797 1422 884 Genio.
1460 794 1503 882 in
1538 822 1632 908 cup.
1662 791 1677 875 1
1708 787 1984 882 1130333111.
2011 802 2048 884 ie

549 930 616 1034 6⁰,
656 927 866 1042 Vasqoez.
905 938 942 1010 et
977 919 1160 1008 Guvarr.
1199 919 1277 1009 133.
1314 918 1386 1006 cit.
1413 915 1553 1006 etalii
1587 915 1733 1004 multi.

678 1047 749 1138 Ad
769 1043 1027 1158 ,decisiones
1061 1057 1208 1130 autem
1242 1043 1288 1160 S.
1326 1037 1684 1156 Corrgregationis
1717 1038 1927 1128 Consilii
1949 1043 2055 1158 quod

410 1209 418 1222 ·
560 1173 731 1274 attinet,
749 1166 1075 1257 observandum
1109 1183 1173 1256 est
1198 1165 1312 1282 ipsas
1336 1161 1378 1250 in
1403 1160 1573 1250 casibus
1596 1160 1963 1276 particularibus
1979 1167 2055 1253 edi·

420 1329 423 1335 ·
553 1312 621 1384 tas
655 1291 803 1396 luisse,
822 1307 952 1408 atque
973 1287 1125 1382 dicunt
1152 1283 1348 1376 nonnulli
1366 1283 1542 1374 easdem
1570 1323 1588 1362 «
1617 1281 1949 1401 intelligendas
1976 1317 2054 1376 esse

557 1457 577 1496 ι
619 1415 676 1504 de
709 1410 1030 1510 consuetudine
1068 1427 1155 1498 non
1190 1408 1384 1528 legitime
1418 1407 1702 1524 praescripta,
1728 1436 1895 1524 neque
1931 1410 2053 1496 ratio·

558 1581 577 1617 3
618 1536 773 1642 nobili,
811 1533 884 1624 sed
919 1530 976 1624 de
1019 1531 1336 1622 cousuetudine
1378 1530 1723 1644 interpretante,
1761 1529 1900 1646 quod
1938 1529 2052 1618 113331

557 1699 574 1740 ι
617 1689 697 1778 per
730 1659 840 1748 duos
875 1683 1062 1758 33133333,
1101 1653 1169 1742 vel
1218 1670 1300 1742 1333
1344 1649 1623 1752 indistincte,
1662 1665 1706 1738 31
1739 1651 2052 1740 universaliter

559 1821 575 1860 ι
618 1782 769 1873 obesse
803 1813 826 1868 a
862 1780 1000 1867 choro.
1029 1793 1073 1866 ct
1109 1775 1283 1867 interim
1317 1775 1543 1892 percipere
1576 1771 1871 1890 quotidianas
1921 1774 2051 1862 distri·

563 1943 579 1982 ι
621 1905 844 2007 bustiones,
884 1916 928 1988 et
962 1900 1125 2016 pariter
1158 1897 1214 1988 de
1238 1895 1551 1990 consuetudine
1569 1895 1917 2012 interpretante,
1941 1897 2064 2014 quot·

564 2067 580 2106 ι
621 2025 735 2114 sicut
767 2021 1010 2116 Concilium
1043 2018 1758 2134 ’1311133113333333332133312
1792 2018 1853 2107 313
1876 2019 2040 2140 reform.

563 2189 580 2226 c
623 2147 823 2237 concedit
862 2143 1164 2234 obtinentibus
1197 2143 1469 2259 dignitates,
1506 2141 1804 2271 canonicatus,
1849 2158 1897 2230 et
1933 2172 2044 2258 prae·

564 2313 580 2350 ι
621 2269 807 2375 13331133,
846 2287 894 2356 ut
926 2300 949 2354 a
983 2269 1070 2356 suis
1105 2265 1301 2354 Ecclesiis
1336 2263 1500 2382 possint
1529 2263 1686 2353 13133333
1718 2295 1802 2382 per
1829 2281 1920 2352 1333
1943 2295 2045 2351 meu·

566 2437 582 2472 a
623 2424 706 2496 333,
744 2411 788 2481 31
822 2389 996 2484 interim
1048 2388 1273 2508 percipere
1316 2387 1487 2476 lruetus
1516 2387 1900 2501 praebendarum,
1936 2386 2043 2506 pari-

567 2557 583 2594 «
626 2533 692 2602 ter
726 2513 936 2604 concedat
970 2543 1095 2629 posse
1129 2509 1354 2629 percipere
1387 2509 1718 2600 distributiones
1754 2549 1795 2596 ι.
1833 2508 2039 2625 1119333131.

562 2653 660 2726 tom.
693 2638 709 2722 l
744 2635 918 2724 33333311.
941 2637 1031 2724 130
1055 2665 1168 2720 uum.
1195 2633 1241 2720 5.
2129 2643 2130 2652 ‘

686 2761 775 2848 Pro
806 2759 1007 2876 negativa
1042 2785 1145 2845 uero
1182 2754 1548 2873 perpendendum
1583 2754 1800 2871 estquod
1837 2750 2039 2842 Tridenti·
2128 2795 2131 2859 ρ

562 2911 672 2973 num
707 2880 969 2974 renovando
998 2879 1141 3000 legem
1188 2876 1351 2972 editam
1402 2910 1428 2966 a
1473 2875 1704 2965 Bonilacio
1736 2880 1841 2966 Vlll
1881 2877 1928 2966 in
1957 2903 2034 2988 cop.
2129 2878 2131 2940 1

565 3003 913 3096 Consuetudinem
961 3029 1259 3122 quoscumque
1301 2997 1641 3090 consuetudines
1672 2997 1952 3117 percipiendi
1980 2995 2033 3084 di·

570 3129 849 3218 stributiones
867 3125 1091 3216 absentiae
1117 3141 1330 3239 tempore,
1347 3123 1426 3212 uisi
1451 3154 1509 3212 ex
1529 3151 1579 3210 ea.
1602 3153 1726 3212 33333
1749 3122 1807 3211 de
1833 3123 1931 3210 iure
1951 3148 2033 3238 per·
2127 3164 2129 3213 1

565 3249 713 3352 missa,
729 3267 951 3367 tamquam
977 3243 1292 3340 irrationabiles
1307 3247 1532 3364 reprobat.
1548 3247 1636 3334 Len
1656 3275 1759 3334 1333
1776 3275 1898 3363 quae
1913 3269 2036 3358 repro
2127 3274 2130 3285 ·

565 3373 642 3465 bat
665 3369 1042 3474 consuetudinem,
1061 3399 1236 3486 semper
1258 3369 1485 3484 reprobat,
1503 3384 1549 3456 ut
1570 3383 1723 3456 notant
1739 3397 1847 3458 eum
1861 3365 1954 3456 31113
1978 3361 2033 3448 11-

566 3493 731 3613 333331.
744 3497 807 3584 113
826 3509 992 3583 retract.
1009 3494 1055 3582 iu
1067 3490 1210 3612 praef.
1233 3524 1274 3578 o.
1299 3488 1521 3580 11131133.
1541 3523 1650 3578 eous.
1679 3491 1768 3580 193
1790 3483 2031 3580 381112.

566 3621 675 3716 Rota
710 3620 755 3705 'iu
789 3617 911 3704 Ceae.
950 3617 1040 3706 ier.
1077 3613 1241 3733 lopardi
1273 3614 1324 3701 21
1369 3613 1525 3704 Martii
1546 3615 1666 3702 1627
1690 3645 1836 3702 emam
1858 3611 2027 3700 Cocciro.

569 3744 680 3831 Cum
717 3757 863 3828 autem
900 3739 970 3826 lex
1003 3768 1175 3856 semper
1198 3738 1400 3854 loquatur
1421 3739 1471 3825 L.
1494 3737 1653 3824 Ariani
1671 3736 1779 3824 Cod.
1799 3739 1868 3824 113
1883 3735 2027 3822 1133331.

570 3891 747 3980 semper
780 3865 915 3954 etiam
951 3861 1159 3980 reprobet
1194 3861 1554 3952 consuetudinem
1600 3862 1978 3976 supervenientem
1998 3865 2030 3935 31

570 3984 875 4102 complectitur
916 3984 1049 4072 etiam
1084 4014 1196 4101 quae
1227 3981 1283 4070 de
1316 4011 1430 4071 novo
1464 3983 1780 4099 superveniunt
1820 4001 1870 4069 nt
1904 3987 2027 4066 notant

572 4103 811 4196 Ferrariam
834 4135 924 4221 cup.
939 4107 1050 4194 anic.
1065 4107 1129 4194 De
1151 4135 1296 4193 333333.
1309 4105 1500 4196 11333131.
1518 4108 1562 4192 iu
1579 4103 1641 4209 6⁰,
1659 4105 1818 4192 Gemin.
1831 4096 2025 4192 ibimet.

694 4229 782 4318 Sed
817 4247 860 4316 et
894 4229 1070 4318 ulterius
1100 4229 1425 4318 observandum
1451 4228 1660 4346 estquod
1691 4216 2030 4325 consacerdote

572 4385 659 4472 qun
691 4383 850 4454 senno,
879 4351 1189 4442 irrationabilis
1223 4369 1302 4456 331,
1335 4352 1616 4471 subindeque
1651 4351 1901 4440 nullimode
1925 4339 2024 4433 33311·

574 4475 717 4564 nenda
740 4490 819 4564 331.
841 4474 1059 4566 Audiatur
1081 4505 1188 4564 sane·
1217 4475 1260 4561 iu
1298 4476 1491 4564 terminis
1516 4474 1747 4592 Piguatelli
1776 4471 1855 4560 133.
1876 4472 1942 4558 cit.
1959 4458 2030 4550 nl

574 4647 602 4662 -
635 4598 696 4686 1131
729 4637 811 4673 --ι
853 4599 903 4684 Et
937 4599 1081 4714 primo
1115 4595 1330 4688 difficilius
1364 4613 1428 4686 est
1460 4597 1778 4688 consuetudine
1811 4589 1962 4690 induci,
1993 4594 2028 4668 11

579 4761 596 4800 r
636 4719 711 4838 qui
739 4719 883 4806 tribus
915 4722 1138 4812 mensibus
1171 4753 1197 4810 a
1228 4717 1491 4812 Tridentino
1520 4755 1616 4812 3333.
1641 4721 1702 4810 21
1735 4753 1830 4837 cop..
1867 4717 1921 4828 12
1949 4735 2024 4827 pet·

581 4885 602 4928 ι.
640 4841 783 4932 missis
801 4871 886 4930 nou
906 4843 1116 4946 resident,
1141 4843 1356 4960 accipiant
1378 4847 1722 4936 distributiones.
1744 4847 1904 4937 Contra
1921 4854 2026 4953 31111

586 5008 601 5044 r
640 4963 1024 5068 cousuetudinem,
1058 4997 1170 5087 qnae
1204 4967 1308 5056 olim
1342 4985 1441 5056 ante
1473 4969 1781 5058 Tridentinurn
1813 4965 1892 5056 luit
1911 4961 1950 5047 in
1963 4953 2020 5040 111·

585 5127 601 5164 c
643 5087 772 5177 313313
806 5085 1084 5194 Bituriceusi,
1119 5090 1287 5206 prolixe
1319 5091 1472 5182 scribit
1504 5089 1635 5178 Proh.
1675 5090 1719 5175 in
1749 5121 1845 5206 cap.
1880 5081 2023 5174 331331

586 5251 604 5290 ο
642 5239 754 5301 num.
793 5211 1110 5304 3111331313.
1148 5244 1228 5300 aon
1262 5213 1393 5300 resr'cl.
1431 5216 1476 5302 in
1508 5215 1555 5302 6⁰
1580 5213 1728 5302 dicens
1749 5243 1862 5300 uum.
1883 5209 1935 5294 t3
1954 5219 2023 5286 1111

584 5375 601 5412 ⁸
641 5333 982 5428 irrattorntiten
1003 5351 1046 5424 et
1063 5333 1162 5424 ideo
1181 5367 1267 5424 non
1288 5365 1414 5454 posse
1433 5335 1595 5426 induci.
1624 5375 1641 5415 3
1664 5317 2020 5424 3313333313-

575 5486 703 5573 quau.
720 5458 783 5546 ,in
821 5489 913 5577 cap.
951 5459 1064 5547 [ticet
1096 5461 1159 5547 De
1179 5455 1442 5550 Praebendis
1470 5491 1581 5548 num.
1620 5461 1678 5548 77
1711 5507 1741 5526 -
1773 5459 1835 5546 ibi
1852 5493 1914 5530 -ι
1937 5450 2018 5536 dm·
