4516 6318
547 323 642 418 158
991 325 1074 414 Die
1108 323 1166 412 t5
1199 319 1424 410 Februarii
1459 317 1597 410 1879.

545 443 822 568 Gainp'obosso
855 447 1067 538 dioecesis
1100 445 1315 564 bojancn.
1342 460 1431 532 tres
1453 443 1638 536 aderant
1670 441 1941 566 parochiales
1962 449 2035 538 Ec-

546 575 733 678 clesiae,
779 571 856 662 sed
892 571 1042 660 unicos
1075 569 1170 659 loos
1204 569 1249 656 in
1283 566 1520 686 parochiali
1553 568 1602 658 S.
1651 565 1813 658 blaciae
1847 566 2033 660 hlaioris.

545 697 809 814 Quaesitum
844 693 940 798 luit,
968 711 1015 782 ut
1038 693 1237 784 eiusdem
1258 688 1475 780 retinendi
1498 691 1679 780 lacultas
1701 688 1879 808 reliquis
1902 693 2036 782 etiam

543 821 720 914 duabus
744 817 1079 908 concederetur.
1117 817 1401 936 Disputatum
1440 830 1507 902 est
1540 829 1629 902 tam
1673 814 1731 903 de
1763 813 2036 922 Matricitatc,

545 941 771 1064 quamde
805 941 901 1031 iure
935 938 1153 1028 retinendi
1185 939 1366 1026 lontcm.
1391 939 1450 1029 S.
1485 937 1777 1057 Congregatio
1807 935 2037 1046 iudicarit,

545 1081 735 1154 constare
769 1061 820 1152 de
851 1065 1109 1160 maioritote,
1131 1093 1212 1148 non
1246 1077 1381 1150 autem
1430 1059 1482 1146 dc
1521 1063 1779 1149 matricitate
1826 1061 2042 1153 Ecclesiae

543 1191 590 1282 S.
628 1189 789 1276 llariae
835 1187 1023 1278 Maioris.
1068 1185 1192 1275 Circa
1237 1183 1403 1272 lontem
1442 1215 1549 1273 vero
1582 1183 1891 1304 baptismalem
1933 1215 2044 1274 cen·-

543 1311 647 1401 suit:
684 1309 801 1397 nibil
835 1307 1133 1396 innovandam.
1162 1307 1368 1398 Boioue'n.
1418 1307 1582 1394 larium
1623 1305 1947 1396 Parocbiolinm
1979 1311 2039 1400 24

548 1431 661 1524 Maii
710 1433 851 1522 l732.
896 1435 945 1520 lu
994 1429 1162 1552 oppido
1208 1431 1370 1548 Supina
1412 1431 1676 1518 Ferentinae
1709 1429 1920 1519 dioecesis
1957 1448 2040 1522 tres

544 1555 815 1676 parochiales
847 1555 1062 1644 Ecclesiae
1095 1553 1293 1659 aderaut,
1332 1551 1646 1671 presbyteralis
1678 1583 1843 1671 nempe
1875 1553 1922 1644 S.
1962 1559 2039 1645 Pe·

548 1681 623 1783 tri,
661 1679 705 1764 io
740 1709 829 1796 qua
866 1677 1170 1767 tantummodo
1204 1675 1300 1765 lons
1330 1677 1603 1792 baptismalis
1644 1676 1968 1794 reperiebatur,
1996 1695 2040 1788 et

546 1799 769 1920 simplices
808 1800 1076 1920 parochiales
1109 1803 1155 1892 S.
1182 1799 1343 1888 Mariae
1370 1799 1543 1888 blaioris
1586 1815 1630 1887 ct
1663 1801 1709 1890 S.
1749 1799 1929 1888 Nicolai.
1958 1805 2040 1892 ra-

548 1923 667 2016 rochi
694 1924 846 2013 harum
871 1924 1057 2012 duarum
1079 1923 1363 2012 Ecclesiarum
1388 1953 1444 2012 ex
1466 1921 1694 2039 Rescripta
1716 1922 1918 2042 Episcopi
1951 1923 2045 2013 lou·

549 2063 639 2136 tem
678 2049 719 2134 in
753 2047 842 2136 suis
875 2047 1076 2135 Ecclesiis
1104 2061 1405 2134 extruxerant.
1453 2049 1516 2136 lle
1549 2045 1696 2136 delata
1738 2045 1795 2134 ad
1830 2047 1884 2133 ll.
1904 2047 1950 2140 S.
1976 2049 2031 2138 Ο.

548 2199 647 2261 cum
680 2170 900 2260 Parachus
931 2171 976 2260 S.
1004 2169 1119 2257 Petri
1158 2169 1560 2258 immemorabilem
1581 2167 1947 2261 consuetudinem
1971 2203 2039 2260 re-

554 2291 722 2382 tinendi
747 2293 909 2381 lontem
946 2291 1094 2382 lavoro
1129 2323 1233 2382 suae
1266 2292 1481 2384 Ecclesiae
1512 2291 1790 2392 vindicasset,
1829 2291 1966 2412 idque
1985 2327 2041 2384 ex

552 2417 645 2505 eius
680 2415 942 2505 matricitate
976 2431 1211 2532 repeteret,
1236 2417 1282 2507 S.
1309 2415 1415 2505 haec
1437 2417 1727 2533 Congregatio
1749 2445 1850 2504 cum
1876 2417 1930 2506 ad
1954 2418 2046 2536 pri·

551 2568 675 2627 mum
712 2537 902 2628 dubium
929 2537 1241 2656 respondisset,
1267 2557 1454 2627 constare
1477 2539 1528 2627 de
1549 2539 1807 2643 maioritotc,
1833 2570 1916 2625 non
1950 2573 2045 2629 con·

557 2677 669 2750 stare
702 2661 753 2748 de
784 2663 1040 2750 matricitote
1071 2662 1285 2752 Ecclesiae
1318 2665 1365 2754 S.
1400 2663 1534 2765 Petri,
1573 2661 1628 2750 ad
1671 2661 1914 2754 secandum
1953 2667 2045 2753 Du-

558 2783 704 2872 bium:
732 2825 749 2862 ι
778 2785 846 2871 Au
880 2801 1031 2872 constet
1064 2782 1115 2872 cle
1148 2786 1240 2872 inre
1270 2785 1487 2902 privativo
1520 2783 1701 2873 ciusdem
1714 2785 1924 2874 Ecclesiae
1961 2789 2046 2874 Ar*-

557 2905 925 3024 chipresbpternlis
958 2905 1138 2996 habendi
1170 2907 1327 3028 sontem
1349 2907 1655 3023 baptismalem,
1693 2908 1877 2998 censuit:
1909 2905 2043 3034 Affir-

554 3031 728 3130 motiva,
754 3047 792 3118 et
824 3030 1022 3149 amplias.
1056 3073 1071 3108 ι
1100 3032 1323 3121 Ferentino
1347 3031 1622 3121 Matricitatis
1639 3049 1676 3120 ct
1693 3031 1838 3122 Fontis
1871 3031 2043 3150 Baptis-

556 3151 686 3240 matis
719 3154 779 3243 18
816 3155 965 3242 Martii
1001 3154 1138 3244 1797.

567 3345 572 3356 .
683 3275 807 3366 llisce
840 3280 1082 3396 perpensis,
1118 3277 1244 3369 lacile
1289 3295 1495 3397 apparet,
1546 3280 1861 3372 controversias
1893 3279 2043 3370 deno·

557 3397 625 3488 vis
656 3399 849 3490 lontibus
884 3401 1106 3520 erigendis
1138 3435 1193 3490 cx
1215 3401 1315 3491 lacti
1345 3401 1562 3491 adiunctis
1594 3401 1743 3494 dirimi
1769 3404 2044 3522 potissimum

558 3540 795 3640 oportere:
834 3525 878 3613 in
903 3525 1122 3643 praesenti
1156 3556 1260 3614 vero
1292 3525 1456 3644 specie,
1493 3555 1592 3617 cnm
1626 3545 1792 3617 constet
1825 3527 1883 3619 de
1917 3527 2049 3614 bloio-

556 3645 686 3736 ritotc
718 3643 867 3736 lavore
901 3648 1172 3740 Cathedralis
1206 3649 1437 3754 Ecclesiae,
1476 3680 1555 3738 nec
1576 3648 1875 3742 dubitandum
1899 3650 2046 3740 videa·

557 3783 629 3857 tur
644 3769 1056 3861 dcimmemorabili
1078 3772 1405 3876 consuetudine,
1428 3771 1643 3861 ridebunt
1660 3775 1744 3861 EE.
1763 3777 1877 3882 VV.,
1903 3792 2049 3864 utrum

561 3907 757 4012 prostent
799 3893 845 3982 iu
878 3895 990 3982 lacto
1025 3895 1243 4014 legitimae
1277 3925 1518 4015 gravesque
1559 3926 1730 4000 causac,
1767 3929 1882 4017 quae
1917 3896 2049 3987 lontis

561 4015 826 4104 erectionem
848 4015 1078 4107 suadeant.
1116 4021 1179 4108 Ex
1201 4049 1289 4138 quo
1322 4019 1445 4109 lacile
1479 4020 1562 4108 erit
1593 4019 1801 4109 dirimere

1195 4265 1414 4355 DUBlUll

688 4511 759 4598 An
792 4507 998 4600 decretam
1012 4511 1262 4630 Episcopole
1278 4510 1329 4599 dc
1351 4512 1448 4598 noui
1468 4511 1600 4632 [ontis
1622 4515 1891 4603 erectionc'in
1912 4546 2044 4634 paro·

562 4635 698 4723 otiati
710 4633 755 4723 S.
780 4634 968 4724 Teresioc
988 4637 1043 4722 sit
1058 4633 1407 4755 confirmandam,
1423 4634 1491 4722 aet
1523 4635 1827 4759 infirmandum
1861 4641 1906 4726 iu
1928 4669 2041 4726 cosa.

689 5007 900 5129 Negati've
921 5007 976 5098 ad
1001 5009 1191 5129 primam
1215 5027 1401 5129 partem,
1426 5007 1684 5101 affirmative
1705 5011 1760 5103 ad
1783 4977 2045 5106 secundem.
