<?xml version="1.0" encoding="UTF-8"?>
<!DOCTYPE html PUBLIC "-//W3C//DTD XHTML 1.0 Transitional//EN"
    "http://www.w3.org/TR/xhtml1/DTD/xhtml1-transitional.dtd">
<html xmlns="http://www.w3.org/1999/xhtml" xml:lang="en" lang="en">
 <head>
  <title>
</title>
<meta http-equiv="Content-Type" content="text/html;charset=utf-8" />
  <meta name='ocr-system' content='tesseract 3.04.00' />
  <meta name='ocr-capabilities' content='ocr_page ocr_carea ocr_par ocr_line ocrx_word'/>
</head>
<body>
  <div class='ocr_page' id='page_1' title='image "./thesaurusresolu00churgoog_0208.png"; bbox 0 0 4558 6340; ppageno 0'>
   <div class='ocr_carea' id='block_1_1' title="bbox 259 267 1750 648">
    <p class='ocr_par' dir='ltr' id='par_1_1' title="bbox 259 267 1750 648">
     <span class='ocr_line' id='line_1_1' title="bbox 718 267 1743 394; baseline 0.011 -29"><span class='ocrx_word' id='word_1_1' title='bbox 718 280 799 366; x_wconf 76' lang='lat' dir='ltr'><strong>nte</strong></span> <span class='ocrx_word' id='word_1_2' title='bbox 830 267 892 366; x_wconf 72' lang='grc'><strong>26</strong></span> <span class='ocrx_word' id='word_1_3' title='bbox 924 277 1099 394; x_wconf 75' lang='lat' dir='ltr'><strong>Aprilis</strong></span> <span class='ocrx_word' id='word_1_4' title='bbox 1133 281 1270 370; x_wconf 86' lang='lat' dir='ltr'><strong>t879.</strong></span> <span class='ocrx_word' id='word_1_5' title='bbox 1653 285 1670 371; x_wconf 90' lang='lat' dir='ltr'><strong>l</strong></span> <span class='ocrx_word' id='word_1_6' title='bbox 1681 287 1743 379; x_wconf 84' lang='lat'><strong>97</strong></span> 
     </span>
     <span class='ocr_line' id='line_1_2' title="bbox 259 401 1740 527; baseline 0.005 -33"><span class='ocrx_word' id='word_1_7' title='bbox 259 433 439 521; x_wconf 90' lang='lat' dir='ltr'><strong>sponsos</strong></span> <span class='ocrx_word' id='word_1_8' title='bbox 501 433 580 520; x_wconf 91' lang='lat' dir='ltr'><strong>per</strong></span> <span class='ocrx_word' id='word_1_9' title='bbox 619 401 786 520; x_wconf 88' lang='lat' dir='ltr'><strong>aliquas</strong></span> <span class='ocrx_word' id='word_1_10' title='bbox 838 402 895 490; x_wconf 87' lang='lat' dir='ltr'><strong>ad</strong></span> <span class='ocrx_word' id='word_1_11' title='bbox 945 403 1088 492; x_wconf 91' lang='lat' dir='ltr'><strong>minus</strong></span> <span class='ocrx_word' id='word_1_12' title='bbox 1140 405 1265 493; x_wconf 85' lang='lat' dir='ltr'><strong>horas</strong></span> <span class='ocrx_word' id='word_1_13' title='bbox 1314 405 1437 494; x_wconf 92' lang='lat' dir='ltr'><strong>domi</strong></span> <span class='ocrx_word' id='word_1_14' title='bbox 1489 408 1740 527; x_wconf 79' lang='lat' dir='ltr'><strong>relinquere</strong></span> 
     </span>
     <span class='ocr_line' id='line_1_3' title="bbox 261 523 1750 648; baseline 0.004 -31"><span class='ocrx_word' id='word_1_15' title='bbox 261 527 450 629; x_wconf 89' lang='lat' dir='ltr'><strong>debuit;</strong></span> <span class='ocrx_word' id='word_1_16' title='bbox 489 541 533 614; x_wconf 89' lang='lat' dir='ltr'><strong>et</strong></span> <span class='ocrx_word' id='word_1_17' title='bbox 565 526 703 648; x_wconf 89' lang='lat' dir='ltr'><strong>quod,</strong></span> <span class='ocrx_word' id='word_1_18' title='bbox 743 523 1049 616; x_wconf 85' lang='lat' dir='ltr'><strong>deficientibus</strong></span> <span class='ocrx_word' id='word_1_19' title='bbox 1084 525 1127 613; x_wconf 95' lang='lat' dir='ltr'><strong>in</strong></span> <span class='ocrx_word' id='word_1_20' title='bbox 1163 527 1329 617; x_wconf 86' lang='lat' dir='ltr'><strong>latnilia</strong></span> <span class='ocrx_word' id='word_1_21' title='bbox 1368 529 1556 618; x_wconf 81' lang='lat' dir='ltr'><strong>arduini</strong></span> <span class='ocrx_word' id='word_1_22' title='bbox 1593 533 1750 624; x_wconf 89' lang='lat' dir='ltr'><strong>dome·</strong></span> 
     </span>
    </p>
   </div>
   <div class='ocr_carea' id='block_1_2' title="bbox 247 648 1862 4705">
    <p class='ocr_par' dir='ltr' id='par_1_2' title="bbox 247 648 1862 4705">
     <span class='ocr_line' id='line_1_4' title="bbox 259 648 1748 770; baseline 0.004 -30"><span class='ocrx_word' id='word_1_23' title='bbox 259 651 375 740; x_wconf 89' lang='lat' dir='ltr'><strong>sticis</strong></span> <span class='ocrx_word' id='word_1_24' title='bbox 407 649 587 736; x_wconf 82' lang='lat' dir='ltr'><strong>servitio</strong></span> <span class='ocrx_word' id='word_1_25' title='bbox 626 648 848 752; x_wconf 74' lang='lat' dir='ltr'>addictis,</span> <span class='ocrx_word' id='word_1_26' title='bbox 888 651 1070 738; x_wconf 87' lang='lat' dir='ltr'><strong>absente</strong></span> <span class='ocrx_word' id='word_1_27' title='bbox 1113 681 1298 766; x_wconf 81' lang='lat' dir='ltr'><strong>sponsae</strong></span> <span class='ocrx_word' id='word_1_28' title='bbox 1330 653 1528 770; x_wconf 83' lang='lat' dir='ltr'><strong>genitore</strong></span> <span class='ocrx_word' id='word_1_29' title='bbox 1562 687 1615 742; x_wconf 84' lang='lat' dir='ltr'><strong>ex</strong></span> <span class='ocrx_word' id='word_1_30' title='bbox 1666 687 1748 746; x_wconf 90' lang='lat' dir='ltr'><strong>ea-</strong></span> 
     </span>
     <span class='ocr_line' id='line_1_5' title="bbox 257 772 1862 892; baseline 0.003 -29"><span class='ocrx_word' id='word_1_31' title='bbox 257 775 359 864; x_wconf 87' lang='lat' dir='ltr'><strong>dem</strong></span> <span class='ocrx_word' id='word_1_32' title='bbox 395 772 685 876; x_wconf 73' lang='lat' dir='ltr'><strong>habitatione,</strong></span> <span class='ocrx_word' id='word_1_33' title='bbox 728 792 863 891; x_wconf 76' lang='lat' dir='ltr'><strong>atque</strong></span> <span class='ocrx_word' id='word_1_34' title='bbox 902 789 1110 861; x_wconf 84' lang='lat' dir='ltr'><strong>extranea</strong></span> <span class='ocrx_word' id='word_1_35' title='bbox 1133 775 1331 890; x_wconf 86' lang='lat' dir='ltr'><strong>qualibet</strong></span> <span class='ocrx_word' id='word_1_36' title='bbox 1365 805 1548 892; x_wconf 90' lang='lat' dir='ltr'><strong>persona</strong></span> <span class='ocrx_word' id='word_1_37' title='bbox 1577 779 1632 866; x_wconf 90' lang='lat' dir='ltr'><strong>ad</strong></span> <span class='ocrx_word' id='word_1_38' title='bbox 1658 782 1748 870; x_wconf 89' lang='lat' dir='ltr'><strong>evi·</strong></span> <span class='ocrx_word' id='word_1_39' title='bbox 1859 802 1862 813; x_wconf 88' lang='lat'>&#39;</span> 
     </span>
     <span class='ocr_line' id='line_1_6' title="bbox 260 897 1749 1017; baseline 0.005 -32"><span class='ocrx_word' id='word_1_40' title='bbox 260 897 441 986; x_wconf 87' lang='lat' dir='ltr'><strong>tundam</strong></span> <span class='ocrx_word' id='word_1_41' title='bbox 478 897 745 984; x_wconf 75' lang='lat' dir='ltr'><strong>matrimonii</strong></span> <span class='ocrx_word' id='word_1_42' title='bbox 792 897 1115 1012; x_wconf 78' lang='lat' dir='ltr'><strong>evulgationem</strong></span> <span class='ocrx_word' id='word_1_43' title='bbox 1156 915 1325 986; x_wconf 87' lang='lat' dir='ltr'><strong>remota</strong></span> <span class='ocrx_word' id='word_1_44' title='bbox 1340 933 1350 1003; x_wconf 83' lang='lat'><em>3</em></span> <span class='ocrx_word' id='word_1_45' title='bbox 1398 931 1479 986; x_wconf 91' lang='lat' dir='ltr'><strong>suo</strong></span> <span class='ocrx_word' id='word_1_46' title='bbox 1523 931 1571 988; x_wconf 89' lang='lat' dir='ltr'><strong>ac</strong></span> <span class='ocrx_word' id='word_1_47' title='bbox 1605 933 1749 1017; x_wconf 93' lang='lat' dir='ltr'><strong>prono</strong></span> 
     </span>
     <span class='ocr_line' id='line_1_7' title="bbox 259 1017 1745 1140; baseline 0.006 -32"><span class='ocrx_word' id='word_1_48' title='bbox 259 1023 394 1108; x_wconf 83' lang='lat' dir='ltr'><strong>veluti</strong></span> <span class='ocrx_word' id='word_1_49' title='bbox 424 1019 554 1108; x_wconf 73' lang='lat' dir='ltr'><strong>alveo</strong></span> <span class='ocrx_word' id='word_1_50' title='bbox 588 1019 685 1107; x_wconf 87' lang='lat' dir='ltr'><strong>lluit</strong></span> <span class='ocrx_word' id='word_1_51' title='bbox 718 1051 1022 1137; x_wconf 86' lang='lat' dir='ltr'><strong>consequens,</strong></span> <span class='ocrx_word' id='word_1_52' title='bbox 1067 1017 1189 1140; x_wconf 84' lang='lat' dir='ltr'><strong>quod</strong></span> <span class='ocrx_word' id='word_1_53' title='bbox 1234 1021 1292 1109; x_wconf 89' lang='lat' dir='ltr'><strong>ad</strong></span> <span class='ocrx_word' id='word_1_54' title='bbox 1345 1025 1745 1118; x_wconf 87' lang='lat' dir='ltr'><strong>consummandum</strong></span> 
     </span>
     <span class='ocr_line' id='line_1_8' title="bbox 258 1144 1748 1263; baseline 0.003 -32"><span class='ocrx_word' id='word_1_55' title='bbox 258 1145 591 1232; x_wconf 80' lang='lat' dir='ltr'><strong>matrimonium</strong></span> <span class='ocrx_word' id='word_1_56' title='bbox 631 1162 780 1260; x_wconf 90' lang='lat' dir='ltr'><strong>parata</strong></span> <span class='ocrx_word' id='word_1_57' title='bbox 824 1144 1147 1260; x_wconf 81' lang='lat' dir='ltr'><strong>opportunitas,</strong></span> <span class='ocrx_word' id='word_1_58' title='bbox 1187 1144 1325 1232; x_wconf 92' lang='lat' dir='ltr'><strong>immo</strong></span> <span class='ocrx_word' id='word_1_59' title='bbox 1359 1175 1599 1263; x_wconf 82' lang='lat' dir='ltr'><strong>permagna</strong></span> <span class='ocrx_word' id='word_1_60' title='bbox 1628 1179 1748 1236; x_wconf 89' lang='lat' dir='ltr'><strong>com-</strong></span> 
     </span>
     <span class='ocr_line' id='line_1_9' title="bbox 264 1267 1749 1388; baseline 0.001 -30"><span class='ocrx_word' id='word_1_61' title='bbox 264 1267 457 1358; x_wconf 86' lang='lat' dir='ltr'><strong>moditas</strong></span> <span class='ocrx_word' id='word_1_62' title='bbox 492 1268 700 1385; x_wconf 86' lang='lat' dir='ltr'><strong>opitulata</strong></span> <span class='ocrx_word' id='word_1_63' title='bbox 750 1285 815 1356; x_wconf 92' lang='lat' dir='ltr'><strong>est</strong></span> <span class='ocrx_word' id='word_1_64' title='bbox 848 1268 1030 1382; x_wconf 86' lang='lat' dir='ltr'><strong>sponsis.</strong></span> <span class='ocrx_word' id='word_1_65' title='bbox 1068 1269 1114 1353; x_wconf 93' lang='lat' dir='ltr'><strong>ln</strong></span> <span class='ocrx_word' id='word_1_66' title='bbox 1156 1269 1251 1356; x_wconf 90' lang='lat' dir='ltr'><strong>iure</strong></span> <span class='ocrx_word' id='word_1_67' title='bbox 1285 1268 1478 1388; x_wconf 87' lang='lat' dir='ltr'><strong>alioquin</strong></span> <span class='ocrx_word' id='word_1_68' title='bbox 1516 1273 1600 1356; x_wconf 88' lang='lat' dir='ltr'><strong>iam</strong></span> <span class='ocrx_word' id='word_1_69' title='bbox 1638 1271 1749 1360; x_wconf 92' lang='lat' dir='ltr'><strong>vidi·</strong></span> 
     </span>
     <span class='ocr_line' id='line_1_10' title="bbox 258 1389 1743 1506; baseline 0.002 -27"><span class='ocrx_word' id='word_1_70' title='bbox 258 1423 356 1480; x_wconf 91' lang='lat' dir='ltr'><strong>mus</strong></span> <span class='ocrx_word' id='word_1_71' title='bbox 390 1392 593 1506; x_wconf 84' lang='lat' dir='ltr'><strong>exemplo</strong></span> <span class='ocrx_word' id='word_1_72' title='bbox 628 1410 670 1478; x_wconf 91' lang='lat' dir='ltr'><strong>et</strong></span> <span class='ocrx_word' id='word_1_73' title='bbox 706 1391 963 1479; x_wconf 87' lang='lat' dir='ltr'><strong>auctoritate</strong></span> <span class='ocrx_word' id='word_1_74' title='bbox 1005 1389 1183 1478; x_wconf 88' lang='lat' dir='ltr'><strong>huiusce</strong></span> <span class='ocrx_word' id='word_1_75' title='bbox 1205 1391 1460 1506; x_wconf 81' lang='lat' dir='ltr'><strong>amplissimi</strong></span> <span class='ocrx_word' id='word_1_76' title='bbox 1496 1392 1542 1481; x_wconf 91' lang='lat' dir='ltr'><strong>S.</strong></span> <span class='ocrx_word' id='word_1_77' title='bbox 1581 1395 1743 1482; x_wconf 79' lang='lat' dir='ltr'><strong>onot-</strong></span> 
     </span>
     <span class='ocr_line' id='line_1_11' title="bbox 247 1513 1747 1634; baseline 0.003 -30"><span class='ocrx_word' id='word_1_78' title='bbox 247 1517 378 1618; x_wconf 70' lang='grc'><strong>4415,</strong></span> <span class='ocrx_word' id='word_1_79' title='bbox 415 1515 534 1634; x_wconf 89' lang='lat' dir='ltr'><strong>qnod</strong></span> <span class='ocrx_word' id='word_1_80' title='bbox 579 1515 701 1600; x_wconf 72' lang='lat' dir='ltr'><strong>unitis</strong></span> <span class='ocrx_word' id='word_1_81' title='bbox 736 1515 1052 1615; x_wconf 76' lang='lat' dir='ltr'><strong>testimouium,</strong></span> <span class='ocrx_word' id='word_1_82' title='bbox 1082 1515 1116 1601; x_wconf 93' lang='lat' dir='ltr'><strong>si</strong></span> <span class='ocrx_word' id='word_1_83' title='bbox 1151 1513 1207 1604; x_wconf 88' lang='lat' dir='ltr'><strong>de</strong></span> <span class='ocrx_word' id='word_1_84' title='bbox 1239 1515 1351 1604; x_wconf 89' lang='lat' dir='ltr'><strong>lacto</strong></span> <span class='ocrx_word' id='word_1_85' title='bbox 1396 1515 1576 1634; x_wconf 89' lang='lat' dir='ltr'><strong>proprio</strong></span> <span class='ocrx_word' id='word_1_86' title='bbox 1609 1517 1747 1633; x_wconf 88' lang='lat' dir='ltr'><strong>depo·</strong></span> 
     </span>
     <span class='ocr_line' id='line_1_12' title="bbox 257 1636 1749 1752; baseline 0.001 -26"><span class='ocrx_word' id='word_1_87' title='bbox 257 1655 349 1738; x_wconf 91' lang='lat' dir='ltr'><strong>nat,</strong></span> <span class='ocrx_word' id='word_1_88' title='bbox 395 1653 440 1724; x_wconf 90' lang='lat' dir='ltr'><strong>et</strong></span> <span class='ocrx_word' id='word_1_89' title='bbox 478 1639 690 1752; x_wconf 86' lang='lat' dir='ltr'><strong>probatae</strong></span> <span class='ocrx_word' id='word_1_90' title='bbox 726 1637 780 1725; x_wconf 90' lang='lat' dir='ltr'><strong>sit</strong></span> <span class='ocrx_word' id='word_1_91' title='bbox 815 1636 935 1738; x_wconf 88' lang='lat' dir='ltr'><strong>lidei,</strong></span> <span class='ocrx_word' id='word_1_92' title='bbox 975 1638 1018 1722; x_wconf 95' lang='lat' dir='ltr'><strong>in</strong></span> <span class='ocrx_word' id='word_1_93' title='bbox 1051 1637 1397 1729; x_wconf 87' lang='lat' dir='ltr'><strong>constabilienda</strong></span> <span class='ocrx_word' id='word_1_94' title='bbox 1440 1640 1624 1726; x_wconf 87' lang='lat' dir='ltr'><strong>veritate</strong></span> <span class='ocrx_word' id='word_1_95' title='bbox 1641 1672 1749 1728; x_wconf 90' lang='lat' dir='ltr'><strong>con-</strong></span> 
     </span>
     <span class='ocr_line' id='line_1_13' title="bbox 258 1759 1748 1877; baseline 0 -27"><span class='ocrx_word' id='word_1_96' title='bbox 258 1760 561 1850; x_wconf 88' lang='lat' dir='ltr'><strong>summationis</strong></span> <span class='ocrx_word' id='word_1_97' title='bbox 594 1760 785 1876; x_wconf 80' lang='lat' dir='ltr'><strong>coniugii</strong></span> <span class='ocrx_word' id='word_1_98' title='bbox 821 1759 958 1877; x_wconf 79' lang='lat' dir='ltr'><strong>magis</strong></span> <span class='ocrx_word' id='word_1_99' title='bbox 989 1761 1236 1850; x_wconf 89' lang='lat' dir='ltr'><strong>attenditur</strong></span> <span class='ocrx_word' id='word_1_100' title='bbox 1267 1791 1402 1876; x_wconf 90' lang='lat' dir='ltr'><strong>quam</strong></span> <span class='ocrx_word' id='word_1_101' title='bbox 1445 1762 1748 1850; x_wconf 89' lang='lat' dir='ltr'><strong>testimonium</strong></span> 
     </span>
     <span class='ocr_line' id='line_1_14' title="bbox 259 1881 1743 2003; baseline 0.003 -32"><span class='ocrx_word' id='word_1_102' title='bbox 259 1884 446 1972; x_wconf 85' lang='lat' dir='ltr'><strong>aliorum</strong></span> <span class='ocrx_word' id='word_1_103' title='bbox 481 1884 654 2000; x_wconf 84' lang='lat' dir='ltr'><strong>oipinti,</strong></span> <span class='ocrx_word' id='word_1_104' title='bbox 692 1885 768 2003; x_wconf 79' lang='lat' dir='ltr'><strong>qai</strong></span> <span class='ocrx_word' id='word_1_105' title='bbox 792 1881 848 1969; x_wconf 90' lang='lat' dir='ltr'><strong>do</strong></span> <span class='ocrx_word' id='word_1_106' title='bbox 871 1883 1026 1972; x_wconf 84' lang='lat' dir='ltr'><strong>auditu</strong></span> <span class='ocrx_word' id='word_1_107' title='bbox 1072 1902 1117 1970; x_wconf 90' lang='lat' dir='ltr'><strong>et</strong></span> <span class='ocrx_word' id='word_1_108' title='bbox 1142 1883 1317 1999; x_wconf 86' lang='lat' dir='ltr'><strong>publica</strong></span> <span class='ocrx_word' id='word_1_109' title='bbox 1345 1883 1459 1972; x_wconf 87' lang='lat' dir='ltr'><strong>lama</strong></span> <span class='ocrx_word' id='word_1_110' title='bbox 1494 1885 1743 2001; x_wconf 88' lang='lat' dir='ltr'><strong>deponunt;</strong></span> 
     </span>
     <span class='ocr_line' id='line_1_15' title="bbox 257 2005 1753 2125; baseline 0.002 -33"><span class='ocrx_word' id='word_1_111' title='bbox 257 2005 635 2125; x_wconf 87' lang='lat' dir='ltr'><strong>quemadmodum</strong></span> <span class='ocrx_word' id='word_1_112' title='bbox 670 2007 935 2096; x_wconf 83' lang='lat' dir='ltr'><strong>examussim</strong></span> <span class='ocrx_word' id='word_1_113' title='bbox 966 2005 1204 2095; x_wconf 87' lang='lat' dir='ltr'><strong>iudicatum</strong></span> <span class='ocrx_word' id='word_1_114' title='bbox 1231 2007 1310 2094; x_wconf 88' lang='lat' dir='ltr'><strong>luit</strong></span> <span class='ocrx_word' id='word_1_115' title='bbox 1335 2007 1378 2094; x_wconf 93' lang='lat' dir='ltr'><strong>in</strong></span> <span class='ocrx_word' id='word_1_116' title='bbox 1404 2007 1641 2096; x_wconf 83' lang='lat' dir='ltr'><strong>Corduben.</strong></span> <span class='ocrx_word' id='word_1_117' title='bbox 1667 2010 1753 2096; x_wconf 89' lang='lat' dir='ltr'><strong>Di-</strong></span> 
     </span>
     <span class='ocr_line' id='line_1_16' title="bbox 258 2129 1750 2248; baseline 0.003 -32"><span class='ocrx_word' id='word_1_118' title='bbox 258 2130 533 2245; x_wconf 84' lang='lat' dir='ltr'><strong>spensotionis</strong></span> <span class='ocrx_word' id='word_1_119' title='bbox 565 2132 628 2218; x_wconf 78' lang='lat'><strong>26</strong></span> <span class='ocrx_word' id='word_1_120' title='bbox 667 2129 909 2216; x_wconf 81' lang='lat' dir='ltr'><strong>Nouembris</strong></span> <span class='ocrx_word' id='word_1_121' title='bbox 945 2132 1083 2218; x_wconf 86' lang='grc'><strong>4760.</strong></span> <span class='ocrx_word' id='word_1_122' title='bbox 1113 2131 1313 2218; x_wconf 90' lang='lat' dir='ltr'><strong>Vidimus</strong></span> <span class='ocrx_word' id='word_1_123' title='bbox 1336 2131 1488 2233; x_wconf 87' lang='lat' dir='ltr'><strong>etiarn,</strong></span> <span class='ocrx_word' id='word_1_124' title='bbox 1517 2130 1635 2248; x_wconf 91' lang='lat' dir='ltr'><strong>qood</strong></span> <span class='ocrx_word' id='word_1_125' title='bbox 1662 2164 1750 2222; x_wconf 95' lang='lat' dir='ltr'><strong>non</strong></span> 
     </span>
     <span class='ocr_line' id='line_1_17' title="bbox 259 2253 1752 2372; baseline 0.001 -32"><span class='ocrx_word' id='word_1_126' title='bbox 259 2271 513 2355; x_wconf 81' lang='lat' dir='ltr'><strong>contestata,</strong></span> <span class='ocrx_word' id='word_1_127' title='bbox 552 2285 631 2342; x_wconf 88' lang='lat' dir='ltr'><strong>noc</strong></span> <span class='ocrx_word' id='word_1_128' title='bbox 665 2253 838 2342; x_wconf 85' lang='lat' dir='ltr'><strong>exclusa</strong></span> <span class='ocrx_word' id='word_1_129' title='bbox 874 2255 1163 2372; x_wconf 86' lang='lat' dir='ltr'><strong>possibilitate</strong></span> <span class='ocrx_word' id='word_1_130' title='bbox 1202 2254 1529 2343; x_wconf 81' lang='lat' dir='ltr'><strong>commixtionis</strong></span> <span class='ocrx_word' id='word_1_131' title='bbox 1563 2255 1752 2342; x_wconf 87' lang='lat' dir='ltr'><strong>carnalis</strong></span> 
     </span>
     <span class='ocr_line' id='line_1_18' title="bbox 260 2377 1750 2493; baseline -0.001 -27"><span class='ocrx_word' id='word_1_132' title='bbox 260 2407 316 2466; x_wconf 83' lang='lat' dir='ltr'><strong>cx</strong></span> <span class='ocrx_word' id='word_1_133' title='bbox 351 2377 678 2493; x_wconf 83' lang='lat' dir='ltr'><strong>opportunitate</strong></span> <span class='ocrx_word' id='word_1_134' title='bbox 713 2379 906 2466; x_wconf 91' lang='lat' dir='ltr'><strong>locorum</strong></span> <span class='ocrx_word' id='word_1_135' title='bbox 942 2393 984 2465; x_wconf 93' lang='lat' dir='ltr'><strong>et</strong></span> <span class='ocrx_word' id='word_1_136' title='bbox 1021 2377 1246 2492; x_wconf 61' lang='lat' dir='ltr'><strong>temporis</strong></span> <span class='ocrx_word' id='word_1_137' title='bbox 1283 2377 1384 2464; x_wconf 90' lang='lat' dir='ltr'><strong>satis</strong></span> <span class='ocrx_word' id='word_1_138' title='bbox 1419 2377 1462 2464; x_wconf 94' lang='lat' dir='ltr'><strong>id</strong></span> <span class='ocrx_word' id='word_1_139' title='bbox 1496 2392 1630 2465; x_wconf 88' lang='lat' dir='ltr'><strong>estut</strong></span> <span class='ocrx_word' id='word_1_140' title='bbox 1658 2408 1750 2465; x_wconf 90' lang='lat' dir='ltr'><strong>ma·</strong></span> 
     </span>
     <span class='ocr_line' id='line_1_19' title="bbox 262 2499 1750 2617; baseline 0 -31"><span class='ocrx_word' id='word_1_141' title='bbox 262 2499 515 2587; x_wconf 90' lang='lat' dir='ltr'><strong>trimonium</strong></span> <span class='ocrx_word' id='word_1_142' title='bbox 546 2503 588 2586; x_wconf 87' lang='lat' dir='ltr'><strong>in</strong></span> <span class='ocrx_word' id='word_1_143' title='bbox 623 2501 805 2617; x_wconf 82' lang='lat' dir='ltr'><strong>quolibet</strong></span> <span class='ocrx_word' id='word_1_144' title='bbox 840 2501 967 2588; x_wconf 82' lang='lat' dir='ltr'><strong>dudio</strong></span> <span class='ocrx_word' id='word_1_145' title='bbox 989 2517 1310 2588; x_wconf 84' lang='lat' dir='ltr'><strong>consummatum</strong></span> <span class='ocrx_word' id='word_1_146' title='bbox 1332 2517 1558 2601; x_wconf 73' lang='lat' dir='ltr'><strong>cernentur,</strong></span> <span class='ocrx_word' id='word_1_147' title='bbox 1597 2500 1750 2615; x_wconf 90' lang='lat' dir='ltr'><strong>prouti</strong></span> 
     </span>
     <span class='ocr_line' id='line_1_20' title="bbox 261 2621 1752 2740; baseline 0 -32"><span class='ocrx_word' id='word_1_148' title='bbox 261 2621 503 2710; x_wconf 85' lang='lat' dir='ltr'><strong>iudicatum</strong></span> <span class='ocrx_word' id='word_1_149' title='bbox 535 2623 698 2740; x_wconf 88' lang='lat' dir='ltr'><strong>pariter</strong></span> <span class='ocrx_word' id='word_1_150' title='bbox 731 2623 812 2710; x_wconf 89' lang='lat' dir='ltr'><strong>luit</strong></span> <span class='ocrx_word' id='word_1_151' title='bbox 833 2624 874 2710; x_wconf 94' lang='lat' dir='ltr'><strong>in</strong></span> <span class='ocrx_word' id='word_1_152' title='bbox 900 2623 1217 2740; x_wconf 81' lang='lat' dir='ltr'><strong>multiplicibus</strong></span> <span class='ocrx_word' id='word_1_153' title='bbox 1251 2623 1442 2738; x_wconf 88' lang='lat' dir='ltr'><strong>desuper</strong></span> <span class='ocrx_word' id='word_1_154' title='bbox 1477 2623 1624 2710; x_wconf 91' lang='lat' dir='ltr'><strong>relatis</strong></span> <span class='ocrx_word' id='word_1_155' title='bbox 1647 2653 1752 2708; x_wconf 90' lang='lat' dir='ltr'><strong>con-</strong></span> 
     </span>
     <span class='ocr_line' id='line_1_21' title="bbox 260 2746 1748 2864; baseline 0.001 -33"><span class='ocrx_word' id='word_1_156' title='bbox 260 2746 497 2847; x_wconf 86' lang='lat' dir='ltr'><strong>troversiis,</strong></span> <span class='ocrx_word' id='word_1_157' title='bbox 524 2763 568 2832; x_wconf 88' lang='lat' dir='ltr'><strong>et</strong></span> <span class='ocrx_word' id='word_1_158' title='bbox 589 2747 850 2864; x_wconf 86' lang='lat' dir='ltr'><strong>praesertim</strong></span> <span class='ocrx_word' id='word_1_159' title='bbox 876 2747 918 2833; x_wconf 92' lang='lat' dir='ltr'><strong>in</strong></span> <span class='ocrx_word' id='word_1_160' title='bbox 945 2746 1092 2834; x_wconf 83' lang='lat' dir='ltr'><strong>Cln&#39;cn.</strong></span> <span class='ocrx_word' id='word_1_161' title='bbox 1123 2746 1389 2832; x_wconf 87' lang='lat' dir='ltr'><strong>Matrimonii</strong></span> <span class='ocrx_word' id='word_1_162' title='bbox 1415 2749 1432 2830; x_wconf 97' lang='grc'><strong>4</strong></span> <span class='ocrx_word' id='word_1_163' title='bbox 1443 2747 1472 2832; x_wconf 84' lang='grc'>5</span> <span class='ocrx_word' id='word_1_164' title='bbox 1490 2748 1586 2832; x_wconf 84' lang='lat' dir='ltr'><strong>Dec.</strong></span> <span class='ocrx_word' id='word_1_165' title='bbox 1609 2746 1748 2832; x_wconf 76' lang='lat' dir='ltr'><strong>t792.</strong></span> 
     </span>
     <span class='ocr_line' id='line_1_22' title="bbox 258 2868 1753 2986; baseline 0.001 -34"><span class='ocrx_word' id='word_1_166' title='bbox 258 2868 461 2958; x_wconf 82' lang='lat' dir='ltr'><strong>Vidimus</strong></span> <span class='ocrx_word' id='word_1_167' title='bbox 484 2888 726 2986; x_wconf 86' lang='lat' dir='ltr'><strong>praeterea,</strong></span> <span class='ocrx_word' id='word_1_168' title='bbox 748 2869 869 2986; x_wconf 84' lang='lat' dir='ltr'><strong>quod</strong></span> <span class='ocrx_word' id='word_1_169' title='bbox 888 2901 973 2956; x_wconf 93' lang='lat' dir='ltr'><strong>non</strong></span> <span class='ocrx_word' id='word_1_170' title='bbox 996 2887 1220 2956; x_wconf 86' lang='lat' dir='ltr'><strong>constante</strong></span> <span class='ocrx_word' id='word_1_171' title='bbox 1252 2899 1354 2957; x_wconf 88' lang='lat' dir='ltr'><strong>cum</strong></span> <span class='ocrx_word' id='word_1_172' title='bbox 1379 2869 1497 2955; x_wconf 79' lang='lat' dir='ltr'><strong>omiti</strong></span> <span class='ocrx_word' id='word_1_173' title='bbox 1521 2868 1753 2956; x_wconf 88' lang='lat' dir='ltr'><strong>certitudi-</strong></span> 
     </span>
     <span class='ocr_line' id='line_1_23' title="bbox 257 2991 1751 3111; baseline 0.001 -33"><span class='ocrx_word' id='word_1_174' title='bbox 257 3021 312 3078; x_wconf 86' lang='lat' dir='ltr'><strong>ne</strong></span> <span class='ocrx_word' id='word_1_175' title='bbox 346 2991 404 3078; x_wconf 86' lang='lat' dir='ltr'><strong>do</strong></span> <span class='ocrx_word' id='word_1_176' title='bbox 426 2993 864 3094; x_wconf 87' lang='lat' dir='ltr'><strong>inconsummatioue,</strong></span> <span class='ocrx_word' id='word_1_177' title='bbox 909 3009 1005 3079; x_wconf 88' lang='lat' dir='ltr'><strong>utut</strong></span> <span class='ocrx_word' id='word_1_178' title='bbox 1034 2992 1293 3080; x_wconf 86' lang='lat' dir='ltr'><strong>brevissima</strong></span> <span class='ocrx_word' id='word_1_179' title='bbox 1320 2991 1453 3079; x_wconf 88' lang='lat' dir='ltr'><strong>luerit</strong></span> <span class='ocrx_word' id='word_1_180' title='bbox 1486 3021 1751 3111; x_wconf 90' lang='lat' dir='ltr'><strong>sponsorum</strong></span> 
     </span>
     <span class='ocr_line' id='line_1_24' title="bbox 257 3115 1753 3234; baseline 0.001 -34"><span class='ocrx_word' id='word_1_181' title='bbox 257 3116 547 3214; x_wconf 81' lang='lat' dir='ltr'><strong>conversatio,</strong></span> <span class='ocrx_word' id='word_1_182' title='bbox 584 3145 759 3234; x_wconf 87' lang='lat' dir='ltr'><strong>semper</strong></span> <span class='ocrx_word' id='word_1_183' title='bbox 792 3115 1018 3202; x_wconf 80' lang='lat' dir='ltr'><strong>consuevit</strong></span> <span class='ocrx_word' id='word_1_184' title='bbox 1050 3117 1095 3205; x_wconf 87' lang='lat' dir='ltr'><strong>S.</strong></span> <span class='ocrx_word' id='word_1_185' title='bbox 1114 3116 1183 3203; x_wconf 82' lang='lat' dir='ltr'><strong>nic</strong></span> <span class='ocrx_word' id='word_1_186' title='bbox 1205 3115 1326 3204; x_wconf 88' lang='lat' dir='ltr'><strong>Ordo</strong></span> <span class='ocrx_word' id='word_1_187' title='bbox 1348 3115 1556 3203; x_wconf 87' lang='lat' dir='ltr'><strong>certiores</strong></span> <span class='ocrx_word' id='word_1_188' title='bbox 1591 3116 1753 3229; x_wconf 87' lang='lat' dir='ltr'><strong>proba·</strong></span> 
     </span>
     <span class='ocr_line' id='line_1_25' title="bbox 259 3237 1847 3359; baseline -0.001 -36"><span class='ocrx_word' id='word_1_189' title='bbox 259 3237 396 3326; x_wconf 90' lang='lat' dir='ltr'><strong>tiones</strong></span> <span class='ocrx_word' id='word_1_190' title='bbox 429 3237 682 3358; x_wconf 83' lang='lat' dir='ltr'><strong>exquirere,</strong></span> <span class='ocrx_word' id='word_1_191' title='bbox 709 3238 1088 3359; x_wconf 86' lang='lat' dir='ltr'><strong>quemadmodum</strong></span> <span class='ocrx_word' id='word_1_192' title='bbox 1129 3239 1173 3324; x_wconf 92' lang='lat' dir='ltr'><strong>in</strong></span> <span class='ocrx_word' id='word_1_193' title='bbox 1214 3238 1440 3354; x_wconf 86' lang='lat' dir='ltr'><strong>Spolotunu</strong></span> <span class='ocrx_word' id='word_1_194' title='bbox 1488 3239 1550 3325; x_wconf 78' lang='lat'><strong>20</strong></span> <span class='ocrx_word' id='word_1_195' title='bbox 1581 3239 1751 3323; x_wconf 85' lang='lat' dir='ltr'><strong>Decem·</strong></span> <span class='ocrx_word' id='word_1_196' title='bbox 1844 3247 1847 3252; x_wconf 85' lang='lat'>&#39;</span> 
     </span>
     <span class='ocr_line' id='line_1_26' title="bbox 258 3359 1755 3479; baseline 0.001 -33"><span class='ocrx_word' id='word_1_197' title='bbox 258 3359 346 3446; x_wconf 83' lang='lat' dir='ltr'><strong>bris</strong></span> <span class='ocrx_word' id='word_1_198' title='bbox 381 3362 517 3449; x_wconf 82' lang='grc'><strong>4873.</strong></span> <span class='ocrx_word' id='word_1_199' title='bbox 555 3363 686 3450; x_wconf 87' lang='lat' dir='ltr'><strong>Facto</strong></span> <span class='ocrx_word' id='word_1_200' title='bbox 722 3361 852 3479; x_wconf 80' lang='lat' dir='ltr'><strong>igitur</strong></span> <span class='ocrx_word' id='word_1_201' title='bbox 873 3379 917 3449; x_wconf 90' lang='lat' dir='ltr'><strong>et</strong></span> <span class='ocrx_word' id='word_1_202' title='bbox 938 3364 1034 3450; x_wconf 91' lang='lat' dir='ltr'><strong>iure</strong></span> <span class='ocrx_word' id='word_1_203' title='bbox 1053 3364 1281 3478; x_wconf 85' lang='lat' dir='ltr'><strong>explorato</strong></span> <span class='ocrx_word' id='word_1_204' title='bbox 1300 3377 1344 3449; x_wconf 89' lang='lat' dir='ltr'><strong>et</strong></span> <span class='ocrx_word' id='word_1_205' title='bbox 1366 3391 1599 3478; x_wconf 90' lang='lat' dir='ltr'><strong>perpenso,</strong></span> <span class='ocrx_word' id='word_1_206' title='bbox 1644 3389 1755 3476; x_wconf 92' lang='lat' dir='ltr'><strong>opus</strong></span> 
     </span>
     <span class='ocr_line' id='line_1_27' title="bbox 261 3483 1752 3603; baseline -0.002 -31"><span class='ocrx_word' id='word_1_207' title='bbox 261 3500 325 3572; x_wconf 86' lang='lat' dir='ltr'><strong>est</strong></span> <span class='ocrx_word' id='word_1_208' title='bbox 348 3484 626 3588; x_wconf 84' lang='lat' dir='ltr'><strong>concludere,</strong></span> <span class='ocrx_word' id='word_1_209' title='bbox 653 3485 893 3603; x_wconf 90' lang='lat' dir='ltr'><strong>quodcum</strong></span> <span class='ocrx_word' id='word_1_210' title='bbox 919 3483 1106 3602; x_wconf 90' lang='lat' dir='ltr'><strong>positiva</strong></span> <span class='ocrx_word' id='word_1_211' title='bbox 1135 3484 1206 3572; x_wconf 91' lang='lat' dir='ltr'><strong>illa</strong></span> <span class='ocrx_word' id='word_1_212' title='bbox 1245 3484 1463 3574; x_wconf 91' lang='lat' dir='ltr'><strong>certitudo</strong></span> <span class='ocrx_word' id='word_1_213' title='bbox 1498 3483 1752 3572; x_wconf 88' lang='lat' dir='ltr'><strong>inconsum-</strong></span> 
     </span>
     <span class='ocr_line' id='line_1_28' title="bbox 260 3604 1755 3725; baseline -0.001 -32"><span class='ocrx_word' id='word_1_214' title='bbox 260 3608 462 3695; x_wconf 87' lang='lat' dir='ltr'><strong>mationis</strong></span> <span class='ocrx_word' id='word_1_215' title='bbox 496 3609 663 3724; x_wconf 92' lang='lat' dir='ltr'><strong>ipsius,</strong></span> <span class='ocrx_word' id='word_1_216' title='bbox 700 3639 785 3725; x_wconf 90' lang='lat' dir='ltr'><strong>qna</strong></span> <span class='ocrx_word' id='word_1_217' title='bbox 818 3609 1049 3696; x_wconf 82' lang='lat' dir='ltr'><strong>dumtaxat</strong></span> <span class='ocrx_word' id='word_1_218' title='bbox 1083 3609 1364 3724; x_wconf 75' lang='lat' dir='ltr'><strong>suffragante,</strong></span> <span class='ocrx_word' id='word_1_219' title='bbox 1401 3606 1628 3723; x_wconf 81' lang='lat' dir='ltr'><strong>coniugale</strong></span> <span class='ocrx_word' id='word_1_220' title='bbox 1663 3604 1755 3692; x_wconf 90' lang='lat' dir='ltr'><strong>vin·</strong></span> 
     </span>
     <span class='ocr_line' id='line_1_29' title="bbox 256 3725 1751 3850; baseline -0.001 -34"><span class='ocrx_word' id='word_1_221' title='bbox 256 3731 400 3817; x_wconf 83' lang='lat' dir='ltr'><strong>culum</strong></span> <span class='ocrx_word' id='word_1_222' title='bbox 432 3749 477 3834; x_wconf 80' lang='lat' dir='ltr'><strong>et</strong></span> <span class='ocrx_word' id='word_1_223' title='bbox 494 3731 822 3837; x_wconf 85' lang='lat' dir='ltr'><strong>sacramentale,</strong></span> <span class='ocrx_word' id='word_1_224' title='bbox 836 3749 1064 3819; x_wconf 90' lang='lat' dir='ltr'><strong>aeternum</strong></span> <span class='ocrx_word' id='word_1_225' title='bbox 1084 3749 1215 3850; x_wconf 89' lang='lat' dir='ltr'><strong>atque</strong></span> <span class='ocrx_word' id='word_1_226' title='bbox 1235 3731 1578 3848; x_wconf 86' lang='lat' dir='ltr'><strong>indispensabile</strong></span> <span class='ocrx_word' id='word_1_227' title='bbox 1597 3725 1751 3816; x_wconf 88' lang='lat' dir='ltr'><strong>loodus</strong></span> 
     </span>
     <span class='ocr_line' id='line_1_30' title="bbox 255 3852 1755 3971; baseline -0.003 -29"><span class='ocrx_word' id='word_1_228' title='bbox 255 3853 433 3942; x_wconf 91' lang='lat' dir='ltr'><strong>dissolvi</strong></span> <span class='ocrx_word' id='word_1_229' title='bbox 469 3873 611 3971; x_wconf 89' lang='lat' dir='ltr'><strong>potest</strong></span> <span class='ocrx_word' id='word_1_230' title='bbox 633 3856 690 3942; x_wconf 89' lang='lat' dir='ltr'><strong>ab</strong></span> <span class='ocrx_word' id='word_1_231' title='bbox 716 3856 919 3956; x_wconf 84' lang='lat' dir='ltr'><strong>Ecclesia,</strong></span> <span class='ocrx_word' id='word_1_232' title='bbox 937 3855 1119 3943; x_wconf 91' lang='lat' dir='ltr'><strong>omnino</strong></span> <span class='ocrx_word' id='word_1_233' title='bbox 1151 3855 1300 3943; x_wconf 84' lang='lat' dir='ltr'><strong>exulat</strong></span> <span class='ocrx_word' id='word_1_234' title='bbox 1337 3855 1380 3941; x_wconf 93' lang='lat' dir='ltr'><strong>in</strong></span> <span class='ocrx_word' id='word_1_235' title='bbox 1413 3882 1530 3954; x_wconf 88' lang='lat' dir='ltr'><strong>casu,</strong></span> <span class='ocrx_word' id='word_1_236' title='bbox 1560 3852 1755 3968; x_wconf 83' lang='lat' dir='ltr'><strong>ideoque</strong></span> 
     </span>
     <span class='ocr_line' id='line_1_31' title="bbox 261 3973 1757 4097; baseline -0.001 -36"><span class='ocrx_word' id='word_1_237' title='bbox 261 3978 329 4064; x_wconf 84' lang='lat' dir='ltr'><strong>rel</strong></span> <span class='ocrx_word' id='word_1_238' title='bbox 367 3977 616 4067; x_wconf 89' lang='lat' dir='ltr'><strong>nullatenus</strong></span> <span class='ocrx_word' id='word_1_239' title='bbox 637 3977 973 4095; x_wconf 88' lang='lat' dir='ltr'><strong>dispensationis</strong></span> <span class='ocrx_word' id='word_1_240' title='bbox 997 3981 1135 4097; x_wconf 75' lang='lat' dir='ltr'><strong>gratia</strong></span> <span class='ocrx_word' id='word_1_241' title='bbox 1157 3976 1436 4066; x_wconf 85' lang='lat' dir='ltr'><strong>concedenda</strong></span> <span class='ocrx_word' id='word_1_242' title='bbox 1459 3992 1537 4077; x_wconf 90' lang='lat' dir='ltr'><strong>est,</strong></span> <span class='ocrx_word' id='word_1_243' title='bbox 1560 3976 1627 4062; x_wconf 88' lang='lat' dir='ltr'><strong>vel</strong></span> <span class='ocrx_word' id='word_1_244' title='bbox 1651 3973 1757 4062; x_wconf 89' lang='lat' dir='ltr'><strong>dili-</strong></span> 
     </span>
     <span class='ocr_line' id='line_1_32' title="bbox 255 4099 1754 4214; baseline 0.001 -31"><span class='ocrx_word' id='word_1_245' title='bbox 255 4100 428 4214; x_wconf 76' lang='lat' dir='ltr'><strong>gontius</strong></span> <span class='ocrx_word' id='word_1_246' title='bbox 461 4117 505 4188; x_wconf 88' lang='lat' dir='ltr'><strong>et</strong></span> <span class='ocrx_word' id='word_1_247' title='bbox 539 4103 784 4190; x_wconf 87' lang='lat' dir='ltr'><strong>accuratius</strong></span> <span class='ocrx_word' id='word_1_248' title='bbox 816 4132 1001 4190; x_wconf 83' lang='lat' dir='ltr'><strong>examen</strong></span> <span class='ocrx_word' id='word_1_249' title='bbox 1036 4121 1100 4192; x_wconf 90' lang='lat' dir='ltr'><strong>est</strong></span> <span class='ocrx_word' id='word_1_250' title='bbox 1124 4103 1458 4205; x_wconf 88' lang='lat' dir='ltr'><strong>instituendum,</strong></span> <span class='ocrx_word' id='word_1_251' title='bbox 1488 4117 1533 4186; x_wconf 89' lang='grc' dir='ltr'><strong>ιιι</strong></span> <span class='ocrx_word' id='word_1_252' title='bbox 1556 4099 1614 4189; x_wconf 89' lang='lat' dir='ltr'><strong>de</strong></span> <span class='ocrx_word' id='word_1_253' title='bbox 1642 4127 1754 4186; x_wconf 89' lang='lat' dir='ltr'><strong>oon·</strong></span> 
     </span>
     <span class='ocr_line' id='line_1_33' title="bbox 256 4224 1753 4343; baseline 0.001 -37"><span class='ocrx_word' id='word_1_254' title='bbox 256 4224 500 4312; x_wconf 89' lang='lat' dir='ltr'><strong>versatione</strong></span> <span class='ocrx_word' id='word_1_255' title='bbox 539 4225 655 4312; x_wconf 88' lang='lat' dir='ltr'><strong>iuter</strong></span> <span class='ocrx_word' id='word_1_256' title='bbox 687 4225 891 4343; x_wconf 77' lang='lat' dir='ltr'><strong>coniuges</strong></span> <span class='ocrx_word' id='word_1_257' title='bbox 916 4239 1023 4342; x_wconf 88' lang='lat' dir='ltr'><strong>post</strong></span> <span class='ocrx_word' id='word_1_258' title='bbox 1055 4225 1228 4342; x_wconf 90' lang='lat' dir='ltr'><strong>nuptias</strong></span> <span class='ocrx_word' id='word_1_259' title='bbox 1259 4226 1501 4312; x_wconf 89' lang='lat' dir='ltr'><strong>celebratas</strong></span> <span class='ocrx_word' id='word_1_260' title='bbox 1537 4236 1753 4310; x_wconf 90' lang='lat' dir='ltr'><strong>transacta</strong></span> 
     </span>
     <span class='ocr_line' id='line_1_34' title="bbox 260 4343 1744 4466; baseline -0.001 -36"><span class='ocrx_word' id='word_1_261' title='bbox 260 4343 521 4434; x_wconf 87' lang='lat' dir='ltr'><strong>luculentius</strong></span> <span class='ocrx_word' id='word_1_262' title='bbox 555 4348 807 4454; x_wconf 88' lang='lat' dir='ltr'><strong>edoccatur,</strong></span> <span class='ocrx_word' id='word_1_263' title='bbox 845 4379 933 4466; x_wconf 87' lang='lat' dir='ltr'><strong>quo</strong></span> <span class='ocrx_word' id='word_1_264' title='bbox 967 4350 1107 4465; x_wconf 79' lang='lat' dir='ltr'><strong>magis</strong></span> <span class='ocrx_word' id='word_1_265' title='bbox 1140 4367 1315 4436; x_wconf 89' lang='lat' dir='ltr'><strong>cautum</strong></span> <span class='ocrx_word' id='word_1_266' title='bbox 1341 4364 1384 4436; x_wconf 87' lang='lat' dir='ltr'><strong>et</strong></span> <span class='ocrx_word' id='word_1_267' title='bbox 1419 4361 1560 4433; x_wconf 92' lang='lat' dir='ltr'><strong>tutum</strong></span> <span class='ocrx_word' id='word_1_268' title='bbox 1584 4345 1641 4433; x_wconf 87' lang='lat' dir='ltr'><strong>de</strong></span> <span class='ocrx_word' id='word_1_269' title='bbox 1663 4343 1744 4432; x_wconf 84' lang='lat' dir='ltr'><strong>de-</strong></span> 
     </span>
     <span class='ocr_line' id='line_1_35' title="bbox 259 4465 1387 4588; baseline 0.004 -36"><span class='ocrx_word' id='word_1_270' title='bbox 259 4465 371 4556; x_wconf 86' lang='lat' dir='ltr'><strong>lectu</strong></span> <span class='ocrx_word' id='word_1_271' title='bbox 407 4473 792 4562; x_wconf 88' lang='lat' dir='ltr'><strong>consummationis</strong></span> <span class='ocrx_word' id='word_1_272' title='bbox 826 4471 953 4560; x_wconf 91' lang='lat' dir='ltr'><strong>reddi</strong></span> <span class='ocrx_word' id='word_1_273' title='bbox 988 4470 1124 4588; x_wconf 88' lang='lat' dir='ltr'><strong>possit</strong></span> <span class='ocrx_word' id='word_1_274' title='bbox 1158 4471 1387 4559; x_wconf 90' lang='lat' dir='ltr'><strong>iudicium.</strong></span> 
     </span>
     <span class='ocr_line' id='line_1_36' title="bbox 384 4593 652 4705; baseline 0.019 -25"><span class='ocrx_word' id='word_1_275' title='bbox 384 4593 534 4705; x_wconf 82' lang='lat' dir='ltr'><strong>Quare</strong></span> <span class='ocrx_word' id='word_1_276' title='bbox 569 4611 652 4685; x_wconf 89' lang='lat' dir='ltr'><strong>etc.</strong></span> 
     </span>
    </p>
   </div>
   <div class='ocr_carea' id='block_1_3' title="bbox 685 4943 1651 5210">
    <p class='ocr_par' dir='ltr' id='par_1_3' title="bbox 685 4943 1651 5210">
     <span class='ocr_line' id='line_1_37' title="bbox 842 4943 1536 5038; baseline -0.003 -6"><span class='ocrx_word' id='word_1_277' title='bbox 842 4945 1164 5038; x_wconf 82' lang='lat' dir='ltr'><strong>FLdVldNUS</strong></span> <span class='ocrx_word' id='word_1_278' title='bbox 1202 4943 1536 5036; x_wconf 83' lang='lat' dir='ltr'><strong>SlMONESClll</strong></span> 
     </span>
     <span class='ocr_line' id='line_1_38' title="bbox 685 5077 1651 5210; baseline -0.008 -33"><span class='ocrx_word' id='word_1_279' title='bbox 685 5137 688 5144; x_wconf 48' lang='lat'><strong>⁴</strong></span> <span class='ocrx_word' id='word_1_280' title='bbox 727 5085 844 5177; x_wconf 76' lang='lat' dir='ltr'><strong>Ado.</strong></span> <span class='ocrx_word' id='word_1_281' title='bbox 880 5086 1087 5210; x_wconf 76' lang='lat' dir='ltr'><strong>Defensor</strong></span> <span class='ocrx_word' id='word_1_282' title='bbox 1115 5086 1382 5174; x_wconf 85' lang='lat' dir='ltr'><strong>Matrimonii</strong></span> <span class='ocrx_word' id='word_1_283' title='bbox 1411 5117 1463 5173; x_wconf 78' lang='lat' dir='ltr'><strong>ex</strong></span> <span class='ocrx_word' id='word_1_284' title='bbox 1494 5077 1651 5208; x_wconf 78' lang='lat' dir='ltr'><strong>officio.</strong></span> 
     </span>
    </p>
   </div>
   <div class='ocr_carea' id='block_1_4' title="bbox 0 0 2284 6340">
    <p class='ocr_par' dir='ltr' id='par_1_4' title="bbox 0 0 2284 6340">
     <span class='ocr_line' id='line_1_39' title="bbox 0 0 2284 6340; baseline 0 0"><span class='ocrx_word' id='word_1_285' title='bbox 0 0 2284 6340; x_wconf 95' lang='lat' dir='ltr'><strong> </strong></span> 
     </span>
    </p>
   </div>
  </div>
 </body>
</html>
