4350 6326
5 435 10 486 4

9 563 15 628 4

5 819 13 876 4

586 369 668 456 Die
699 369 761 458 20
791 367 1042 486 Septembris
1075 368 1215 457 4879.
1556 373 1651 463 505

172 537 189 575 t
227 493 389 614 pliatur
426 494 571 610 primo
611 491 834 608 praedicta
867 491 1102 593 conclusio.
1151 509 1197 579 ut
1235 495 1444 610 procedat
1477 496 1650 586 etiamsi

177 661 194 699 ι
232 617 552 708 consuetudine
585 615 881 703 introductum
915 617 985 716 sit,
1024 633 1072 702 444
1102 615 1434 706 distributiones
1468 620 1657 708 absenti·

173 783 190 820 4
229 740 313 828 bus
346 738 613 839 debeantur,
651 769 701 824 ea
735 738 851 824 enim
885 739 1155 826 consuetudo
1187 767 1276 828 uon
1309 741 1440 830 valet:
1466 741 1557 830 sive
1591 744 1656 832 in·

175 906 190 944 ι
233 863 432 952 troduota
464 861 594 952 inerit
629 875 730 948 anto
763 860 1128 950 Constitutionom
1167 861 1375 952 Bonilacii
1418 866 1461 950 in
1481 865 1525 952 d.
1548 895 1648 982 cap.

173 1027 194 1070 ι
230 985 359 1074 unico
391 986 484 1072 sive
517 1000 629 1102 post,
662 982 768 1100 quia
801 1015 901 1072 cnm
936 1013 986 1070 ea
1019 985 1277 1074 Constitutio
1312 1017 1398 1074 non
1438 985 1656 1105 simplici-

174 1149 191 1192 ·
234 1126 299 1196 ter
332 1106 512 1223 deroget
547 1105 868 1207 444444444444444,
897 1108 972 1196 sed
998 1107 1058 1195 itti
1082 1110 1266 1209 resistat,
1295 1141 1482 1228 eamque
1509 1144 1659 1228 repro·

176 1275 193 1311 4
232 1233 310 1320 bet
338 1249 385 1316 ut
419 1232 616 1347 iniquam
656 1247 696 1315 ot
732 1228 1115 1332 irrationabilem,
1162 1231 1221 1317 ibi
1262 1233 1564 1347 reprobantes:
1601 1265 1655 1322 ex

176 1399 192 1436 ι
232 1355 314 1442 hoc
347 1369 547 1440 cosmetur
586 1383 674 1440 non
719 1367 887 1440 tantum
933 1357 1185 1469 praeterita,
1227 1354 1304 1441 sed
1347 1357 1476 1444 otiam
1515 1357 1661 1447 lutura

175 1519 192 1562 4
233 1477 454 1564 sustulisse
495 1495 538 1562 ut
572 1477 702 1562 sentit
734 1475 877 1562 1444444.
915 1479 958 1560 in
983 1509 1076 1591 cop.
1099 1477 1166 1564 Em
1180 1495 1379 1592 porta...
1404 1483 1454 1566 m
1479 1479 1538 1568 ob
1560 1511 1658 1568 eam

175 1642 192 1682 ι
233 1600 447 1689 rationem
482 1600 654 1715 saepius
689 1600 917 1714 respondit·
950 1600 994 1687 S.
1032 1601 1399 1718 Congregatio....
1423 1605 1554 1689 ctiam
1582 1604 1660 1688 im·

177 1722 567 1810 «memorabilem
618 1720 983 1810 consuetudinem
1035 1724 1166 1810 luisse
1206 1724 1496 1812 sublatam..
1534 1727 1658 1813 ldem
1730 1753 1732 1755 ’

171 1847 303 1936 sentit
335 1843 572 1959 Pipnotell.
614 1845 692 1931 loo.
738 1847 809 1932 cit.
859 1878 968 1932 cons.
1008 1848 1097 1932 ll5
1143 1879 1258 1934 444444.
1296 1849 1325 1935 2
1359 1865 1456 1934 tom.
1495 1852 1524 1934 9
1558 1879 1658 1936 oum

171 1971 264 2058 aliis
300 1967 411 2054 inibi
431 1969 647 2080 recitatis.

296 2093 416 2179 lianc
461 2108 605 2178 autem
657 2092 920 2179 sententiam
969 2093 1271 2180 indubitanter
1304 2095 1656 2209 amplectendam

172 2245 265 2302 esse
299 2214 454 2302 suadet
488 2215 834 2302 constantissima
869 2217 921 2300 tt.
959 2217 1004 2305 S.
1042 2220 1096 2304 Ο.
1121 2218 1307 2332 praxis,
1345 2248 1459 2333 quae
1500 2218 1671 2336 iugiter
1822 2249 1824 2256 ·
1883 2218 1887 2226 '

174 2338 316 2438 tenuit
351 2337 552 2425 absentes
595 2369 723 2424 causa
774 2337 1107 2425 vacationuma
1156 2339 1351 2429 Concilio
1396 2341 1661 2430 Tridentino

173 2459 481 2579 permissarum
517 2461 719 2548 amittere
753 2461 1083 2547 distributiones
1128 2462 1407 2578 quotidianas
1457 2493 1544 2549 non
1582 2465 1661 2552 ob·

172 2601 314 2671 stante
348 2611 627 2699 quacumque
660 2583 979 2670 consuetudine
1013 2587 1144 2671 ctiam
1183 2587 1523 2674 immemorabili
1550 2605 1593 2674 ut
1618 2588 1660 2674 in

171 2706 397 2792 Pisomen.
440 2707 498 2792 44
532 2705 649 2792 [444444
683 2706 803 2793 4674)
841 2705 914 2792 lib.
952 2709 1013 2793 26
1047 2710 1210 2795 Deerat.
1244 2737 1347 2824 pop.
1372 2711 1461 2796 353
1482 2712 1555 2796 ubi
1580 2709 1661 2798 fuit

172 2829 337 2916 dictum
376 2828 573 2916 dandum
613 2861 705 2916 esso
727 2829 950 2917 decoctum
974 2832 1172 2919 indubio
1198 2833 1420 2947 proposito
1438 2832 1510 2920 die
1533 2833 1660 2920 3144-

172 2951 344 3040 ccmbris
380 2954 559 3040 6444-
595 2954 718 3038 ibi·
758 2953 1042 3039 Cononicos
1093 2971 1275 3070 tempore
1314 2973 1548 3042 4444444444
1582 2989 1663 3042 nou

172 3075 335 3162 lucrari
373 3074 691 3162 distributiones
724 3075 992 3191 quotidianos
1024 3109 1104 3163 non
1155 3077 1338 3166 obstante
1371 3079 1671 3165 consuetudine

171 3197 515 3286 immemorabili:
538 3197 671 3286 Cord.
698 3197 1079 3286 PettNJuCnmment
1097 3199 1309 3286 udConst.
1331 3202 1530 3322 9844444.
1551 3201 1668 3292 VIII

173 3355 287 3408 num.
325 3324 385 3407 23
420 3337 521 3408 tom.
558 3323 586 3408 3
617 3353 719 3436 pop.
755 3322 862 3408 297.
902 3323 1363 3440 idemquesancitum
1399 3326 1494 3410 iam
1521 3325 1666 3411 lucrat

172 3448 215 3532 in
253 3445 483 3532 Civitatem.
522 3443 713 3530 Octobris
749 3447 867 3532 4587
904 3446 961 3531 od
994 3448 1022 3530 2
1055 3445 1168 3533 Dab.
1206 3451 1331 3532 relat.
1381 3479 1404 3534 a
1445 3449 1662 3535 Zamboni

176 3571 218 3654 in
255 3599 332 3654 sua
365 3569 619 3658 Collectr'orte
650 3567 767 3656 oerb.
806 3567 1010 3655 Cononiot'
1033 3569 1077 3692 S.
1102 3573 1261 3658 3nnm.
1287 3571 1342 3659 47
1366 3569 1519 3657 -ibi-
1547 3573 1663 3660 «Ca-

179 3733 195 3769 .
236 3692 382 3777 nonici
417 3693 618 3780 absentes
653 3693 790 3778 tribus
824 3694 1047 3780 mensibus
1073 3695 1295 3810 per-strissis
1321 3693 1662 3811 lucranturquir-

178 3855 194 3891 ι
235 3813 338 3914 dem
365 3814 539 3903 fructus.
564 3815 857 3931 praebendae,
886 3848 971 3902 uon
1008 3835 1156 3905 autem
1190 3815 1526 3906 distributiones
1560 3849 1665 3934 quo·

178 3977 194 4014 .
238 3936 440 4040 tibicinas
479 3970 618 4056 caque
653 3939 703 4027 in.
732 3972 776 4024 ro
810 3969 894 4026 non
940 3957 1005 4027 est
1053 3940 1322 4028 attendenda
1371 3941 1659 4042 consuetodo,

179 4099 194 4137 ι
234 4089 371 4178 quum
406 4062 648 4152 Concilium
683 4093 778 4178 cop.
820 4064 876 4149 l2
909 4063 1216 4150 4444244444.
1242 4063 1664 4150 Distributioresoe·
1787 4171 1789 4176 ,

178 4221 194 4259 ι
236 4215 284 4268 44
323 4249 331 4270 .
375 4253 384 4270 .
428 4253 437 4271 .
476 4186 518 4272 in
545 4215 673 4276 usum
698 4203 871 4274 reuocet
901 4186 1265 4274 Constitutioncm
1293 4185 1505 4274 Bonilacii
1546 4254 1554 4272 .
1597 4255 1606 4272 .
1652 4252 1660 4269 .

180 4347 196 4382 e
235 4305 358 4394 ouius
391 4308 515 4396 initio
548 4303 1036 4425 praelataconsuetudo
1060 4309 1335 4426 improbatur
1364 4347 1403 4394 4.
1430 4311 1669 4397 Consonae¹

176 4429 292 4520 bisce
326 4433 742 4547 praescriptionibus
775 4458 875 4519 suut
909 4432 1018 4520 aliae
1045 4435 1337 4522 'resolutiones
1361 4431 1506 4520 edituo
1526 4429 1665 4518 444844-

178 4549 267 4639 ben.
295 4553 493 4669 3April.
515 4555 651 4658 4593,
674 4557 877 4650 0444444444
894 4555 1421 4644 04444444444Ρ4444444444.
1443 4553 1502 4641 49
1526 4553 1665 4669 Apri-

178 4673 239 4771 lu.
267 4677 404 4780 4644,
443 4679 642 4798 aliisquo
659 4679 1016 4797 quamplurimis.

297 4799 468 4912 Quibus
486 4805 532 4893 S.
546 4803 904 4921 Congregationis
917 4802 1099 4893 Consilii
1117 4801 1318 4902 decretis,
1333 4801 1541 4888 ut'verbis
1567 4817 1675 4886 utar

172 4922 312 5042 Scors.
350 4924 409 5010 od
441 4928 658 5044 Geccoper.
692 4945 810 5042 ports
850 4932 867 5014 4
912 4926 1037 5012 tina
1070 4925 1260 5012 4444444444.
1300 4921 1358 5010 nd
1394 4925 1512 5012 tit.8
1543 4954 1588 5010 44.
1614 4925 1677 5024 8,·

180 5083 197 5124 ι
237 5047 571 5166 obsequendum
608 5053 787 5140 omnino
821 5067 900 5152 ost,
938 5080 1036 5137 oum
1073 5049 1233 5137 saciant
1282 5049 1359 5136 ius·
1380 5047 1526 5170 quoad
1572 5073 1665 5133 om·

178 5207 195 5246 ι
237 5199 330 5274 nes,
368 5176 539 5292 quoties
573 5175 888 5291 intorpretatur
908 5174 1108 5264 Ganones
1142 5172 1348 5262 eiusdem·
1374 5173 1492 5262 Sacri
1515 5168 1669 5261 Conci·

177 5331 195 5368 ι
237 5293 280 5381 444
316 5313 497 5410 propter
530 5297 756 5386 facultates
789 5295 934 5384 eidem
968 5327 1194 5385 concessas
1223 5327 1253 5382 a·
1281 5295 1473 5388 Summis
1507 5293 1679 5382 Ponti-··

179 5451 195 5493 ι
237 5414 394 5508 ficibus
426 5449 479 5509 ex
515 5420 673 5512 notatis
707 5451 786 5539 per.
818 5421 949 5508 Gorz.
978 5422 1043 5506 Do
1073 5417 1206 5539 benef.
1245 5419 1290 5505 in
1317 5418 1506 5538 praefat.
1533 5433 1577 5506 et
1600 5417 1664 5504 la-

179 5578 195 5615 ·
235 5540 321 5630 tius
354 5575 434 5662 per
466 5545 663 5662 annan..
694 5545 736 5630 in
770 5575 864 5660 nep.
906 5544 1114 5655 Quoniam
1138 5577 1162 5630 44
1185 5570 1298 5630 nom.
1319 5544 1435 5631 7044
1468 5573 1578 5660 seqq:
1598 5540 1684 5632 De·

1478 5693 1538 5780 64
