4350 6326
623 323 704 410 Die
735 323 796 411 20
828 322 1078 440 Septembris
1111 325 1248 413 4879.
1587 329 1680 416 499

317 442 385 530 nd
419 445 786 534 consuetudinem
818 476 950 565 quam
984 447 1049 534 sui
1090 444 1238 535 lavore
1281 447 1453 537 invocat
1495 449 1677 568 Capitu-

196 570 288 656 lum
322 565 549 682 respondit
582 567 627 652 l⁰
651 569 792 686 ipsam
826 567 1009 658 iuridice
1046 570 1280 684 probatam
1308 601 1394 660 non
1419 571 1564 660 luisse.
1592 577 1674 661 Te·

196 707 280 778 stes
322 687 438 774 enim
486 689 661 812 adducti
703 709 802 777 sunt
845 690 1027 809 quidam
1075 691 1241 780 incolae
1285 692 1365 781 loci
1417 692 1674 782 Manduriae

197 809 449 898 recentioris
489 813 654 914 aetatis,
690 813 763 930 qui
808 828 924 900 certe
956 813 1356 902 immemorabilem
1394 817 1675 904 consuetudi-

198 963 299 1022 nem
338 933 529 1048 probare
573 963 661 1021 non
706 934 868 1022 valent.
914 937 976 1022 Eo
1019 937 1089 1023 vel
1119 936 1256 1054 magis
1293 937 1341 1023 2⁰
1377 937 1480 1056 quia
1534 936 1679 1056 agitur

198 1056 254 1144 dc
292 1056 523 1146 statuenda
568 1057 885 1144 consuetudine
920 1056 963 1142 iu
1003 1057 1228 1145 vacatione
1279 1059 1522 1161 Parocciae,
1563 1091 1680 1178 quae

196 1179 344 1295 plures
388 1190 485 1291 post
506 1207 641 1265 annos
681 1179 858 1266 evenire
895 1178 1121 1296 contingit,
1170 1180 1268 1268 hinc
1291 1182 1463 1268 nonnisi
1488 1181 1544 1268 de
1589 1213 1676 1270 una

197 1316 272 1386 aut
305 1297 441 1386 altera
476 1301 570 1388 vice
609 1299 688 1418 ipsi
735 1299 959 1417 deponere
986 1301 1241 1416 potuissent,
1288 1333 1401 1420 quae
1427 1313 1545 1390 certe
1573 1304 1677 1394 satis

197 1451 283 1508 non
325 1435 436 1509 esset
474 1421 528 1510 ad
569 1423 936 1512 consuetudinem
959 1421 1356 1512 immemorabilem
1374 1423 1670 1530 statuendam,

196 1543 302 1632 dum
351 1543 484 1631 etiam
542 1574 597 1630 ex
628 1543 853 1636 oscitantia
874 1544 1111 1634 Oeconomi
1146 1543 1191 1634 id
1216 1546 1411 1634 accidere
1441 1548 1671 1662 potuisset.

195 1665 367 1752 Fortius
412 1665 459 1753 3⁰
493 1667 594 1784 quia
638 1668 680 1753 in
715 1669 905 1756 themate
935 1665 1078 1784 agitur
1120 1667 1177 1754 de
1217 1667 1670 1784 consuetudinequae

195 1786 332 1874 veluti
365 1789 658 1876 parochorum
684 1789 849 1878 iuribus
881 1789 1097 1906 derogans
1141 1791 1403 1907 reprobatur
1447 1807 1674 1907 tamquam
1800 1867 1804 1876 ,

196 1910 441 2026 corruptela
473 1924 517 1998 et
554 1943 577 1997 a
610 1913 685 1998 Pio
723 1914 779 1998 lV
820 1911 865 1998 in
896 1911 1214 2002 Constitutione
1252 1913 1375 2000 cuius
1417 1912 1592 2000 initium
1622 1912 1675 1999 ln

194 2031 417 2148 Principis
460 2025 775 2148 Apostolorum
813 2051 856 2122 et
886 2065 910 2122 a
943 2033 1141 2150 plurimis
1172 2034 1217 2122 S.
1256 2037 1309 2122 V.
1350 2035 1405 2122 Ο.
1446 2034 1677 2122 resolutio-

196 2155 338 2246 nibus.
377 2155 545 2268 Quibus
565 2155 693 2273 igitur
733 2157 907 2245 attentis
932 2154 1114 2244 conlidit
1156 2156 1213 2242 ab
1253 2159 1335 2242 llll.
1373 2157 1465 2245 VV.
1521 2156 1676 2244 huma-

196 2277 331 2364 nitate
363 2298 406 2366 et
439 2277 652 2394 sapientia
687 2279 804 2367 haud
841 2309 987 2394 preces
1021 2277 1086 2364 sui
1120 2276 1289 2366 clientis
1322 2309 1401 2395 pro
1445 2308 1558 2365 nova
1609 2310 1678 2365 re·

195 2402 496 2516 propositione
530 2431 682 2488 causae
717 2399 974 2488 reiiciendas
1007 2429 1116 2487 esse.

317 2525 381 2608 Ex
414 2523 597 2612 adverso
631 2524 791 2612 Orator
825 2553 963 2610 novae
998 2521 1245 2612 audientiae
1278 2520 1544 2610 beneficium
1594 2524 1677 2611 Pa·

195 2642 324 2730 rocho
358 2644 539 2733 Guarini
575 2645 883 2762 denegandum
917 2674 1008 2733 esse
1041 2642 1267 2732 contendit
1301 2645 1393 2731 sive
1427 2644 1486 2732 ab
1508 2645 1675 2734 extrin-
1802 2697 1806 2712 -<

193 2795 305 2868 seco,
343 2765 435 2855 sive
469 2769 526 2856 ab
558 2767 789 2856 intrinseco
835 2797 901 2854 res
946 2765 1262 2886 perpendatur.
1317 2767 1388 2852 nh
1430 2768 1675 2856 extrinseco

192 2888 377 3005 quidem
412 2889 514 3007 quia
548 2921 616 2978 res
649 2889 834 2979 iudicata
869 2905 961 2977 tum
997 2921 1021 2974 a
1054 2889 1173 2976 civili
1195 2903 1286 2975 tum
1306 2887 1363 2975 ab
1385 2888 1675 2977 ecclesiastica

194 3010 289 3127 lege
323 3039 529 3130 magnam
579 3011 662 3098 sibi
714 3011 906 3100 vindicat
941 3010 1274 3099 auctoritatem.
1332 3009 1459 3098 Unde
1513 3011 1672 3098 clamat

190 3133 242 3219 L.
280 3135 370 3221 207
406 3133 456 3254 ff.
506 3133 556 3232 de
598 3165 686 3249 rep.
733 3136 821 3220 iur.
863 3149 901 3221 et
937 3135 987 3220 L.
1023 3133 1084 3220 56
1114 3130 1164 3252 [Γ.
1208 3133 1273 3218 De
1314 3163 1360 3220 re
1395 3130 1676 3220 indic-lies

192 3254 380 3342 iudicato
411 3287 497 3372 pro
533 3258 709 3343 veritate
740 3255 956 3342 totetur-
974 3270 1105 3372 atque
1138 3255 1200 3342 rei
1224 3252 1437 3342 iudicatae
1462 3253 1674 3342 standum

193 3405 285 3464 esse
320 3377 534 3495 praecipit
566 3379 617 3465 t.
644 3380 662 3463 l
695 3376 800 3464 Cod.
825 3379 890 3464 Dc
914 3409 959 3464 re
980 3377 1114 3465 indic.
1135 3377 1231 3494 lpsa
1275 3377 1474 3463 actionem
1496 3393 1534 3464 ct
1555 3408 1673 3465 eacce-

185 3499 372 3613 ptionem
396 3503 532 3616 parit,
566 3503 632 3590 ios
653 3501 760 3620 fecit
797 3501 906 3586 iuter
946 3499 1159 3614 litipoates
1190 3515 1310 3616 atque
1349 3499 1541 3586 ueritatis
1587 3499 1676 3588 loco

190 3620 364 3708 tutetu-
401 3655 493 3739 cop.
546 3625 605 3711 l3
644 3640 681 3709 et
716 3623 775 3709 25
813 3623 872 3708 De
888 3638 989 3708 sent.
1038 3636 1075 3708 et
1118 3651 1164 3707 re
1209 3620 1340 3708 indic.
1389 3649 1483 3736 cop.
1524 3621 1586 3709 25
1630 3625 1677 3709 in

189 3743 264 3863 fin.
314 3744 550 3834 DeProeb.
587 3745 718 3858 Quod
750 3761 897 3832 autem
931 3774 1000 3831 res
1035 3743 1223 3832 iudicata
1258 3742 1426 3830 oriatur
1449 3741 1532 3830 nisi
1557 3741 1676 3832 inlra

192 3865 344 3953 decem
381 3867 474 3956 dies
517 3901 541 3956 a
591 3866 888 3986 publicatione
934 3866 1176 3954 sententiae
1222 3863 1492 3982 appeliatum
1542 3861 1679 3954 luerit

192 3988 351 4101 probat¹
383 3989 640 4078 auctoritate
692 3990 844 4077 Deuoti
879 3989 1019 4078 instit.
1067 3987 1252 4075 canonic.
1295 3985 1372 4074 tit.
1421 3989 1448 4074 3
1494 3986 1561 4074 tit.
1610 3989 1673 4074 tt

193 4105 239 4228 S.
276 4109 334 4197 l2
350 4159 379 4176 -
397 4113 460 4200 ibi
477 4161 507 4178 -
532 4153 549 4191 ι
589 4114 693 4200 Lata
727 4126 770 4199 et
794 4109 1016 4227 publicata
1038 4109 1270 4214 sententia,
1309 4107 1390 4196 nisi
1409 4110 1467 4195 ab
1483 4137 1535 4194 ea
1557 4108 1677 4196 intra

197 4230 405 4320 «decem
455 4235 548 4323 dies
591 4233 854 4350 appeliatum
910 4233 1054 4334 luerit,
1108 4231 1196 4318 vim
1250 4229 1437 4350 acquirit
1492 4228 1554 4316 rei
1610 4230 1677 4318 iu-

198 4393 215 4430 «
255 4354 440 4462 dicatae,
468 4387 583 4478 quae
606 4357 740 4443 linem
773 4355 1170 4444 controversiarum
1205 4349 1566 4470 pronunciatione
1599 4351 1676 4438 iu-

199 4515 215 4554 «
256 4475 362 4565 dicis
410 4478 585 4596 accipit.
637 4481 745 4566 Nam
795 4477 872 4596 qui
904 4477 1018 4565 iutra
1053 4476 1296 4594 legitimum
1355 4491 1527 4590 tempus
1584 4503 1671 4563 nou

197 4637 214 4676 ι
256 4601 526 4716 provocavit,
552 4631 652 4692 eum
676 4629 914 4717 provocare
946 4617 1107 4719 posset,
1135 4597 1233 4686 isin
1258 4595 1523 4685 senteutiam
1572 4627 1674 4686 con·

199 4761 215 4796 e
255 4725 438 4813 sensisse
471 4725 647 4814 videtur
685 4765 723 4814 ι.
1308 4801 1311 4808 ,

318 4847 407 4936 Sed
442 4847 486 4934 in
515 4848 626 4936 lacto
649 4865 712 4936 est
744 4845 866 4965 quod
899 4843 1175 4934 adversarius
1194 4838 1356 4930 nedum
1380 4837 1491 4927 inlra
1515 4837 1675 4926 decem

195 4963 370 5054 dierum
395 4970 582 5087 spatium
618 4968 958 5087 appellationem
995 4995 1019 5052 a
1052 4963 1266 5053 sententia
1284 4963 1329 5053 S.
1355 4963 1410 5051 0.
1438 4989 1523 5048 non
1543 4960 1707 5047 iuter·'

196 5089 357 5198 posuit,
393 5089 472 5179 sed
488 5110 531 5181 et
553 5091 814 5182 sententian
839 5089 994 5208 exequi
1018 5117 1168 5205 passus
1197 5100 1261 5175 est
1298 5115 1347 5172 ac
1369 5079 1545 5171 nonnisi
1579 5098 1676 5198 post

191 5207 332 5298 ferme
365 5213 583 5332 integrum
617 5244 780 5302 annum
815 5244 839 5300 a
872 5211 945 5316 die
978 5210 1092 5300 latae
1123 5207 1365 5298 sententiae
1407 5202 1553 5294 audiri
1595 5233 1669 5320 po·

192 5331 388 5422 stulavit.
426 5337 536 5426 Cum
571 5336 718 5458 itaque
752 5365 821 5423 res
853 5334 1041 5422 iudicata
1074 5349 1170 5420 orta
1202 5331 1257 5417 sit
1290 5357 1421 5445 super
1465 5325 1674 5445 proposi-

194 5470 236 5540 ta
269 5461 578 5566 controversia,
615 5458 891 5576 subindeque
924 5455 1005 5574 ipsi
1038 5451 1265 5573 impositus
1287 5449 1343 5540 sit
1364 5449 1479 5537 inter
1500 5449 1670 5568 litigan-⁴
