4460 6332
694 317 778 404 Dic
808 317 869 404 23
901 313 1087 434 Augusti
1121 307 1258 407 4879.
1625 319 1716 423 '4¹17

225 479 312 569 pro
346 442 602 542 erectione,
628 465 772 558 'quam
821 440 1041 528 honorum
1089 443 1282 530 cessione
1328 445 1567 535 soluturam
1599 465 1707 557 ess'e,

231 587 362 692 atque
395 587 636 682 congruam
676 563 732 651 ad
766 584 932 650 annuas
970 562 1089 650 mille
1123 581 1167 651 et
1210 578 1388 653 centurn
1439 569 1608 662 libellas
1642 610 1719 667 aa·

232 723 352 812 gere,
404 686 648 778 dummodo
696 698 959 774 tesserarum
1006 685 1301 775 consolidatus
1349 689 1471 777 valor
1521 717 1607 782 nan
1640 731 1715 788 cx-

225 828 463 905 cresceret.

357 939 472 1023 llaec
504 931 651 1019 omnia
682 931 727 1021 S.
764 929 1096 1047 congregationi
1141 931 1459 1049 Episcoporum
1494 952 1537 1024 et
1570 941 1716 1060 Regu.

232 1059 391 1148 larium
425 1053 611 1170 negotiis
657 1053 931 1168 praepositae
970 1054 1294 1172 'ipporegiensis
1331 1055 1525 1145 Antiates
1577 1085 1713 1180 erpo·

230 1209 338 1268 nere
371 1178 495 1266 duxit
529 1191 668 1263 toturn
706 1175 931 1290 regarium
968 1175 1141 1262 insimul
1175 1177 1489 1268 commendans
1523 1212 1574 1268 eo
1607 1189 1713 1303 quia

234 1340 253 1381 ι
293 1303 322 1390 il
356 1301 554 1417 bisogno,
578 1299 606 1384 il
640 1298 872 1414 vantaggio
905 1296 1020 1386 della
1053 1299 1214 1386 chicsta
1237 1302 1437 1388 e‘reziorre
1461 1301 1506 1388 di
1527 1297 1711 1398 Parrac-

229 1455 252 1502 ι
292 1422 387 1512 ehia
419 1422 534 1510 nella
579 1424 772 1537 'Bargala
822 1420 866 1508 di
916 1420 1083 1506 Bessolo
1116 1423 1314 1510 Comune
1359 1422 1404 1510 di
1442 1424 1713 1546 Scarmagnl)

234 1585 251 1622 ι
292 1576 400 1634 sono
444 1543 763 1633 incontestabili
807 1591 836 1606 -
874 1541 1041 1630 addens
1072 1597 1100 1612 -
1138 1558 1346 1659 'supposta
1397 1545 1595 1636 eziandio
1635 1553 1715 1641 che

235 1707 253 1745 r
292 1690 535 1756 occorresse
569 1665 615 1753 di
639 1665 743 1753 dare
766 1665 951 1782 qualche
988 1693 1158 1752 somma
1190 1669 1230 1753 al
1268 1665 1456 1756 Parroco
1487 1667 1531 1755 di
1576 1671 1712 1760 Scar-

234 1828 253 1869 ι
287 1811 451 1907 magno
485 1790 525 1876 la
557 1787 842 1876 Fabbriceria
876 1786 990 1874 della
1011 1787 1166 1876 (lhiesa
1188 1788 1258 1876 del
1294 1791 1468 1878 Bessolo
1500 1791 1586 1907 pud
1610 1825 1712 1911 pre·-

234 1948 251 1989 ι
290 1911 461 2000 stamisi
503 1951 541 1997 ι.
578 1913 687 2000 Com
734 1925 880 1996 autern
926 1940 950 1996 a
997 1923 1237 1998 memorata
1270 1911 1618 2030 congregatione
1656 1919 1712 2008 ad

228 2035 275 2126 S·
314 2035 366 2120 V.
405 2035 458 2122 Ο.
497 2063 646 2148 preces
677 2031 925 2120 huiusmodi
960 2031 1120 2120 luerint
1143 2033 1365 2136 remissae,
1390 2035 1557 2124 nedum
1582 2045 1707 2127 ma'n·

229 2155 347 2260 davi,
386 2173 434 2246 ut
467 2155 681 2244 Parachus
714 2153 938 2242 audiretur
961 2155 1003 2241 in
1025 2155 1208 2272 scriptis,
1249 2161 1574 2261 verumetiam,
1602 2191 1706 2249 cum

226 2277 354 2366 sedes
386 2277 706 2395 ipporegiensis
736 2275 793 2364 de
828 2307 943 2363 novo
967 2277 1116 2364 luisset
1145 2278 1317 2394 provisa
1351 2275 1543 2386 Pastore,
1582 2313 1707 2370 eum·

228 2399 331 2488 dem
366 2399 506 2490 audiri
541 2401 745 2517 praecepi
779 2399 835 2486 ad
870 2401 951 2486 hoc
987 2399 1120 2486 etiam
1157 2415 1202 2486 nt
1236 2401 1440 2504 referret,
1477 2435 1531 2490 aa
1565 2419 1713 2522 patro·

230 2551 311 2610 nus
345 2551 565 2611 assensum
602 2523 834 2640 praeberet
866 2551 947 2637 pro
970 2551 1015 2609 se
1037 2522 1211 2640 suisque
1234 2525 1567 2627 successoribus,
1596 2541 1642 2611 ut
1666 2527 1710 2614 in

222 2641 422 2734 loturum
458 2644 558 2763 eligi
583 2643 715 2760 possit
738 2674 787 2732 ac
809 2645 1078 2759 praesentari
1104 2675 1212 2732 unus
1241 2645 1353 2735 inter
1375 2647 1640 2764 approbatos
1667 2650 1709 2736 in
1841 2731 1846 2736 ,

229 2764 402 2855 formali
427 2794 657 2856 concursu.

351 2891 520 3002 Quibus
553 2890 866 3004 obtemperans
915 2887 1155 3005 praeceptis
1205 2901 1473 2978 memoratus
1517 2891 1712 2983 Autistes

225 3011 309 3098 sub
343 3014 414 3100 die
448 3013 506 3100 ²13
541 3010 798 3101 Decembris
833 3010 954 3100 l878
1002 3010 1150 3099 retulit
1193 3011 1311 3128 quod
1349 3029 1558 3128 patronus
1586 3055 1604 3094 ι
1635 3013 1708 3102 de-

226 3131 453 3220 siderando
486 3152 715 3222 maatcaerc
748 3131 892 3219 intacti
924 3135 1022 3220 tutti
1056 3135 1073 3218 i
1219 3133 1366 3221 diritti
1398 3133 1446 3222 di
1476 3145 1706 3250 petronate

227 3285 335 3343 came
366 3284 541 3344 recanere
573 3255 754 3344 stabiliti
803 3255 903 3341 aell'
923 3257 1162 3343 istromeato
1196 3256 1319 3344 t860
1364 3294 1382 3337 ι
1420 3259 1550 3346 enixe
1584 3274 1705 3378 rogat

230 3415 249 3456 ι
287 3375 461 3500 affiaclti
490 3408 664 3466 nessaeo
696 3375 1015 3496 modificazione
1035 3379 1101 3464 sia
1124 3377 1358 3467 iatrodotta
1381 3378 1592 3496 riquardo
1614 3379 1704 3468 alla

222 3503 393 3588 aomina
426 3499 496 3589 del
526 3499 717 3589 Porroco
752 3501 796 3586 ia
828 3531 921 3588 caso
954 3498 1003 3588 ali
1025 3533 1206 3588 oaeaaza
1234 3543 1271 3588 ο.
1299 3503 1424 3589 luxta
1446 3517 1591 3591 autern
1617 3531 1705 3594 me'-

223 3641 442 3711 moratum
479 3625 817 3713 instrumentum
843 3623 1046 3712 statuitur
1069 3643 1130 3725 ut,
1157 3625 1199 3710 in
1232 3623 1437 3712 beneficii
1463 3625 1704 3730 vacatione,

230 3781 247 3825 r
286 3744 397 3834 losse
430 3747 558 3836 lecito
591 3748 629 3835 ai
665 3745 801 3834 Priori
833 3776 916 3861 pro
938 3745 1252 3863 temporedella
1275 3747 1482 3864 Cappella
1508 3745 1579 3834 del
1603 3751 1707 3837 Bes·

231 3907 247 3945 ι
286 3870 378 3958 solo
411 3868 457 3957 di
489 3870 681 3958 formare
715 3897 800 3956 uua
834 3881 954 3956 terna
997 3869 1044 3957 di
1093 3868 1314 3957 Sacerdoti
1361 3863 1639 3972 Conlessori,
1677 3869 1707 3958 li

231 4027 247 4066 ι
287 3991 410 4109 quali
444 3993 519 4082 dai
566 3991 738 4111 Signori
781 3990 963 4079 Vescovi
1006 4021 1087 4106 pro
1123 4007 1302 4106 tempore
1339 3991 1503 4080 lossero
1535 3991 1704 4080 ricono-

232 4149 247 4188 ι
287 4115 411 4201 sciuti
445 4145 469 4201 e
502 4147 582 4204 con
618 4119 711 4204 loro
747 4127 948 4230 attestato
972 4111 1202 4202 dichiarati
1225 4113 1373 4202 idonei
1403 4145 1427 4201 a
1461 4111 1545 4201 talc
1567 4115 1708 4201 Bena-

231 4271 247 4310 ι
286 4233 403 4338 ficio,
436 4237 650 4327 riservato
682 4237 774 4325 salo
808 4235 847 4324 al
878 4236 1072 4324 Patrono
1105 4237 1145 4322 la
1169 4235 1297 4324 scelta
1331 4234 1434 4323 irai
1464 4249 1529 4322 tre
1561 4235 1711 4324 Sacer·-

229 4391 246 4430 ·
285 4357 377 4445 doti
410 4359 600 4449 suddetti
635 4389 716 4448 con
751 4358 829 4448 che
864 4358 875 4444 i
909 4357 1162 4448 Particolari
1186 4357 1258 4446 dal
1293 4357 1467 4448 Bessalo
1491 4355 1708 4444 veuivano

229 4515 245 4552 r
285 4480 399 4595 posti
432 4481 476 4569 in
509 4482 646 4600 grado
682 4481 727 4571 di
760 4483 960 4600 eleggere
993 4511 1074 4598 per
1121 4481 1214 4569 loro
1253 4479 1520 4598 Cappellano
1543 4478 1704 4564 nomini

231 4637 247 4676 r
287 4599 336 4688 di
367 4607 601 4695 conosciata
627 4603 805 4724 probitd
851 4637 872 4690 c
911 4635 1006 4690 sane
1049 4601 1235 4691 aerariae
1273 4601 1345 4689 alte
1379 4603 1412 4688 li
1448 4600 1703 4687 assistessera

228 4757 246 4800 r
285 4754 359 4812 coa
393 4741 499 4816 tutta
532 4721 669 4818 caritti
700 4725 905 4816 ezelo».

347 4849 521 4939 Deinde
561 4867 712 4940 monet
748 4851 823 4939 tali
865 4848 1228 4964 iurispatronatus
1271 4843 1478 4937 exercitio
1509 4844 1703 4964 prospici

221 4967 391 5084 optime
422 5003 547 5092 posse
581 4973 794 5062 electione
826 4971 947 5087 digni
980 4970 1167 5058 Pastoris
1205 5012 1221 5050 ι
1257 4968 1408 5086 perciti
1437 4969 1458 5053 i
1489 4997 1648 5082 sempre
1671 4965 1706 5052 il

225 5089 274 5180 V
270 5121 408 5182 escooo
441 5095 512 5184 clte
544 5095 642 5183 deoc
674 5097 928 5182 ricouoscere
959 5125 979 5179 a
1012 5090 1257 5180 dichiarare
1288 5089 1495 5209 pl'idorrei
1526 5090 1570 5176 al
1593 5087 1706 5175 benc·

72 5205 75 5212 ⁵
219 5209 318 5330 ficio
357 5255 375 5297 ι
415 5221 608 5308 maxime
642 5217 744 5336 quia
778 5213 822 5303 in
856 5213 1141 5304 Sacerdotum
1166 5217 1349 5332 penuria
1376 5255 1391 5291 ι
1418 5209 1615 5327 potrebbe
1633 5209 1663 5332 f
1684 5259 1704 5276 -

218 5335 410 5428 ailmcntc
442 5341 638 5430 accedere
658 5339 744 5438 alte,
768 5336 840 5454 pel
871 5353 1062 5425 cancorsa
1109 5335 1225 5425 della
1268 5369 1404 5424 artavo
1443 5333 1702 5450 parroechia

215 5461 420 5578 erigenda
475 5462 517 5554 lo
549 5463 671 5582 paule
702 5461 757 5550 lta
789 5459 897 5550 baasi
930 5484 1013 5547 ooo
1048 5455 1273 5584 sufficiente
1320 5489 1406 5546 ma.
1431 5459 1701 5668 rtoargr'apae

1521 5609 1550 5667 a
