4460 6332
559 369 651 458 444
988 367 1067 454 Die
1099 367 1160 455 20
1191 367 1440 487 Septembris
1479 365 1637 458 t879.

565 490 688 578 nione
723 489 842 576 belse
876 489 994 578 l’atto
1026 521 1108 578 non
1133 493 1153 576 b
1181 507 1286 578 stote
1318 493 1541 606 conspito-
1560 485 1812 579 Adriana
1855 498 2011 570 autem
2045 520 2103 575 re-

568 613 812 733 petit-per
844 628 995 730 qinonto
1030 615 1072 700 io
1109 645 1231 728 posse
1276 645 1502 714 conoscere,
1538 642 1695 701 (coevo
1746 605 1795 693 la
1841 608 2101 700 corevinzione

562 740 757 826 ciascnno
795 735 924 840 cotto,
963 735 1034 824 obe
1070 734 1260 825 abbiamo
1294 754 1465 836 tentato,
1509 739 1585 826 obe
1630 735 1777 820 l'atto
1810 761 1904 816 non
1939 751 2099 820 erasto-

564 879 604 952 to
642 859 729 946 rnoi
759 861 994 974 conspito-.
1013 861 1229 974 Quoniam
1281 877 1448 965 atvero,
1498 891 1577 951 ceu
1640 859 1694 944 in
1750 883 2006 972 progressu
2038 858 2104 945 de-
2162 956 2166 967 ¹

566 999 794 1086 monstrat,
832 1012 885 1070 ex
921 983 1001 1070 hac
1051 1013 1134 1070 una
1174 983 1468 1100 experimenti
1524 981 1894 1098 descriptione,
1952 1007 2030 1094 per
2065 1014 2099 1070 sc

564 1107 901 1221 ostendinequit
927 1106 1306 1209 inconsummatio,
1335 1105 1433 1194 hinc
1460 1109 1674 1223 primum
1701 1101 1844 1220 quod
1864 1132 1949 1188 sna
1984 1133 2096 1216 spon·

567 1249 609 1320 to
644 1261 688 1316 se
724 1227 972 1348 prolercbat
1006 1260 1190 1318 examen
1227 1231 1560 1333 instituendum,
1600 1229 1738 1316 illud
1793 1240 1900 1313 erat
1939 1223 1984 1310 in
2031 1257 2097 1314 ex·
2178 1269 2179 1338 ς

566 1351 809 1471 ploratione
842 1351 1057 1468 corporali
1093 1353 1301 1455 mulieris,
1343 1369 1389 1440 ut
1423 1351 1527 1439 iude
1563 1354 1887 1440 relevaretur
1924 1377 1980 1432 an
2016 1369 2093 1462 post
2178 1349 2179 1362 '

566 1505 825 1592 congressus
858 1475 1078 1564 maritales
1122 1477 1289 1594 integra
1329 1476 1421 1594 ipsa
1476 1473 1808 1590 permanserit
1863 1467 1935 1557 vel
1986 1469 2098 1558 bebo

569 1615 687 1686 rata.

694 1719 760 1808 Ad
796 1719 876 1807 liae
921 1741 1067 1810 asueni
1120 1721 1361 1810 ineundum
1412 1721 1801 1838 experimentum
1861 1733 2015 1803 certae
2064 1734 2094 1802 et

565 1841 909 1937 consultissimae
942 1847 1225 1964 praestitutae
1258 1859 1356 1931 sunt
1392 1874 1569 1932 normae
1601 1845 1668 1932 ab
1712 1841 1778 1928 ll.
1811 1843 1865 1930 S.
1897 1838 1955 1927 Ο.
1984 1867 2093 1952 prae·

566 1968 716 2058 sertim
752 1967 808 2054 de
842 1969 988 2056 balnei
1041 1968 1218 2088 tepidae
1252 1997 1392 2086 aquae
1427 1999 1521 2070 usu,
1574 1997 1628 2056 ne
1668 1995 1766 2083 per
1797 1960 2016 2049 lraudem
2042 1959 2091 2042 in·

568 2091 744 2212 tegritas
779 2091 836 2176 ibi
875 2121 1067 2208 unquam
1104 2090 1299 2178 simulari
1350 2091 1496 2206 possit,
1537 2089 1611 2176 ubi
1647 2089 1799 2178 adest
1840 2081 2081 2195 corruptio,

568 2217 625 2304 ita
661 2215 886 2300 lnstrnctio
920 2215 1006 2301 diei
1031 2213 1091 2302 22
1116 2213 1301 2330 Augusti
1335 2213 1458 2300 t8t0
1491 2211 1519 2334 g
1568 2202 2086 2300 Procedendnm=ibi=

574 2379 590 2416 ι
636 2337 793 2424 mulier
826 2337 907 2423 erit
942 2337 1214 2425 traducenda
1248 2335 1302 2423 ad
1345 2337 1528 2425 doraum
1577 2338 1814 2422 honestae
1856 2345 2079 2416 matronae

578 2501 594 2538 ι
731 2489 808 2574 pro
829 2459 1099 2579 inlrascripta
1113 2458 1370 2576 praestanda
1387 2460 1603 2575 personali
1628 2455 1942 2552 adsistentia,
1966 2468 2082 2563 atque

577 2623 592 2660 α
634 2579 908 2670 adstantibus
943 2611 1116 2701 semper
1150 2583 1288 2669 tribus
1322 2581 1640 2670 Obstetrieibus
1664 2600 1714 2670 et
1746 2584 2000 2684 Matrona,¹
2021 2572 2080 2652 im·

575 2745 592 2782 ι
633 2703 856 2819 mergenda
889 2706 970 2791 erit
1004 2707 1048 2792 in
1082 2705 1225 2792 betereo
1260 2735 1401 2822 aquae
1457 2705 1632 2822 tepidae
1679 2737 1706 2792 a
1761 2698 1940 2790 Peritis
1975 2694 2077 2810 prius

575 2870 593 2908 ι
633 2827 1013 2945 recognoscendo,
1051 2829 1172 2947 quod
1206 2828 1260 2914 sit
1294 2859 1434 2946 aquae
1471 2861 1638 2945 purae,
1674 2859 1776 2946 quo
1818 2828 1869 2910 in
1927 2817 2076 2906 balneo

574 2991 592 3029 ι
626 2983 707 3068 per
739 2951 922 3066 spatium
955 2951 1099 3038 saltem
1140 2951 1268 3038 trinm
1304 2950 1608 3070 qitrtdrontinm
1640 2951 1783 3038 borae
1817 2945 1953 3034 renim
1982 2965 2072 3052 per·

579 3115 598 3154 ι
636 3106 803 3162 monere
843 3072 1066 3164 debebit.»

698 3201 817 3287 llane
851 3216 1140 3286 veruntamen
1179 3197 1565 3314 praescriptionem
1604 3197 1726 3284 nullo
1755 3198 1804 3284 in
1833 3187 1981 3312 pretio
2006 3182 2067 3266 tn-

574 3325 769 3412 bueruut
807 3322 1051 3438 cognitores
1096 3321 1138 3407 in
1189 3321 1269 3408 liae
1308 3351 1465 3422 causa,
1505 3321 1675 3409 tametsi
1728 3321 1891 3438 probe
1924 3306 2065 3399 scirent

573 3443 780 3566 perlacile
813 3463 979 3532 arctam
1013 3443 1140 3532 reddi
1182 3473 1311 3560 posse
1350 3445 1582 3533 mulierem
1624 3461 1885 3560 utcumque
1919 3425 2066 3558 pluries

573 3601 598 3656 a
632 3567 728 3655 viro
762 3567 1000 3685 cognitam.
1038 3567 1224 3684 Rogavit
1264 3565 1385 3653 enim
1430 3597 1537 3685 prae
1578 3567 1731 3684 primis
1770 3563 1921 3654 ludex
1959 3557 2062 3684 Pert-

575 3709 670 3779 tum
707 3693 839 3778 Dect.
872 3693 964 3777 Van
1001 3693 1113 3778 Dam
1151 3689 1254 3773 «La
1293 3687 1441 3776 donna
1481 3719 1567 3776 non
1606 3690 1693 3806 pub
1738 3679 1952 3780 rendersi
1994 3695 2056 3787 pru

578 3855 595 3893 ι
637 3827 788 3900 stretta
821 3843 901 3902 con
944 3813 1077 3898 mezzi
1115 3808 1360 3922 artificiali?
1395 3841 1419 3898 e
1453 3811 1563 3901 siete
1607 3815 1876 3916 voicerto,
1921 3801 1997 3891 che
2025 3791 2055 3873 lt

583 3976 599 4014 α
641 3935 732 4052 Sig.
760 3935 805 4022 di
840 3936 1023 4024 Lalieux
1059 3966 1142 4022 nen
1183 3933 1236 4022 ha
1271 3931 1378 4020 lette
1413 3935 1571 4024 ricorso
1608 3967 1631 4022 a
1668 3936 1818 4054 questi
1862 3913 2048 4018 mezzit·

575 4061 694 4146 llaec
728 4057 845 4145 nulla
893 4087 1069 4174 prorsus
1102 4057 1388 4145 haesitatione
1421 4058 1623 4145 detentus
1659 4055 1893 4175 respondit
1934 4031 2051 4132 medi·
2178 4071 2179 4076 ‘

577 4213 652 4272 cus
682 4209 710 4258 'e
757 4181 843 4270 Son
882 4179 1104 4282 celerimo,
1142 4180 1222 4266 che
1268 4180 1280 4265 i
1318 4181 1449 4266 mezzi
1485 4180 1697 4269 artificiali
1754 4200 1945 4299 possano
1975 4161 2052 4250 rin·

585 4346 602 4384 ι
644 4305 769 4408 seire,
820 4335 891 4392 ma
936 4321 1090 4422 questa
1120 4303 1348 4420 Signorab
1378 4305 1583 4418 incapace
1616 4304 1661 4392 di
1708 4289 2048 4392 usarne··C⁰⁰·

578 4429 684 4518 cinit
740 4429 886 4517 eidem
934 4431 989 4513 l).
1025 4429 1224 4527 Carene,
1271 4425 1365 4542 qui,
1414 4426 1624 4540 persimili
1669 4419 1920 4544 quaestioni
1961 4431 2048 4543 ptv·

582 4552 770 4670 positae,
814 4591 830 4628 α
862 4552 921 4636 La
954 4547 1100 4638 donna
1134 4548 1221 4665 pub
1245 4547 1441 4634 rendersi
1475 4563 1626 4637 stretta
1660 4580 1739 4636 eon
1766 4544 1900 4639 mezzi
1935 4519 2047 4661 artili-

589 4677 752 4779 »ciali3
793 4707 816 4762 e
849 4673 956 4762 siete
989 4689 1108 4761 certo
1142 4673 1219 4758 che
1253 4671 1293 4758 la
1327 4670 1510 4787 Signora
1540 4672 1585 4760 di
1610 4671 1792 4760 Lalieux
1817 4697 1900 4760 non
1925 4652 2036 4790 abbia

588 4799 740 4888 »latto
775 4798 935 4887 ricorso
968 4829 992 4883 a
1025 4795 1166 4912 questi
1202 4793 1334 4881 mezzi
1364 4793 1407 4880 »t
1444 4793 1499 4881 ita
1533 4813 1577 4880 et
1610 4794 1703 4912 ipse
1738 4771 2036 4915 reposuit-St·
2160 4845 2163 4896 1„

594 4953 714 5010 »ma
747 4950 854 5007 sono
895 4917 1158 5020 certissimo,
1196 4917 1274 5006 che
1299 4918 1337 5004 la
1371 4917 1553 5031 Signora
1587 4917 1632 5004 di
1675 4919 1860 5007 Lalieux
1892 4935 1970 5002 nou
2000 4891 2042 4976 ha
2161 4963 2165 5017 g

591 5087 606 5123 ·
637 5045 842 5133 ricorsoa
868 5041 1009 5161 questi
1035 5041 1165 5128 mezzi
1196 5073 1234 5145 »3
1263 5057 1393 5157 atque
1415 5041 1639 5128 Prolessor
1662 5041 1866 5129 Hubert«
1892 5037 1927 5122 la
1949 5023 2038 5112 dOfl'

591 5199 693 5256 »na
728 5166 815 5285 pub
848 5163 1043 5254 rendersi
1079 5163 1152 5280 piis
1187 5179 1352 5267 stretta3
1392 5193 1461 5250 ma
1495 5195 1581 5251 non
1617 5163 1704 5279 pub
1741 5135 2040 5252 ricosiisuireb

593 5335 609 5371 ι
638 5291 899 5379 membrana
934 5289 1139 5376 imene-.
1164 5289 1334 5404 Exque
1359 5287 1507 5404 itaque
1542 5289 1847 5402 praetermissa
1871 5296 1927 5372 est
1955 5286 2035 5357 ⁰³¹¹·

586 5417 674 5504 tela
707 5413 855 5502 balnei
889 5413 945 5499 ab
983 5411 1270 5499 lnstructione
1314 5411 1358 5499 S.
1386 5409 1440 5497 0.
1467 5408 1757 5526 praescripta,
1797 5411 1951 5500 nedum
1989 5374 2037 5516 ⁰l'

591 5537 727 5626 lensio
762 5555 826 5624 cst
859 5533 944 5653 legi
977 5533 1182 5652 irrogata,
1221 5535 1309 5620 imo
1343 5531 1475 5619 etiam
1504 5563 1583 5620 nec
1605 5534 1852 5648 praeclusus
1875 5543 1930 5621 est
1962 5505 2037 5603 tdl'
2126 5607 2128 5612 .
