4446 6330
624 341 709 434 Die
739 345 800 435 25
835 347 1029 436 Ianuarii
1062 347 1201 438 t879.
1594 353 1655 444 53

163 471 309 591 geuda
342 485 405 556 εει
439 499 488 556 ac
522 469 617 586 ipsa
648 499 734 556 vox
768 485 910 574 sonat,
953 473 1099 588 prouti
1132 471 1177 558 in
1210 502 1311 560 casu
1349 475 1554 592 expressa
1588 493 1655 566 est

163 626 189 683 a
222 591 451 682 Francisco
484 589 541 678 de
573 591 898 681 cohabitatione
932 593 1015 686 sub
1047 595 1203 684 eodem
1241 609 1353 682 tecto
1386 625 1487 686 cum
1516 626 1658 713 spon-

163 749 226 807 sa.
265 719 376 804 'loto
408 714 569 802 exinde
617 716 738 804 coelo
786 717 976 804 distata
1016 719 1393 806 consummatione
1428 721 1656 810 matrimo·

164 841 243 942 nii,
281 869 396 957 quae
432 837 640 957 perbrevi
677 857 873 956 tempore
923 839 1077 929 confici
1111 855 1284 956 potest,
1326 841 1435 958 quin
1469 843 1659 934 collabi-

165 963 274 1052 tatio
309 961 593 1050 interveniat.
629 963 768 1050 Nemo
801 962 1001 1081 ambigit,
1039 963 1157 1082 quod
1191 965 1440 1052 Franciscus
1475 995 1529 1052 ne
1569 997 1655 1057 una

164 1083 352 1204 quidem
388 1083 522 1171 noctis
557 1086 662 1172 bora
681 1083 977 1174 condormivit
1011 1117 1109 1174 cum
1161 1119 1327 1190 uxore3
1366 1085 1476 1205 quid
1510 1087 1657 1178 iudel

163 1213 345 1300 Numae
386 1207 643 1324 praepedita
666 1224 731 1296 est
753 1210 1091 1312 consummatio,
1115 1211 1221 1298 dum
1259 1241 1337 1327 per
1372 1225 1503 1298 totam
1543 1241 1655 1326 pro-

164 1330 409 1451 pemodum
445 1329 562 1417 diem
597 1332 712 1418 solus
738 1359 837 1418 cum
860 1335 951 1420 sola
974 1363 1129 1448 sponsa
1149 1333 1271 1420 domi
1307 1333 1427 1420 istius
1452 1363 1657 1449 perman-

164 1456 257 1544 sit?
296 1453 423 1543 Redit
456 1454 539 1540 buc
571 1453 707 1542 laoilis
740 1485 789 1542 ac
821 1455 951 1544 obvia
985 1457 1159 1562 solutio,
1187 1454 1365 1578 quodsi
1402 1487 1488 1542 nou
1514 1459 1659 1574 potuit

166 1579 211 1666 iu
246 1595 391 1680 nocte,
425 1575 556 1664 valuit
592 1592 739 1663 tamen
772 1607 854 1695 per
885 1579 1021 1683 diem;
1059 1593 1190 1696 atque
1225 1579 1295 1666 bic
1328 1579 1517 1666 libenter
1549 1611 1656 1669 cou-

167 1703 298 1789 venio
332 1729 431 1787 cum
467 1699 728 1817 peritissimo
761 1703 1011 1806 canonista,
1044 1741 1061 1780 α
1100 1703 1240 1790 omnio
1272 1735 1361 1789 cum
1396 1718 1654 1816 temperaret

167 1827 470 1938 sinc-tempore
503 1821 615 1908 uiltil
654 1865 693 1908 ι.
730 1821 818 1913 Sed
853 1842 1024 1942 tempus
1072 1825 1213 1914 adluit
1262 1855 1316 1912 ex
1349 1826 1519 1942 integro
1556 1825 1646 1931 die;

168 1948 303 2067 igitur
328 1945 435 2032 nibil
470 1945 675 2046 obstitit,
721 1947 956 2064 quominus
1005 1947 1333 2036 matrimonium
1367 1977 1659 2038 consumma·-

168 2087 307 2160 retur.

292 2195 371 2281 27.
410 2191 714 2307 Respondeam
751 2210 897 2280 autem
922 2195 978 2284 ad
1003 2196 1188 2282 alterum
1225 2211 1378 2282 testem
1402 2223 1412 2296 ;
1438 2225 1651 2312 quonam,

171 2348 353 2437 quaeso,
397 2313 530 2402 modo
549 2315 768 2403 conciliari
801 2332 941 2432 potest
983 2317 1089 2405 baec
1134 2334 1411 2433 praesumpta
1445 2316 1660 2434 explicita

171 2440 383 2530 conlessio
411 2437 624 2526 Francisci
665 2437 722 2527 de
764 2439 1188 2528 inconsummatione
1241 2441 1316 2527 uni
1354 2439 1522 2527 lanerio
1558 2442 1658 2528 testi

172 2565 354 2684 pandite
389 2593 488 2649 cum
523 2561 695 2648 silentio
739 2561 925 2650 aliorum
971 2563 1169 2650 omnium
1217 2563 1407 2664 testium,
1446 2593 1495 2650 ac
1532 2589 1660 2678 prae·

170 2687 320 2775 sertim
357 2701 589 2800 parentum
624 2716 674 2772 ac
715 2685 859 2772 lratris
889 2687 1104 2774 Francisci
1139 2687 1289 2804 ipsius,
1329 2715 1496 2774 necnon
1527 2687 1661 2773 inter·

174 2809 377 2898 mediarii
401 2809 568 2926 losoplri
589 2807 716 2923 llige,
753 2809 886 2922 vulgo
920 2809 1036 2897 dicto
1069 2809 1350 2912 Reccibecco‚
1385 2809 1461 2927 qui
1486 2808 1661 2924 nuptias

168 2933 491 3034 conciliaverat,
529 2947 571 3019 et
602 2933 670 3019 cui
705 2932 858 3019 intima
892 2933 956 3020 sui
981 2930 1123 3020 cordis
1145 2931 1412 3052 patefecerat
1445 2931 1661 3048 sponsusl
1742 2970 1744 2974 ·

167 3057 242 3144 lsti
278 3085 471 3175 namque
503 3053 705 3142 concordi
739 3085 843 3142 voce
878 3057 1167 3159 obtestantur,
1207 3053 1324 3142 lmud
1357 3055 1500 3172 ipsum
1536 3055 1664 3142 coha-

166 3181 315 3268 bitare
352 3179 540 3296 potuisse
572 3208 671 3266 cum
705 3209 892 3295 sponsa3
930 3179 1113 3296 quidam
1149 3193 1294 3266 autem
1330 3181 1460 3266 etiam
1484 3175 1651 3282 adiicit,

167 3335 250 3391 nec
288 3332 388 3392 cum
423 3299 577 3389 eadem
612 3299 888 3388 condormire
914 3301 1128 3404 valuisse;
1166 3299 1241 3388 sed
1265 3299 1322 3390 de
1340 3301 1659 3390 inconsumma·

167 3427 288 3514 tione
325 3425 608 3526 matrimonii,
644 3423 859 3512 affirment
892 3424 1092 3544 quidem,
1139 3423 1342 3512 eamdem
1375 3427 1446 3512 vel
1488 3451 1543 3508 ex
1576 3447 1660 3541 pu·

169 3549 287 3637 blica
320 3577 444 3650 voce,
481 3549 551 3635 vel
585 3577 639 3634 cx
672 3545 927 3635 earumdem
963 3548 1169 3665 opinione
1207 3549 1417 3637 obtestari
1437 3577 1446 3652 ,·
1503 3561 1568 3630 εει
1603 3545 1664 3632 ab

170 3703 248 3761 ore
284 3671 420 3788 ipsius
461 3670 702 3770 Francisci‚
756 3703 810 3758 ue
850 3671 1101 3788 longissime
1150 3671 1337 3790 aedepol
1383 3671 1429 3759 id
1470 3669 1662 3756 inuuunt

167 3795 397 3913 retulisse
423 3799 646 3898 Parentes
683 3795 881 3912 inquam,
912 3813 955 3880 et.
978 3793 1113 3880 lrater
1129 3791 1290 3880 iudicio
1313 3793 1516 3880 obtestati
1535 3807 1655 3896 suut;

170 3915 458 4006 iurisiurandi
493 3915 644 4033 religio
678 3933 743 4005 est
774 3917 832 4003 ab
865 3917 970 4035 ipsis
1002 3915 1274 4034 interposita3
1303 3935 1345 4004 et
1380 3915 1662 4004 nibilominus

172 4041 281 4129 dum
314 4040 521 4128 concordi
558 4069 663 4132 voce
696 4038 960 4158 profitentur
998 4039 1327 4126 matrimonium
1377 4041 1446 4128 vel
1496 4067 1549 4124 ex
1584 4067 1663 4154 pu·

174 4163 291 4253 blica
341 4161 474 4264 lama,
512 4161 580 4249 vel
604 4193 659 4251 ex
700 4191 854 4251 eorum
899 4163 1221 4252 existimatione
1259 4163 1660 4249 inconsummatum

172 4317 367 4388 censere,
406 4313 536 4374 nemo
570 4304 716 4374 tamen
767 4317 820 4375 ex
854 4286 956 4402 ipsis
989 4285 1222 4404 quidpiam
1259 4283 1391 4374 relert
1424 4317 1448 4373 a
1481 4281 1661 4371 Franci-

174 4441 245 4499 sco
279 4408 514 4514 audivisse,
552 4409 669 4528 quod
705 4427 980 4526 praetensam
1018 4409 1491 4497 inconsummationem
1528 4405 1664 4493 indu·

172 4550 312 4622 ceret.

295 4658 371 4744 98.
410 4657 568 4774 Liquet
601 4686 653 4742 ex
688 4654 768 4741 boc
793 4653 1157 4755 manilestissime,
1180 4652 1299 4772 quod
1320 4668 1506 4772 uterquc
1541 4650 1672 4738 testis

170 4791 235 4864 est
268 4777 312 4866 in
347 4809 425 4867 suo
458 4779 575 4870 dicto
607 4777 1011 4896 siapuleris,quum
1038 4776 1202 4864 nedum
1228 4773 1415 4876 ebullis,
1448 4773 1663 4862 sedunus

170 4900 230 4988 ab
248 4903 336 4990 alio
359 4901 405 4990 in
422 4933 474 4990 eo
491 4900 609 5021 quod
628 4902 869 5017 respective
886 4900 1132 5020 deponunt,
1154 4897 1404 5018 longissime
1422 4895 1660 5012 discrepet.

172 5022 288 5114 Nibil
337 5022 501 5115 idcirco
551 5023 718 5112 adrem
743 5023 826 5140 ipsi
874 5024 1119 5129 conserunt,
1153 5023 1261 5110 nibil
1297 5019 1525 5122 adiiciunt,
1552 5017 1664 5108 nibil

171 5147 380 5261 probant.
402 5148 568 5240 Scitum
586 5163 648 5236 est
671 5145 789 5234 enim
812 5148 854 5234 in
873 5147 983 5250 iure,
1000 5145 1349 5237 SINGULARES
1382 5159 1516 5232 testes
1538 5139 1667 5230 ttttt„

172 5267 290 5358 tan
325 5271 370 5359 in
407 5269 568 5359 iudicio
601 5271 821 5360 FACERE
845 5301 894 5357 ac
911 5269 1152 5388 promereri
1186 5267 1268 5354 sibi
1292 5265 1445 5370 fidem,
1468 5265 1665 5384 nihilque

173 5393 379 5507 probare3
418 5393 478 5482 ita
511 5395 567 5482 de
604 5393 819 5482 constanti
845 5390 1185 5510 iurisprudentin
1208 5387 1343 5477 tradit
1375 5385 1531 5481 RO'l'A
1565 5389 1662 5478 ΒΟ·

175 5516 335 5606 ΜΑΝΑ
368 5517 508 5605 Decio.
545 5517 639 5606 684
671 5545 784 5604 num.
813 5515 1032 5604 tacerem
1066 5511 1241 5602 Melinos
1262 5555 1291 5580 -·
1315 5511 1379 5602 ibi
1400 5561 1430 5586 —
1472 5549 1490 5592 ι
1517 5513 1659 5600 Unus·
