4460 6332
634 387 637 392 ,
670 341 748 428 ou
779 341 840 427 23
872 341 1056 456 Atque
1091 339 1229 430 tero.
1598 343 1681 432 tu

206 515 223 552 «
266 466 457 568 termini,
495 496 540 554 se
574 463 721 553 dobba
758 464 959 572 ritenersi
1005 479 1155 580 questa
1196 461 1338 580 prima
1377 480 1528 580 parte,
1566 496 1691 558 come

208 638 223 675 «
265 591 579 708 improduttiva
613 588 660 676 di
694 585 846 688 chetti,
884 585 1131 674 accedendo
1155 586 1167 671 i
1195 587 1331 702 poteri
1366 587 1436 674 del
1473 591 1686 693 Vescovo,

2 764 5 780 ι
70 725 74 731 ’
205 761 221 794 «
261 717 300 804 al
334 716 462 836 quale
494 743 581 800 non
615 711 640 800 e
673 707 774 808 dato
810 709 850 798 al
872 726 991 798 certo
1026 729 1176 826 potere
1200 709 1478 798 trascendore
1512 711 1524 798 i
1559 711 1689 804 limiti

204 882 221 920 ι
262 840 333 930 del
369 836 521 922 diritto
556 865 756 922 comune.

331 1003 347 1036 ι
388 963 447 1046 La
484 957 673 1048 secunda
709 970 830 1071 parte
866 955 936 1070 poi
971 954 1042 1042 del
1078 954 1420 1044 decretodebbe
1444 955 1690 1048 intendersi

205 1127 221 1163 «
264 1084 332 1172 nel
368 1113 492 1170 senso
527 1081 604 1168 che
639 1082 678 1166 le
711 1078 943 1164 Preheudc
976 1078 1047 1165 del
1091 1080 1281 1192 Teologo
1315 1107 1340 1164 e
1373 1079 1444 1164 dcl
1483 1081 1692 1170 Peniten-

208 1250 223 1284 u
263 1207 378 1292 ciere
412 1235 498 1290 non
534 1202 740 1291 debbano
774 1221 911 1320 punto
946 1201 1109 1288 andare
1132 1217 1325 1318 soggette
1360 1203 1415 1292 ad
1451 1203 1602 1290 ozioue
1626 1239 1692 1294 rau

206 1369 222 1406 ι
263 1362 288 1414 n
323 1345 455 1440 tempo
489 1325 604 1412 dello
637 1324 728 1412 loro
762 1355 961 1420 nucunzo,
1002 1325 1042 1410 in
1079 1325 1209 1412 modo
1243 1326 1321 1410 che
1355 1324 1366 1408 i
1402 1324 1492 1411 loro
1528 1357 1690 1416 succes·

206 1491 223 1529 ι
263 1451 347 1540 sori
381 1450 590 1536 debbano
625 1448 842 1566 prendere
865 1447 1010 1566 quelle
1027 1448 1270 1548 Prebende,
1298 1449 1378 1534 che
1409 1446 1553 1564 eglino
1577 1449 1685 1538 han·

205 1615 222 1652 a
264 1605 320 1662 no
347 1573 510 1686 goduto
545 1570 632 1658 fino
666 1573 704 1658 al
741 1589 886 1686 tempo
920 1570 1035 1658 delle
1068 1571 1162 1658 loro
1198 1601 1400 1672 vacunae,
1428 1603 1468 1676 o,
1509 1569 1551 1658 in
1587 1575 1691 1662 altri

205 1737 221 1774 ι
261 1695 454 1796 termini,
492 1695 526 1782 si
561 1710 669 1782 tosto
703 1724 826 1781 come
862 1693 993 1780 abbia
1028 1695 1155 1812 luogo
1191 1694 1229 1782 la
1264 1694 1355 1782 loro
1381 1724 1582 1798 vacanza,
1610 1696 1687 1784 sil·

207 1861 221 1896 (
263 1820 370 1908 l'atle
406 1817 635 1906 Probende
671 1848 755 1906 non
792 1846 976 1931 possono
1021 1848 1162 1904 essere
1205 1833 1371 1919 otiolo,
1411 1847 1481 1904 rna
1516 1818 1688 1938 integre
1762 1872 1767 1882 -

206 1983 221 2018 ε
263 1941 474 2032 debbono
509 1941 777 2028 conservarsi
813 1969 890 2054 per
925 1939 937 2023 i
972 1942 1274 2030 successori».

326 2065 440 2151 Haec
474 2065 609 2150 Rrirus
643 2063 893 2180 Episcopum
932 2065 1186 2180 Capitulum
1222 2063 1392 2151 veroin
1420 2062 1687 2179 quibusdam

200 2185 360 2302 scripto
410 2185 593 2273 exaratis
636 2184 968 2303 allegationibus
1014 2205 1152 2275 totum
1208 2185 1249 2272 in
1307 2217 1360 2273 co
1393 2204 1472 2288 est,
1507 2205 1551 2270 ut
1587 2218 1690 2302 pro·

201 2327 368 2426 pugnet
401 2339 456 2396 er
489 2308 689 2398 deductis
729 2311 773 2396 in
808 2325 1003 2396 anteacta
1037 2340 1193 2398 carusae
1226 2307 1491 2396 discussione
1531 2310 1576 2395 in
1611 2310 1691 2399 Ca·

202 2432 390 2520 thedrali
427 2432 642 2549 Aliplrana
676 2431 863 2520 officium
898 2433 1107 2550 Theologi
1131 2449 1175 2520 et
1196 2431 1531 2520 Paenitentiarii
1557 2463 1690 2520 num-

199 2584 333 2671 quam
368 2569 583 2670 perpetuo
617 2559 838 2646 adnexum
891 2554 1020 2644 luisse
1069 2555 1362 2672 peculiaribus
1411 2556 1682 2673 praebendis

205 2717 220 2752 ι
256 2677 406 2791 poiche
427 2677 495 2766 acl
517 2679 714 2792 Capitolo
748 2709 827 2764 aton
851 2680 894 2764 υἱ
915 2711 1013 2768 sotto
1030 2711 1125 2766 uere
1137 2677 1342 2794 prebende
1357 2677 1623 2776 Cooonr'coh',
1652 2683 1687 2769 st

205 2840 220 2875 ι
259 2798 354 2886 hene
401 2803 605 2916 porzt'out'
654 2801 902 2890 Gunonicult'
932 2845 970 2890 ι.
999 2803 1191 2890 Aduolat
1227 2802 1421 2889 ulterius:
1453 2841 1469 2878 c
1501 2804 1559 2888 be
1581 2833 1686 2919 por-

204 2961 220 3000 «
260 2922 372 3010 zioni
407 2927 644 3014 canonicali
680 2957 766 3014 nou
800 2954 986 3042 possano
1021 2926 1124 3014 dirsi
1172 2923 1324 3012 allatto
1366 2923 1543 3012 relative
1588 2957 1684 3009 con·

205 3085 220 3122 c
260 3077 391 3161 parrae
422 3078 546 3136 come
579 3050 876 3136 chiaramonte
909 3050 943 3138 si
980 3050 1111 3138 rileva
1162 3047 1235 3138 dal
1282 3063 1537 3138 notamento
1571 3047 1690 3138 delle

203 3206 220 3244 r
260 3169 432 3258 rendite
466 3185 697 3260 trasmesso
732 3171 772 3256 al
805 3173 919 3258 Rriro
954 3175 1164 3275 Vescovo‚
1204 3201 1285 3257 ove
1319 3172 1353 3258 si
1389 3172 1502 3259 vede
1525 3169 1605 3257 che
1631 3188 1690 3256 ta·

205 3329 221 3366 «
261 3291 363 3378 lane
397 3293 591 3408 portioni
629 3293 701 3382 dei
735 3293 944 3382 Canonici
993 3294 1190 3410 sernplioi
1240 3323 1347 3382 sono
1397 3293 1537 3381 molto
1573 3323 1691 3412 inag-

204 3453 222 3488 ι
260 3412 367 3530 giori
402 3413 448 3504 di
481 3417 627 3534 quelle
661 3415 732 3506 dei
766 3418 971 3516 ‚Canonici
1005 3421 1197 3536 Tcologo
1231 3446 1255 3502 e
1294 3417 1630 3518 Penitenziere,
1670 3417 1682 3502 i

203 3576 220 3614 ε
259 3539 379 3653 quali
414 3572 438 3628 a
473 3539 726 3656 prelerenza
759 3540 875 3658 degli
909 3539 1005 3628 altri
1040 3555 1224 3658 portano
1260 3539 1289 3626 il
1327 3539 1491 3656 pondus
1524 3537 1614 3625 diei
1650 3555 1687 3635 et

202 3699 219 3734 ι
259 3674 392 3746 aestus
431 3729 440 3748 .
482 3731 491 3748 .
536 3733 544 3750 .
582 3665 612 3750 ll
648 3661 824 3752 decreto
858 3663 1074 3754 vescovile
1121 3663 1191 3751 dei
1228 3665 1254 3750 7
1290 3665 1539 3763 Decembre
1565 3663 1688 3752 t839

203 3820 220 3858 e
262 3785 363 3872 vuol
382 3813 526 3874 essere
561 3787 700 3879 inleso
734 3786 837 3876 cosi:
873 3786 1191 3876 attribuendosi
1216 3785 1255 3872 al
1280 3787 1472 3902 Toologo
1510 3786 1688 3876 ePeni·

203 3943 220 3982 ι
264 3907 450 3994 tenziere
484 3909 512 3996 il
549 3909 698 3998 diritto
732 3909 777 3996 di
812 3910 963 3998 ocione
994 3910 1212 3998 s’inlende
1236 3911 1406 4025 parlare
1428 3909 1685 3998 dcll'ozr'oae

204 4066 221 4103 ι
260 4044 408 4127 othon,
446 4032 502 4121 ed
530 4031 834 4122 escludendosi
868 4033 908 4120 le
932 4037 1024 4120 loro
1050 4032 1244 4149 porzioni
1275 4033 1537 4122 dall'ozione
1571 4034 1602 4120 s'
1627 4034 1689 4120 in·

205 4189 220 4224 «
261 4151 392 4239 tende
429 4156 599 4270 parlare
634 4155 884 4242 dell'ozt'otte
914 4157 1084 4269 pessino
1118 4156 1272 4272 poiche
1308 4155 1347 4243 lo
1372 4187 1502 4274 scopo
1521 4156 1566 4244 di
1588 4155 1687 4242 dot-

206 4312 222 4349 «
266 4291 306 4358 to
342 4275 516 4364 decreto
550 4280 582 4366 si
621 4279 664 4366 l'u
701 4277 744 4366 di
797 4281 1070 4396 provvedere
1121 4280 1203 4366 alla
1252 4280 1413 4396 meglio
1448 4281 1531 4368 alle
1566 4279 1685 4368 disu-

205 4435 220 4470 ·
261 4398 517 4512 guaglianze
562 4404 802 4490 avveratesi
855 4403 969 4489 nella
1004 4403 1300 4516 llt‘purtizt'one
1341 4399 1460 4501 ‚delle
1506 4400 1687 4504 Rertdr'tc

204 4555 220 4590 c
264 4520 515 4633 Capholnri,
554 4523 654 4610 edi
706 4524 877 4611 ridurre
916 4527 955 4611 al
1002 4543 1149 4643 tempo
1183 4525 1331 4614 istesso
1366 4525 1406 4612 la
1442 4525 1686 4612 nredosima

204 4677 220 4714 c
262 4641 540 4755 ripartizione
575 4679 598 4732 a
635 4646 717 4732 tale
755 4649 833 4736 che
880 4649 920 4736 le
966 4647 1131 4765 dignita
1175 4647 1209 4733 si
1253 4677 1452 4736 avessero
1501 4647 1688 4766 qualche

203 4799 219 4836 α
260 4793 357 4851 cosa
392 4767 467 4883 piir
500 4767 618 4882 degli
652 4767 777 4872 ellici,
806 4773 992 4887 equesti
1028 4770 1212 4890 qualche
1246 4801 1344 4858 cosa
1379 4770 1455 4885 piir
1488 4770 1559 4859 dei
1592 4773 1685 4860 Ca-

203 4922 218 4958 ·
260 4887 403 5025 noniei
438 4890 633 5007 semplici
669 4891 809 5008 giusta
845 4895 855 4980 i
889 4893 1225 4983 dettamidella
1261 4892 1457 5009 giustizia
1480 4871 1695 4994 diatriba.

205 5044 221 5081 c
264 5023 352 5096 tiva
392 5051 432 5098 ».

322 5132 513 5250 Capituli
552 5135 752 5224 adductis
775 5139 1170 5241 observationibus
1190 5155 1281 5227 toto
1298 5141 1394 5228 nisu
1419 5140 1593 5229 obsistit
1609 5141 1689 5230 Ca-

198 5253 376 5344 nonicus
411 5260 599 5346 Paterno
632 5261 709 5378 qui
743 5279 786 5349 et
821 5261 927 5378 ipse,
965 5265 1089 5350 novis
1123 5261 1346 5380 productis
1391 5261 1682 5373 documentis

199 5377 431 5467 ostendere
465 5397 584 5467 curat
617 5383 899 5474 Praebendas
934 5385 975 5472 in
1024 5385 1242 5500 Aliphano
1289 5385 1495 5504 Capitnlo
1529 5380 1683 5505 distin·

195 5513 284 5586 ctas
318 5503 499 5590 omnino
532 5533 624 5592 esse
657 5525 700 5593 et
733 5521 971 5623 separatas.
1011 5508 1149 5596 Allert
1184 5541 1336 5598 revera
1358 5511 1585 5628 exemplar
1607 5509 1686 5600 do·

193 5625 390 5710 rumenti
425 5626 481 5712 ab
516 5627 707 5716 archivio
740 5631 979 5746 Capitulari
1019 5632 1211 5749 excerpti
1250 5633 1317 5721 cui
1343 5633 1510 5722 titulus:
1544 5676 1560 5713 ι
1591 5637 1680 5722 De-

1496 5759 1557 5846 56
