4516 6318
668 337 751 428 Die
782 340 843 428 25
876 341 1073 432 Ianuarii
1105 347 1242 436 1879.
1636 355 1698 446 85

227 513 243 552 ι
278 466 333 556 ad
357 463 514 552 tradita
538 495 617 582 per
637 463 1040 556 Eminentissimum
1066 473 1191 558 Petra
1204 469 1484 560 Commentar.
1512 473 1570 561 ad
1593 478 1703 567 Con·

229 637 244 674 ι
278 593 367 680 stit.
393 589 423 676 8
455 587 640 676 Honorii
670 587 743 674 ΙΙΙ
768 617 882 676 nam.
909 590 1032 678 50..

339 713 493 829 Neque
527 709 582 799 ad
617 709 919 828 publicitatem
962 713 1101 804 dictae
1149 717 1351 834 Capellae
1399 717 1706 840 denegandam

220 835 386 930 officere
420 835 537 922 valet
570 833 818 923 deficientia
852 835 1068 924 ianuaein
1094 837 1162 926 via
1198 839 1389 956 psttblica.
1416 845 1708 966 Quandoqui-

218 964 316 1054 dem
352 989 496 1077 ucqac
518 957 576 1046 de
597 957 678 1046 hoc
702 957 912 1076 requisito
936 962 1212 1050 auctoritates
1246 963 1484 1082 loquuntur
1516 993 1597 1085 pro
1630 970 1709 1060 de·

219 1081 424 1176 claranda
450 1079 627 1198 publico
661 1083 863 1171 Oratorio
885 1083 928 1170 in
953 1083 1250 1173 Xenodocbiis
1273 1105 1436 1192 erecto,
1460 1119 1603 1210 neque
1627 1093 1707 1183 lroc

217 1207 352 1300 salum
389 1223 455 1293 est
487 1204 764 1325 requisitum,
786 1207 906 1322 quod
933 1208 1185 1296 Oratorium
1215 1208 1433 1324 privatum
1467 1245 1491 1302 a
1527 1215 1703 1331 publico

77 1332 78 1358 ¹
217 1327 416 1420 secernit.
447 1331 556 1418 Cum
582 1341 625 1414 et
648 1327 691 1414 in
717 1359 843 1416 causa
870 1329 1132 1418 Vercellensi
1156 1331 1314 1448 3Au9.
1338 1333 1459 1422 1675
1480 1337 1705 1452 publicum

76 1467 77 1478 '
220 1455 493 1545 declaratum
520 1451 648 1538 luerit
672 1451 1023 1568 antiquissimum
1048 1455 1296 1543 Oratoriam
1331 1489 1355 1542 a
1389 1458 1434 1548 S.
1455 1463 1508 1546 V.
1535 1462 1590 1550 0.
1611 1461 1712 1551 licet

74 1667 75 1698 ἰ
220 1580 330 1666 intra
367 1574 541 1662 moenia
575 1575 700 1664 castri
736 1573 925 1663 lamiliae
958 1573 1247 1697 Castellengbi
1281 1581 1559 1696 reperiretur.
1581 1587 1709 1675 Prae·

74 1723 75 1762 ³
218 1697 543 1818 terquamquod
581 1699 624 1785 in
664 1698 773 1787 lacto
807 1697 1133 1787 observandam
1169 1717 1296 1803 esset,
1322 1727 1426 1789 stum
1463 1733 1615 1794 revera
1649 1707 1704 1796 ad

72 1863 74 1942 p
216 1825 382 1916 dietum
418 1821 670 1910 Oratoriom
707 1822 946 1940 petendum
971 1837 1059 1911 tam
1093 1838 1285 1913 tortuosa
1308 1825 1376 1911 via
1412 1829 1710 1945 percurrenda

71 1945 73 2040 f
219 1949 469 2050 loret,eum
505 1944 688 2061 ipsemet
725 1961 904 2032 testetur
953 1947 1171 2035 Paracltus
1214 1947 1375 2036 vidisse
1408 1966 1584 2065 gentem
1619 1977 1712 2041 me·

219 2090 418 2160 moratae
451 2065 661 2164 sacrificia
696 2070 846 2156 Missae
880 2067 1162 2158 adsistentem
1199 2071 1242 2157 in
1279 2071 1568 2188 publicaria.

340 2197 545 2283 Ceterum
595 2191 816 2309 quidquid
849 2191 903 2278 sit
937 2210 1022 2280 tam
1064 2196 1098 2280 si
1143 2193 1395 2283 attendatur
1442 2196 1561 2314 quod
1611 2199 1704 2288 Ca·-

68 2332 69 2396 t
216 2321 329 2438 pella
366 2320 409 2404 in
444 2313 732 2402 Xenodocbio
769 2331 913 2402 erecta
957 2315 1217 2434 reperiatur,
1249 2346 1382 2434 quam
1423 2321 1455 2405 si
1492 2321 1702 2441 antiquis-

66 2519 68 2570 ὃ
217 2445 325 2532 sima
361 2435 650 2540 consuetudo,
688 2467 803 2555 qaae
837 2465 914 2526 aas
948 2439 1100 2527 edocet
1133 2441 1312 2528 nemine
1337 2443 1601 2530 reclamante
1629 2471 1708 2562 pa·

66 2583 67 2598 ¹
216 2570 369 2684 pulum
405 2561 506 2649 illuc
538 2561 813 2650 contendisse
835 2560 891 2648 ad
915 2592 1082 2650 mertum
1115 2563 1609 2670 audiendum,necaoo,
1649 2568 1712 2656 uti

215 2686 574 2778 animadvertunt
613 2683 1016 2787 administratores,
1046 2685 1089 2772 iu
1127 2687 1220 2786 bac,
1250 2687 1431 2806 aliisquo
1466 2689 1708 2778 Galliarum

219 2811 510 2902 Dioecesibus
558 2807 836 2926 hospitalium
882 2807 1078 2925 Capellas
1123 2811 1184 2898 ati
1231 2807 1428 2928 publicas
1477 2813 1707 2931 reputari,

216 2969 325 3056 quas
359 2963 514 3024 omnes
547 2930 797 3018 indistincte
846 2947 1005 3050 petunt
1049 2963 1127 3050 pro
1176 2961 1295 3022 sacro
1344 2933 1629 3054 adimplendo
1666 2931 1711 3026 in

216 3059 374 3149 diebus
397 3056 454 3146 de
478 3071 727 3172 praecepto,
756 3053 812 3143 de
837 3053 1087 3171 publicitate
1110 3057 1297 3146 Oratorii
1334 3057 1580 3146 nullimode
1614 3087 1712 3148 am·

214 3183 462 3302 bigeudum
500 3209 590 3266 esse
627 3196 843 3294 putarem.
863 3177 957 3290 Qua
981 3179 1121 3296 posita
1154 3209 1252 3267 cum
1277 3194 1445 3268 certum
1464 3180 1518 3267 sit.
1535 3181 1718 3271 Christi·

216 3307 369 3395 fideles
393 3334 445 3391 es
471 3301 705 3390 universali
729 3303 944 3391 Ecclesiae
966 3304 1286 3390 consuetudine.
1318 3303 1504 3391 ubilibet
1537 3307 1629 3393 sive
1664 3305 1709 3394 in

216 3427 406 3520 Ecclesia
439 3427 530 3514 sive
559 3427 601 3511 in
626 3425 802 3542 publico
840 3425 1041 3514 Oratorio
1076 3456 1200 3542 posse
1232 3443 1465 3544 praecepto
1500 3425 1710 3518 audiendi

216 3554 387 3642 Missam
423 3547 680 3650 satisfacere,
698 3551 805 3669 quin
844 3565 1072 3636 teneantur
1106 3549 1356 3638 Paroeciam
1396 3547 1518 3638 adire
1551 3549 1707 3639 Bencd.

217 3677 337 3767 XIV
380 3677 442 3762 De
474 3673 574 3788 Spa.
604 3670 744 3758 Dioec.
776 3671 848 3758 tib.
889 3673 937 3757 ll
987 3703 1082 3790 cap.
1136 3673 1194 3758 tt
1243 3703 1355 3760 narra.
1404 3675 1480 3771 lO,
1526 3672 1702 3762 Barbas.

216 3799 278 3888 Dc
317 3796 501 3886 Paroria.
545 3813 661 3912 part.
702 3795 719 3880 l
761 3825 853 3912 cap.
891 3796 939 3882 ll
983 3827 1094 3882 actm.
1133 3797 1209 3884 18.
1248 3795 1497 3914 Pasquolip.
1538 3799 1596 3883 De
1628 3823 1705 3884 sa·-

217 3923 323 4044 cris.
355 3923 675 4036 Missaeqaaest.
705 3919 825 4007 1259
844 3949 956 4005 arira.
983 3920 1028 4007 9.
1057 3919 1281 4008 videretur
1311 3919 1431 4039 quod
1468 3919 1705 4040 Episcopus

220 4046 403 4136 minime
442 4043 576 4160 possit
609 4041 753 4130 Missas
787 4041 830 4130 in
867 4042 1078 4131 Oratoriis
1118 4041 1301 4161 publicis
1337 4041 1570 4162 prohibero
1602 4067 1705 4130 eum

220 4169 259 4257 in
282 4167 434 4270 linem,
457 4183 503 4253 ut
528 4167 741 4282 populum
764 4164 1045 4282 compelleret
1069 4163 1125 4252 ad
1149 4165 1530 4255 interveniendum
1557 4169 1707 4256 Missae

218 4291 471 4412 parochiali.
503 4291 599 4378 Hoc
638 4290 756 4378 enim
804 4287 1175 4378 esset‘indirecte
1221 4289 1369 4379 delere
1414 4291 1705 4379 universalem

220 4413 603 4515 consuetudinem,
630 4443 745 4530 quae
779 4443 876 4501 cum
915 4413 1057 4532 vigeat
1090 4412 1133 4500 in
1171 4427 1257 4502 toto
1292 4413 1417 4514 orbe,
1447 4413 1528 4500 iam
1565 4411 1709 4502 induit

220 4559 418 4630 naturam
458 4537 564 4624 iuris
597 4536 840 4625 communis
874 4534 1027 4624 Beacd.
1066 4535 1185 4628 XIV
1214 4539 1276 4624 Dc
1307 4536 1407 4653 Spa.
1445 4537 1588 4622 Dioec.
1629 4535 1704 4621 tit.

221 4663 267 4750 tt
303 4695 397 4778 cop.
436 4661 495 4747 11
534 4691 647 4747 nam.
687 4661 762 4762 10,
805 4659 923 4778 quod
967 4658 1209 4748 nullimode
1244 4659 1357 4748 valet
1398 4655 1455 4747 ab
1488 4660 1704 4778 Episcopo

221 4784 439 4874 dmum

330 4818 419 4998 Mac
434 4939 557 4998 secus
577 4907 790 4997 iudicasse
806 4909 974 5000 s.v.0.
987 4923 1103 5026 patet
1118 4937 1171 4996 ex
1190 4903 1709 5028 pluribus'decisionibus

222 5031 365 5122 relatis
388 5031 433 5120 in
457 5033 697 5120 Ariminen.
718 5031 810 5119 lar.
829 5029 1110 5120 Parorbelia
1123 5034 1183 5122 18
1201 5033 1288 5148 Ap.
1306 5033 1427 5120 1722
1444 5027 1528 5120 sub
1541 5027 1709 5154 §.Quia

220 5207 249 5226 -
280 5155 344 5243 ibi
376 5205 406 5221 -
433 5197 450 5234 ι
474 5157 646 5274 Operae
669 5153 865 5273 pretium
889 5183 980 5245 esse
1014 5183 1171 5246 censeo
1196 5165 1449 5269 reverenter
1471 5155 1707 5256 insinuare,

227 5315 245 5358 ι
279 5279 454 5369 Sacram
485 5277 596 5368 hanc
617 5279 666 5370 G.
693 5281 743 5370 C.
765 5305 941 5396 seraper
958 5275 1088 5366 luisse
1107 5279 1151 5366 ia
1174 5305 1318 5380 sensu,
1337 5305 1416 5366 uec
1438 5276 1701 5378 Paracltum,

230 5431 362 5493 «uec
394 5401 657 5522 Episcopum
691 5401 747 5492 ad
782 5401 1029 5491 instantiam
1068 5399 1247 5491 Parachi
1297 5399 1515 5520 impedire
1560 5425 1699 5520 posse,

232 5561 250 5602 ι
286 5529 522 5645 quominus
555 5525 707 5616 Missae
740 5525 1021 5616 celebrentur
1053 5525 1097 5615 in
1131 5522 1329 5615 Ecclesiir
1360 5523 1452 5614 sitis
1484 5523 1529 5612 iu
1560 5521 1709 5614 distri·
