4460 6332
679 371 759 464 Dic
789 371 850 460 23
886 367 1069 485 Augusti
1102 367 1240 458 l879.
1613 367 1704 462 435

214 502 378 624 quibus
410 503 638 602 Doctores,
665 497 753 586 lrui
790 492 1047 613 privilegiis.
1091 489 1310 580 Audiatur
1333 517 1438 576 seue
1464 527 1482 566 ι
1511 491 1699 584 Nomine

219 667 237 708 ι
277 624 581 741 llagistrorum
614 638 659 712 et
694 623 932 708 Doctorum
968 615 1153 704 veniunt
1175 614 1306 702 etiam
1331 610 1557 700 licentiati
1581 614 1701 708 unde

222 790 240 830 ι
279 762 325 836 et
355 747 421 834 isti
446 746 638 864 gaudent
675 740 803 832 dictis
841 739 1082 856 privilegiis
1114 735 1311 824 Alciutus
1348 733 1461 821 int.
1480 734 1562 822 Cui
1579 769 1705 853 proc·

225 911 242 950 ι
283 871 408 987 cipue
430 870 495 957 De
519 869 577 960 V.
593 867 658 970 8.,
679 863 866 954 Leander
887 862 952 950 De
969 861 1127 978 privil.
1143 859 1371 946 Doctorum
1388 874 1506 973 port.
1534 860 1624 960 [ιη.
1651 865 1701 952 ll

225 1021 243 1074 'r
282 1010 326 1082 et
364 991 455 1080 alii.
495 993 549 1079 Et
580 990 691 1078 ratio
723 1004 788 1074 est
829 985 933 1103 quin
969 983 1191 1074 licentiati
1228 982 1390 1070 habent
1426 981 1558 1068 etiam
1591 983 1708 1074 illam

228 1157 244 1194 ι
284 1115 570 1204 excellentem
604 1129 647 1201 et
684 1109 880 1227 legitime
920 1109 1211 1226 approbatam
1234 1104 1460 1193 scientiam
1486 1121 1529 1192 et
1552 1103 1711 1196 doctri·

225 1280 243 1316 ι
285 1265 403 1338 num,
439 1238 559 1324 bono
593 1232 820 1323 communi
860 1231 1152 1333 servientem,
1193 1243 1373 1347 propter
1408 1257 1541 1344 quam
1587 1232 1712 1346 prin-

227 1401 244 1437 ι
284 1359 483 1476 cipuliter
517 1376 618 1446 sunt
649 1385 851 1447 concessu
880 1353 998 1444 dicta
1031 1371 1074 1442 et
1099 1353 1184 1441 ulia
1228 1349 1459 1470 privilegia
1497 1353 1712 1469 llagistris

225 1523 245 1563 ι
283 1501 326 1570 et
360 1481 652 1585 Ductoribus;
679 1479 756 1596 ipsi
781 1476 898 1566 enim
922 1475 1148 1566 Licentiati
1170 1473 1370 1592 quamvis
1396 1473 1589 1562 laureum
1624 1479 1711 1566 lle·
1818 1579 1824 1592 ⁸

229 1647 246 1684 ι
284 1604 446 1723 gislerii
481 1618 527 1693 et
556 1605 823 1691 Doctomtns
850 1631 935 1688 non
969 1603 1055 1686 sint
1100 1597 1354 1686 solemniter
1394 1598 1594 1701 assecuti,
1634 1599 1709 1688 he·

228 1767 246 1806 e
284 1729 393 1816 bent
428 1747 572 1814 tamen
609 1725 828 1813 licentiam
861 1739 906 1812 et
942 1721 1190 1812 facultatem
1216 1719 1461 1837 proximam
1495 1719 1611 1808 illam
1637 1752 1707 1810 so-

226 1889 243 1926 «
284 1849 491 1937 lemniter
508 1847 822 1966 consequendi,
856 1845 1026 1964 quoties
1049 1844 1199 1947 velint,
1236 1872 1337 1932 cum
1374 1844 1446 1932 ille
1470 1843 1592 1960 digni
1618 1845 1707 1934 iam

227 2011 246 2052 ι
285 1971 371 2062 sint
407 1972 490 2060 rite
527 1985 571 2058 et
591 1970 845 2058 solemniter
868 1967 1094 2058 declarati.
1131 1965 1259 2057 Unde
1283 1997 1361 2082 pro
1384 1968 1447 2054 eis
1479 1981 1581 2060 stat¹
1599 1965 1710 2056 illud

228 2133 246 2172 ι
288 2092 395 2183 iuris
426 2093 666 2180 »Proxime
681 2089 954 2208 uccinpendus
973 2088 1236 2206 labeturpro
1253 2090 1453 2204 accinctu
1478 2089 1526 2176 L.
1547 2091 1709 2206 penult.

226 2215 278 2338 ff.
306 2218 551 2304 Delectant.
578 2214 709 2303 milit.

349 2341 482 2456 Magis
523 2341 748 2456 magisque
786 2337 1018 2426 roboretur
1039 2351 1347 2456 argumentum
1379 2365 1430 2421 ex
1463 2335 1714 2454 dispositio·

226 2491 282 2551 ne
313 2461 601 2550 Tridentinae
633 2459 816 2577 Synodl,
855 2489 984 2579 quae,
1024 2461 1086 2546 uti
1120 2474 1239 2546 notat
1272 2457 1471 2544 Ferraris
1506 2457 1582 2546 loc.
1610 2475 1706 2558 cit,

227 2585 272 2672 iu
306 2582 591 2704 assequendis
623 2581 926 2701 Dignitatibus
958 2597 1002 2672 ct
1024 2579 1523 2671 beneficiisLicentiatos
1560 2582 1710 2700 aequi·

224 2717 350 2825 perat
380 2700 646 2794 'Ductoribus
678 2705 825 2826 prouti
855 2721 1068 2794 statutum
1104 2705 1263 2822 legitur
1297 2703 1340 2790 in
1374 2736 1470 2794 sess.
1497 2705 1558 2794 2⁶2
1579 2707 1712 2820 cnp.2

224 2859 320 2918 sess.
347 2830 408 2917 24
444 2828 496 2916 de
522 2827 604 2948 res.
641 2861 735 2945 cup.
765 2830 822 2918 tu
851 2827 902 2916 de
923 2829 1098 2946 reform.
1126 2847 1168 2918 et
1192 2827 1383 2944 pressius
1407 2845 1606 2942 procoso
1633 2860 1708 2916 uo·
1845 2863 1850 2877 ·

222 2966 312 3042 stro
348 2952 390 3038 in
425 2983 518 3040 sess.
556 2953 617 3038 ut
640 2983 733 3067 cup.
760 2951 859 3040 δάε
891 2950 1066 3071 reform.
1093 2950 1169 3038 ubi
1196 2951 1476 3069 praecipitur,
1505 2951 1547 3038 in
1566 2951 1710 3042 catlre·

225 3072 425 3164 dralibus
454 3075 846 3162 Poenitentiarium
886 3089 979 3163 esse
1029 3072 1351 3162 instituendum
1400 3075 1474 3190 qui
1510 3075 1713 3191 Magister

184 3291 186 3294 ,
228 3197 285 3286 sit
325 3195 393 3282 uel
414 3196 573 3284 Ductor
612 3213 682 3282 cut
700 3197 952 3286 licentiatus
987 3197 1034 3283 iu
1056 3195 1267 3312 tlreolopic
1295 3197 1362 3284 cel
1384 3198 1475 3284 iure
1496 3199 1709 3286 canonico.

232 3319 322 3407 Nec
343 3316 526 3408 minoris
545 3320 758 3406 momenti
784 3319 876 3408 lieri
911 3319 1047 3408 debet
1077 3317 1301 3434 dispositio
1322 3319 1474 3408 Bullae
1503 3319 1615 3410 Sixti
1648 3323 1709 3412 lV

233 3439 450 3530 Creditum
482 3439 616 3540 uobis,
642 3471 696 3531 ex
717 3473 804 3559 qna
827 3441 1008 3560 praelati
1042 3442 1320 3532 canonicatus
1348 3442 1564 3560 originem
1588 3473 1716 3562 repe·

229 3579 326 3652 tunt
349 3562 391 3650 in
430 3563 572 3680 regnis
599 3594 784 3654 coronae
818 3564 1035 3656 Castellae
1061 3579 1105 3652 et
1139 3564 1355 3680 Legionis3
1384 3594 1552 3658 necnon
1575 3569 1714 3658 llotus

228 3685 434 3804 proprius
463 3686 620 3776 Leonis
642 3687 901 3778 Xeiusdem
937 3687 1089 3776 Bollae
1110 3687 1476 3778 confirmatorias.
1514 3691 1561 3776 ln
1595 3689 1715 3782 hisce

226 3807 348 3898 enim
373 3807 609 3897 Pontificiis
641 3809 1001 3926 dispositionibus
1026 3812 1085 3898 ita
1113 3825 1563 3924 promemoratarum
1586 3841 1714 3932 prae·

223 3931 473 4020 beudarum
488 3931 756 4020 assecutione
769 3933 1023 4022 Doctoriset
1041 3933 1268 4022 licentiati
1281 3933 1443 4052 grados
1455 3965 1716 4051 comparan-

229 4068 318 4158 tur,
370 4069 417 4140 ut
469 4054 681 4144 alteruter
726 4053 1042 4144 dissertissimis
1078 4057 1228 4144 verbis
1258 4058 1359 4146 satis
1392 4087 1486 4145 esse
1524 4057 1710 4148 dicatur.

227 4177 522 4264 Praestathnc
544 4177 601 4268 de
641 4207 687 4266 re
721 4175 875 4268 audire
914 4179 1070 4266 llotam
1111 4178 1153 4265 in
1207 4179 1322 4268 Tolet
1352 4213 1406 4268 reu
1437 4181 1716 4270 Gorzouicatus

232 4297 291 4386 tu
314 4297 427 4385 Mati
450 4299 669 4388 l58lcor.
690 4297 1018 4388 Aldobrondiuo
1034 4299 1149 4390 reta
1172 4303 1298 4392 Gnrc.
1364 4301 1531 4422 ebenus.
1552 4304 1716 4420 purt5

228 4451 318 4536 cop.
338 4420 468 4508 tsub
482 4451 525 4508 u.
545 4422 651 4526 t65;
690 4424 735 4509 in
756 4455 835 4540 quo
858 4423 1038 4512 breuiter
1057 4425 1182 4513 ·ibi-
1206 4465 1224 4506 ι
1254 4428 1455 4516 Breviter
1470 4426 1709 4516 dicendum

237 4581 255 4622 ι
296 4559 363 4633 est
376 4573 457 4660 per
474 4543 644 4632 Bullam
660 4544 771 4632 Sixti
785 4549 841 4636 lV
860 4561 1081 4636 etmotum
1098 4547 1325 4667 proprium
1341 4549 1495 4640 Leonis
1511 4553 1553 4638 X
1569 4550 1613 4638 in
1627 4548 1715 4638 sin·

235 4677 252 4743 ἰ
290 4665 402 4784 gulis
424 4665 760 4756 (lathcdralibus
794 4669 991 4759 Ecclesiis
1024 4673 1278 4790 Regnorum
1298 4703 1485 4762 coronae
1503 4673 1715 4762 Castellee

236 4827 253 4865 ι
293 4805 337 4877 et
358 4789 559 4907 Legionis
579 4807 774 4880 erectum
809 4791 1015 4882 luissent
1043 4795 1287 4882 institutum
1307 4825 1443 4883 unum
1478 4795 1718 4886 Cauooiea-

237 4949 254 4988 ι
293 4926 388 5000 tum
421 4927 464 5000 et
496 4911 799 5003 Praebendnm
834 4947 916 5036 pro
950 4919 1140 5008 Doctore
1164 4917 1233 5006 vel
1255 4917 1497 5010 Licentiato
1518 4917 1562 5008 iu
1598 4935 1717 5006 utro·

236 5072 254 5114 ι
292 5011 479 5152 queiel
513 5034 649 5124 altero
683 5036 793 5136 iure,
829 5037 905 5156 qui
949 5037 1110 5129 dieitur·
1158 5042 1397 5130 Doctoralis
1442 5057 1484 5130 et
1527 5041 1714 5135 alterum

234 5193 253 5234 ι
291 5185 372 5274 pro
404 5156 606 5276 Magistro
639 5189 716 5249 seu
751 5163 941 5250 Doctorc
988 5161 1058 5252 vel
1106 5160 1348 5255 Licentiato
1379 5164 1424 5252 in
1457 5165 1711 5285 theologia,

235 5315 253 5356 e
292 5279 369 5398 qui
413 5278 573 5370 dicitur
617 5282 873 5402 Magistralis
912 5323 952 5371 ι.
1141 5373 1146 5380 .

235 5463 239 5470 ·
354 5403 559 5520 Exposita
591 5421 852 5522 argumenta
886 5405 1126 5496 maximam
1159 5409 1391 5526 acquirunt
1431 5413 1520 5498 vim
1567 5441 1621 5500 ex
1655 5441 1707 5502 eo

230 5524 351 5642 quod
386 5541 489 5614 tuno
522 5529 749 5645 temporis,
784 5529 966 5647 quaudo
1001 5529 1133 5620 Pione
1166 5533 1290 5622 Bulla
1322 5531 1439 5624 edita
1474 5532 1571 5638 luit,
1608 5537 1714 5626 Pro·
