4446 6330
619 381 702 470 Die
732 381 794 472 25
826 381 1022 472 Ianuarii
1056 383 1192 474 1879.
1587 387 1647 478 15

160 506 264 599 toris
296 504 433 626 ipsius
466 503 576 593 dum
607 535 835 626 processus
883 505 1235 608 conficiebatur,
1273 503 1499 596 infirmare
1530 509 1651 602 haud

156 631 305 721 valent
337 627 652 746 probationes,
689 658 804 748 quaa
839 629 883 717 iu
927 629 1019 748 ipso
1066 659 1286 748 processu,
1324 629 1519 720 maxima
1552 663 1654 722 cum

157 752 401 871 diligentia,
438 751 571 842 Curia
604 750 940 872 Albingauensis
970 753 1162 872 collegit.
1209 750 1414 870 Alioquin
1448 785 1656 876 sequere-

159 893 230 966 tur
260 874 383 994 quod
416 874 654 962 obstinatio
688 873 817 962 unius
852 875 988 993 partis
1020 875 1087 964 ius
1136 875 1317 966 alterius
1360 905 1445 963 non
1480 891 1662 968 tantum

158 995 369 1102 laederet,
395 997 475 1088 sed
498 997 652 1085 inutile
674 992 897 1087 redderet.
944 1001 1126 1116 lusuper
1159 997 1404 1087 nullimode
1436 997 1653 1092 verificari

160 1137 305 1242 posset
339 1116 462 1241 quod
494 1121 623 1211 docet
655 1119 847 1212 Sancheu
883 1119 959 1208 lib.
994 1121 1171 1235 utriq.
1211 1121 1270 1208 15
1303 1119 1436 1208 concl.
1472 1123 1552 1210 alt.
1574 1123 1675 1212 ubi,

159 1244 313 1334 babet:
343 1281 361 1322 a
393 1243 448 1328 Ut
476 1242 678 1332 Pontilex
711 1242 933 1360 dispenset
956 1245 1001 1331 in
1025 1241 1305 1332 matrimonio
1328 1257 1440 1346 rato,
1468 1274 1556 1335 non
1581 1245 1658 1336 de·

166 1409 182 1445 ι
220 1363 440 1473 sideratur
475 1383 651 1454 mutuus
684 1365 922 1484 coniugum
954 1381 1203 1470 censetisne,
1223 1363 1300 1454 sed
1322 1365 1657 1459 existentecau-

164 1529 181 1568 ι
221 1519 267 1578 sa
301 1489 427 1592 iusta,
464 1504 606 1605 potest
636 1485 839 1579 Pontilex
870 1489 1136 1606 dispensare,
1158 1487 1463 1577 alteroeorum
1495 1489 1653 1580 invito.

166 1654 183 1692 ι
222 1609 338 1724 Quia
371 1611 407 1697 si
441 1641 571 1703 causa
605 1612 716 1700 iusta
749 1609 904 1716 subsit,
941 1609 1229 1731 repugnantia
1276 1609 1457 1700 alterius
1503 1613 1658 1732 nequit

165 1774 182 1812 ι
220 1731 445 1823 Pontificis
467 1749 728 1848 potestatem
763 1733 998 1850 impedire,
1033 1764 1089 1824 ne
1126 1733 1252 1823 alteri
1274 1732 1457 1822 habenti
1493 1732 1652 1824 iustam

166 1896 184 1935 ι
220 1855 492 1946 dissolvendi
525 1888 719 1962 causam,
746 1857 1002 1975 petentique
1035 1855 1407 1974 dispensationem
1441 1857 1653 1947 corisulat.

170 2019 187 2058 ι
223 1978 297 2072 Sic
329 1978 571 2066 Gozadinns
604 2011 714 2070 cons.
751 1980 781 2068 2
812 2011 926 2067 nam.
950 1979 1026 2068 tt.
1048 1980 1151 2067 Ant.
1178 1977 1308 2068 anr.
1338 1977 1454 2067 Toni.
1475 1979 1653 2070 20οΜ-

172 2142 189 2182 a
225 2133 343 2189 man.
382 2100 460 2190 lib.
497 2100 546 2188 11
587 2101 701 2190 corb.
743 2101 1073 2190 Matrimonium.
1110 2101 1167 2189 Et
1199 2133 1250 2188 cn
1275 2099 1497 2218 Theoloqis
1531 2104 1658 2193 Meti-

173 2265 190 2302 «
226 2255 281 2312 nn
317 2223 392 2312 lib.
431 2225 461 2313 5
494 2227 545 2312 dc
575 2223 913 2315 Socr.ltorninnrn
947 2225 1102 2314 contin.
1139 2225 1217 2313 89.
1259 2264 1276 2301 ι

285 2349 350 2434 Ex
380 2378 470 2466 quo
504 2348 547 2435 ni
582 2348 708 2436 fallor
753 2345 854 2438 satis
886 2347 1114 2436 evidenter
1160 2344 1421 2452 deducitur,
1465 2347 1657 2467 quodsi

163 2468 366 2560 Pontifex
400 2485 544 2588 potest
565 2469 836 2588 dispensare,
858 2501 945 2559 uon
978 2471 1184 2559 obstante
1216 2469 1509 2588 repugnantia
1528 2471 1654 2562 unius

163 2593 315 2713 partis,
354 2609 534 2709 possunt
567 2593 702 2682 etiam
736 2591 889 2683 coulici
913 2606 1007 2682 acta
1040 2590 1330 2711 processualia
1358 2621 1438 2709 pro
1472 2594 1659 2685 veritate

167 2713 453 2837 inquirenda,
489 2743 591 2804 cum
622 2715 695 2804 tali
728 2715 1036 2835 repugnantia,
1074 2713 1320 2806 dummodo
1353 2713 1519 2804 veritas
1557 2715 1657 2806 lacti

170 2837 420 2929 exactibus
453 2837 651 2927 resultet.

290 2959 498 3049 Deiectus
531 2961 694 3079 pariter
733 2959 1012 3080 inspectionis
1062 2958 1257 3077 corporis
1288 2957 1567 3050 Violantinae
1600 2961 1660 3053 ad

164 3081 512 3203 dignoscendam
547 3084 681 3201 ipsius
712 3084 1025 3204 virginitatem,
1052 3081 1277 3171 infirmare
1311 3080 1658 3203 haudquaquam

166 3208 286 3295 valet
319 3207 599 3323 probationes
633 3237 721 3295 nou
755 3222 929 3296 secutae
960 3203 1651 3312 consummationis'lllatrimonii,

166 3359 287 3450 quae
319 3329 363 3416 iu
396 3359 598 3447 processu
632 3329 840 3420 collectae
892 3328 1188 3418 inveniuntur.
1226 3328 1283 3414 Ut
1315 3326 1436 3417 enim
1468 3328 1558 3417 iam
1591 3359 1660 3418 su·

166 3483 248 3574 pra
282 3453 430 3540 notavi
463 3482 566 3542 cum
597 3453 747 3543 Coscio
780 3469 824 3540 et
855 3451 1060 3557 Sancbcz,
1097 3448 1276 3571 quando
1300 3481 1354 3538 ex
1373 3451 1541 3540 actibus
1559 3483 1658 3569 pro·

7 3649 8 3652 a
169 3575 447 3665 cessassetis
480 3574 657 3664 abunde
689 3591 856 3664 constat
876 3573 999 3694 quod
1030 3571 1180 3694 sponsi
1215 3603 1459 3691 numquam
1481 3573 1661 3664 cohabi·
1742 3607 1744 3611 ·

169 3713 331 3800 taruut,
369 3697 481 3788 aliae
507 3699 793 3815 probationes
824 3697 1204 3816 supeuabuudant.
1239 3697 1293 3784 Et
1325 3695 1426 3784 licet
1459 3697 1505 3788 S.
1542 3697 1660 3787 Gon·

169 3819 257 3910 cilii
291 3819 581 3941 congregatio
604 3818 649 3908 iu
672 3820 957 3910 instructione
990 3819 1108 3909 edita
1130 3817 1203 3908 die
1223 3819 1285 3908 22
1314 3818 1501 3935 Augusti
1518 3819 1657 3924 l8ltO,

7 3969 8 4042 3
169 3973 248 4063 pro
282 3943 554 4034 coniectione
587 3972 811 4061 processus
843 3943 887 4030 in
922 3942 1059 4033 causis
1092 3941 1512 4047 Matrimonialibus,
1550 3972 1661 4059 pro-

169 4063 420 4155 cedendum
452 4095 544 4156 esse
579 4066 817 4184 praecipiat
843 4065 901 4156 ad
935 4065 1255 4183 inspectionem
1288 4065 1484 4182 corporis
1506 4062 1664 4154 mulie·

7 4221 8 4230 ¹
169 4187 259 4293 ris;
299 4206 447 4277 tamen
480 4188 589 4277 milri
621 4189 796 4278 videtur
827 4187 947 4306 quod
970 4186 1051 4276 hoc
1069 4203 1351 4308 praeceptum
1375 4187 1554 4276 limitari
1579 4186 1662 4275 ali·

171 4342 259 4430 quo
290 4311 428 4401 modo
460 4310 624 4432 possit,
661 4342 715 4402 eo
747 4311 851 4431 quia
900 4309 1128 4400 instructio
1170 4310 1370 4430 loquitur
1395 4309 1451 4400 de
1484 4309 1563 4399 bac
1595 4309 1665 4398 in-

171 4433 413 4551 spectione,
450 4448 683 4553 postquam
716 4433 868 4523 statuit
900 4433 1047 4524 omnia
1090 4433 1173 4522 alia
1220 4463 1333 4553 quae
1367 4433 1532 4522 servari
1575 4430 1663 4521 de-

172 4557 282 4644 bent
317 4555 363 4644 iu
394 4557 667 4647 coniectione
700 4557 952 4675 processus,
990 4573 1033 4646 et
1067 4557 1242 4647 videtur
1278 4556 1398 4674 quod
1432 4554 1663 4673 inspectio·

174 4707 278 4768 uem
313 4681 603 4770 necessariam
636 4681 814 4788 iudicet,
845 4679 1034 4800 ‘quando
1083 4721 1100 4758 ι
1151 4679 1321 4798 quercla
1362 4709 1486 4794 snper
1518 4679 1664 4792 inpo-

175 4802 345 4890 tcntinrn
376 4821 584 4893 narrator.
627 4845 645 4883 ι
683 4803 781 4896 Scio
813 4804 935 4923 quod
977 4803 1068 4921 ipsa
1101 4803 1147 4894 S.
1182 4803 1317 4893 Conc.
1354 4797 1659 4920 Congregatio,

175 4923 344 5014 remisit
377 4939 470 5014 acta
504 4926 795 5044 processualia
827 4957 983 5018 causae
1016 4925 1072 5016 de
1104 4957 1192 5046 qua
1214 4926 1360 5046 agitur
1392 4923 1448 5014 ad
1481 4922 1663 5013 Curiam
1808 4997 1811 5004 .

175 5047 418 5166 Albingau.
463 5050 549 5139 sub
592 5049 770 5141 dieite
807 5051 904 5140 lulii
929 5050 1050 5140 1873
1093 5047 1394 5138 rescribendo:
1447 5087 1464 5125 ι
1503 5043 1663 5134 Eidem

180 5209 197 5251 ι
235 5171 468 5290 Episcopo,
507 5189 555 5262 ut
587 5191 708 5264 curet
739 5173 891 5294 peragi
923 5171 1237 5290 inspectionem
1272 5169 1467 5259 mulieris
1490 5169 1547 5259 ad
1578 5165 1664 5256 lor·

178 5331 195 5370 ι
234 5324 356 5384 mam
391 5295 685 5386 instructionis
717 5296 874 5388 Sacrae
907 5291 1282 5415 congregationis.
1326 5295 1435 5382 »Ex
1457 5291 1538 5382 hoc
1560 5321 1662 5412 pro-

175 5413 297 5506 lecto'
321 5417 507 5508 habetur
539 5419 657 5539 quod
691 5419 734 5508 iu
767 5449 868 5510 casu
901 5417 1116 5537 praesenti
1149 5419 1196 5512 S.
1221 5419 1383 5536 Congr.
1409 5413 1608 5519 Concilii,
1629 5414 1664 5502 si

181 5568 270 5630 nou
305 5541 504 5632 absolute
536 5543 838 5650 necessariam,
875 5544 1032 5633 saltem
1070 5539 1200 5632 valde
1229 5539 1414 5647 utilem,
1452 5539 1562 5630 hauc
1599 5536 1669 5626 iu·
