<?xml version="1.0" encoding="UTF-8"?>
<!DOCTYPE html PUBLIC "-//W3C//DTD XHTML 1.0 Transitional//EN"
    "http://www.w3.org/TR/xhtml1/DTD/xhtml1-transitional.dtd">
<html xmlns="http://www.w3.org/1999/xhtml" xml:lang="en" lang="en">
 <head>
  <title>
</title>
<meta http-equiv="Content-Type" content="text/html;charset=utf-8" />
  <meta name='ocr-system' content='tesseract 3.04.00' />
  <meta name='ocr-capabilities' content='ocr_page ocr_carea ocr_par ocr_line ocrx_word'/>
</head>
<body>
  <div class='ocr_page' id='page_1' title='image "./thesaurusresolu00churgoog_0502.png"; bbox 0 0 4418 6330; ppageno 0'>
   <div class='ocr_carea' id='block_1_1' title="bbox 641 385 1687 505">
    <p class='ocr_par' dir='ltr' id='par_1_1' title="bbox 641 385 1687 505">
     <span class='ocr_line' id='line_1_1' title="bbox 641 385 1687 505; baseline 0.002 -33"><span class='ocrx_word' id='word_1_1' title='bbox 641 387 724 475; x_wconf 72' lang='lat' dir='ltr'>aa</span> <span class='ocrx_word' id='word_1_2' title='bbox 754 389 816 476; x_wconf 80' lang='lat' dir='ltr'>ao</span> <span class='ocrx_word' id='word_1_3' title='bbox 847 387 1095 505; x_wconf 64' lang='lat' dir='ltr'>septenas</span> <span class='ocrx_word' id='word_1_4' title='bbox 1127 385 1265 476; x_wconf 79' lang='lat' dir='ltr'>raro.</span> <span class='ocrx_word' id='word_1_5' title='bbox 1605 387 1687 474; x_wconf 79' lang='lat' dir='ltr'>aar</span> 
     </span>
    </p>
   </div>
   <div class='ocr_carea' id='block_1_2' title="bbox 207 507 1710 5643">
    <p class='ocr_par' dir='ltr' id='par_1_2' title="bbox 207 507 1710 2100">
     <span class='ocr_line' id='line_1_2' title="bbox 207 507 1700 629; baseline 0.001 -32"><span class='ocrx_word' id='word_1_6' title='bbox 207 539 353 628; x_wconf 91' lang='lat' dir='ltr'>poena</span> <span class='ocrx_word' id='word_1_7' title='bbox 372 507 582 600; x_wconf 86' lang='lat' dir='ltr'>adversus</span> <span class='ocrx_word' id='word_1_8' title='bbox 602 539 756 629; x_wconf 90' lang='lat' dir='ltr'>parere</span> <span class='ocrx_word' id='word_1_9' title='bbox 771 511 1078 600; x_wconf 71' lang='lat' dir='ltr'>detrectantes.</span> <span class='ocrx_word' id='word_1_10' title='bbox 1098 510 1226 598; x_wconf 89' lang='lat' dir='ltr'>Unde</span> <span class='ocrx_word' id='word_1_11' title='bbox 1246 511 1420 599; x_wconf 84' lang='lat' dir='ltr'>Praesul</span> <span class='ocrx_word' id='word_1_12' title='bbox 1436 509 1492 600; x_wconf 91' lang='lat' dir='ltr'>ad</span> <span class='ocrx_word' id='word_1_13' title='bbox 1511 540 1607 598; x_wconf 92' lang='lat' dir='ltr'>rem</span> <span class='ocrx_word' id='word_1_14' title='bbox 1625 509 1700 599; x_wconf 91' lang='lat' dir='ltr'>ad·</span> 
     </span>
     <span class='ocr_line' id='line_1_3' title="bbox 212 631 1708 750; baseline -0.001 -29"><span class='ocrx_word' id='word_1_15' title='bbox 212 631 335 721; x_wconf 92' lang='lat' dir='ltr'>ducit</span> <span class='ocrx_word' id='word_1_16' title='bbox 353 633 664 722; x_wconf 72' lang='lat' dir='ltr'>resolutionem</span> <span class='ocrx_word' id='word_1_17' title='bbox 686 635 731 722; x_wconf 86' lang='lat' dir='ltr'>S.</span> <span class='ocrx_word' id='word_1_18' title='bbox 753 635 807 721; x_wconf 90' lang='lat' dir='ltr'>V.</span> <span class='ocrx_word' id='word_1_19' title='bbox 828 637 884 722; x_wconf 90' lang='grc' dir='ltr'><strong>Ο.</strong></span> <span class='ocrx_word' id='word_1_20' title='bbox 905 634 949 722; x_wconf 91' lang='grc' dir='ltr'>ἰιι</span> <span class='ocrx_word' id='word_1_21' title='bbox 969 633 1207 724; x_wconf 81' lang='lat' dir='ltr'>Neritancn.</span> <span class='ocrx_word' id='word_1_22' title='bbox 1230 633 1258 720; x_wconf 88' lang='lat'><strong>3</strong></span> <span class='ocrx_word' id='word_1_23' title='bbox 1281 633 1382 720; x_wconf 89' lang='lat' dir='ltr'>Dec.</span> <span class='ocrx_word' id='word_1_24' title='bbox 1406 633 1526 722; x_wconf 72' lang='lat'>4757</span> <span class='ocrx_word' id='word_1_25' title='bbox 1544 633 1588 720; x_wconf 91' lang='lat' dir='ltr'>iu</span> <span class='ocrx_word' id='word_1_26' title='bbox 1611 637 1708 750; x_wconf 86' lang='lat' dir='ltr'>qua</span> 
     </span>
     <span class='ocr_line' id='line_1_4' title="bbox 214 754 1702 872; baseline -0.001 -31"><span class='ocrx_word' id='word_1_27' title='bbox 214 754 441 872; x_wconf 90' lang='lat' dir='ltr'>proposito</span> <span class='ocrx_word' id='word_1_28' title='bbox 464 755 602 843; x_wconf 91' lang='lat' dir='ltr'>dubio</span> <span class='ocrx_word' id='word_1_29' title='bbox 627 795 642 832; x_wconf 77' lang='grc' dir='ltr'>ι</span> <span class='ocrx_word' id='word_1_30' title='bbox 672 756 743 842; x_wconf 83' lang='grc' dir='ltr'>Αιι</span> <span class='ocrx_word' id='word_1_31' title='bbox 761 757 1013 844; x_wconf 86' lang='lat' dir='ltr'>sustineatur</span> <span class='ocrx_word' id='word_1_32' title='bbox 1043 755 1221 842; x_wconf 83' lang='lat' dir='ltr'>edictum</span> <span class='ocrx_word' id='word_1_33' title='bbox 1240 756 1285 841; x_wconf 92' lang='lat' dir='ltr'>in</span> <span class='ocrx_word' id='word_1_34' title='bbox 1300 785 1348 842; x_wconf 88' lang='lat' dir='ltr'>ca</span> <span class='ocrx_word' id='word_1_35' title='bbox 1378 772 1501 870; x_wconf 89' lang='lat' dir='ltr'>parte</span> <span class='ocrx_word' id='word_1_36' title='bbox 1522 779 1604 872; x_wconf 81' lang='lat' dir='ltr'>qua</span> <span class='ocrx_word' id='word_1_37' title='bbox 1624 755 1702 842; x_wconf 88' lang='lat' dir='ltr'>Sa-</span> 
     </span>
     <span class='ocr_line' id='line_1_5' title="bbox 217 875 1702 992; baseline -0.001 -28"><span class='ocrx_word' id='word_1_38' title='bbox 217 875 452 964; x_wconf 80' lang='lat' dir='ltr'>cerdotibus</span> <span class='ocrx_word' id='word_1_39' title='bbox 470 909 551 966; x_wconf 90' lang='lat' dir='ltr'>non</span> <span class='ocrx_word' id='word_1_40' title='bbox 568 875 808 965; x_wconf 85' lang='lat' dir='ltr'>habentibus</span> <span class='ocrx_word' id='word_1_41' title='bbox 823 911 966 967; x_wconf 90' lang='lat' dir='ltr'>curam</span> <span class='ocrx_word' id='word_1_42' title='bbox 983 880 1220 966; x_wconf 89' lang='lat' dir='ltr'>animarum</span> <span class='ocrx_word' id='word_1_43' title='bbox 1242 877 1474 992; x_wconf 76' lang='lat' dir='ltr'>imponitur</span> <span class='ocrx_word' id='word_1_44' title='bbox 1503 907 1604 964; x_wconf 84' lang='lat' dir='ltr'>onas</span> <span class='ocrx_word' id='word_1_45' title='bbox 1626 876 1702 964; x_wconf 86' lang='lat' dir='ltr'>do·</span> 
     </span>
     <span class='ocr_line' id='line_1_6' title="bbox 216 997 1710 1116; baseline 0 -29"><span class='ocrx_word' id='word_1_46' title='bbox 216 997 338 1087; x_wconf 85' lang='lat' dir='ltr'>cendi</span> <span class='ocrx_word' id='word_1_47' title='bbox 355 997 590 1087; x_wconf 82' lang='lat' dir='ltr'>doctrinam</span> <span class='ocrx_word' id='word_1_48' title='bbox 612 1000 883 1087; x_wconf 80' lang='lat' dir='ltr'>christianam</span> <span class='ocrx_word' id='word_1_49' title='bbox 901 1001 973 1088; x_wconf 87' lang='lat' dir='ltr'>sub</span> <span class='ocrx_word' id='word_1_50' title='bbox 987 1032 1121 1116; x_wconf 87' lang='lat' dir='ltr'>poena</span> <span class='ocrx_word' id='word_1_51' title='bbox 1137 1001 1416 1114; x_wconf 75' lang='lat' dir='ltr'>suspensionis</span> <span class='ocrx_word' id='word_1_52' title='bbox 1436 1001 1481 1085; x_wconf 87' lang='lat' dir='ltr'>in</span> <span class='ocrx_word' id='word_1_53' title='bbox 1497 1031 1593 1086; x_wconf 83' lang='lat' dir='ltr'>casa</span> <span class='ocrx_word' id='word_1_54' title='bbox 1610 1029 1710 1087; x_wconf 88' lang='lat' dir='ltr'>-re·</span> 
     </span>
     <span class='ocr_line' id='line_1_7' title="bbox 212 1119 1702 1245; baseline -0.001 -35"><span class='ocrx_word' id='word_1_55' title='bbox 212 1119 392 1239; x_wconf 87' lang='lat' dir='ltr'>spondit</span> <span class='ocrx_word' id='word_1_56' title='bbox 422 1169 452 1188; x_wconf 88' lang='lat'><em>-</em></span> <span class='ocrx_word' id='word_1_57' title='bbox 483 1121 752 1245; x_wconf 79' lang='lat' dir='ltr'>Affirmotice</span> <span class='ocrx_word' id='word_1_58' title='bbox 773 1125 895 1212; x_wconf 79' lang='lat' dir='ltr'>iacta</span> <span class='ocrx_word' id='word_1_59' title='bbox 917 1123 1083 1210; x_wconf 80' lang='lat' dir='ltr'>rnodrrm</span> <span class='ocrx_word' id='word_1_60' title='bbox 1106 1121 1402 1238; x_wconf 74' lang='lat' dir='ltr'>applicandam</span> <span class='ocrx_word' id='word_1_61' title='bbox 1427 1121 1637 1237; x_wconf 75' lang='lat' dir='ltr'>Episcopo</span> <span class='ocrx_word' id='word_1_62' title='bbox 1661 1163 1702 1208; x_wconf 76' lang='grc' dir='ltr'>ι.</span> 
     </span>
     <span class='ocr_line' id='line_1_8' title="bbox 213 1243 1707 1368; baseline -0.001 -37"><span class='ocrx_word' id='word_1_63' title='bbox 213 1243 374 1356; x_wconf 83' lang='lat' dir='ltr'>Quoad</span> <span class='ocrx_word' id='word_1_64' title='bbox 403 1257 575 1362; x_wconf 90' lang='lat' dir='ltr'>tempus</span> <span class='ocrx_word' id='word_1_65' title='bbox 607 1261 772 1348; x_wconf 87' lang='lat' dir='ltr'>autern,</span> <span class='ocrx_word' id='word_1_66' title='bbox 799 1277 888 1368; x_wconf 88' lang='lat' dir='ltr'>quo</span> <span class='ocrx_word' id='word_1_67' title='bbox 920 1247 1111 1366; x_wconf 88' lang='lat' dir='ltr'>populus</span> <span class='ocrx_word' id='word_1_68' title='bbox 1144 1245 1389 1332; x_wconf 84' lang='lat' dir='ltr'>doctrinam</span> <span class='ocrx_word' id='word_1_69' title='bbox 1419 1243 1707 1331; x_wconf 76' lang='lat' dir='ltr'>christianam</span> 
     </span>
     <span class='ocr_line' id='line_1_9' title="bbox 213 1364 1706 1484; baseline -0.001 -30"><span class='ocrx_word' id='word_1_70' title='bbox 213 1364 437 1454; x_wconf 88' lang='lat' dir='ltr'>docendus</span> <span class='ocrx_word' id='word_1_71' title='bbox 470 1384 550 1471; x_wconf 89' lang='lat' dir='ltr'>est,</span> <span class='ocrx_word' id='word_1_72' title='bbox 580 1397 680 1455; x_wconf 91' lang='lat' dir='ltr'>cum</span> <span class='ocrx_word' id='word_1_73' title='bbox 714 1385 832 1456; x_wconf 89' lang='lat' dir='ltr'>certa</span> <span class='ocrx_word' id='word_1_74' title='bbox 884 1385 929 1456; x_wconf 92' lang='lat' dir='ltr'>et</span> <span class='ocrx_word' id='word_1_75' title='bbox 976 1367 1224 1457; x_wconf 90' lang='lat' dir='ltr'>communis</span> <span class='ocrx_word' id='word_1_76' title='bbox 1270 1367 1418 1484; x_wconf 81' lang='lat' dir='ltr'>regula</span> <span class='ocrx_word' id='word_1_77' title='bbox 1461 1365 1706 1484; x_wconf 86' lang='lat' dir='ltr'>praescribi</span> 
     </span>
     <span class='ocr_line' id='line_1_10' title="bbox 214 1487 1706 1610; baseline -0.001 -34"><span class='ocrx_word' id='word_1_78' title='bbox 214 1517 302 1576; x_wconf 92' lang='lat' dir='ltr'>nou</span> <span class='ocrx_word' id='word_1_79' title='bbox 335 1490 485 1605; x_wconf 87' lang='lat' dir='ltr'>possit,</span> <span class='ocrx_word' id='word_1_80' title='bbox 524 1490 568 1577; x_wconf 93' lang='lat' dir='ltr'>id</span> <span class='ocrx_word' id='word_1_81' title='bbox 607 1503 744 1577; x_wconf 87' lang='lat' dir='ltr'>totum</span> <span class='ocrx_word' id='word_1_82' title='bbox 791 1491 1053 1610; x_wconf 83' lang='lat' dir='ltr'>relinquitur</span> <span class='ocrx_word' id='word_1_83' title='bbox 1083 1488 1346 1607; x_wconf 88' lang='lat' dir='ltr'>prudentiae</span> <span class='ocrx_word' id='word_1_84' title='bbox 1382 1488 1524 1605; x_wconf 81' lang='lat' dir='ltr'>vigilis</span> <span class='ocrx_word' id='word_1_85' title='bbox 1557 1487 1706 1574; x_wconf 84' lang='lat' dir='ltr'>Eccle-</span> 
     </span>
     <span class='ocr_line' id='line_1_11' title="bbox 212 1609 1700 1730; baseline 0 -32"><span class='ocrx_word' id='word_1_86' title='bbox 212 1611 301 1698; x_wconf 88' lang='lat' dir='ltr'>siae</span> <span class='ocrx_word' id='word_1_87' title='bbox 319 1609 553 1716; x_wconf 73' lang='lat' dir='ltr'>Antistius,</span> <span class='ocrx_word' id='word_1_88' title='bbox 590 1613 669 1730; x_wconf 91' lang='lat' dir='ltr'>qui</span> <span class='ocrx_word' id='word_1_89' title='bbox 693 1611 856 1702; x_wconf 83' lang='lat' dir='ltr'>attenta</span> <span class='ocrx_word' id='word_1_90' title='bbox 879 1613 976 1710; x_wconf 88' lang='lat' dir='ltr'>loci,</span> <span class='ocrx_word' id='word_1_91' title='bbox 1007 1611 1231 1730; x_wconf 86' lang='lat' dir='ltr'>temporis,</span> <span class='ocrx_word' id='word_1_92' title='bbox 1259 1641 1549 1730; x_wconf 90' lang='lat' dir='ltr'>personarum</span> <span class='ocrx_word' id='word_1_93' title='bbox 1594 1639 1700 1728; x_wconf 91' lang='lat' dir='ltr'>qua·</span> 
     </span>
     <span class='ocr_line' id='line_1_12' title="bbox 214 1731 1700 1852; baseline 0.002 -35"><span class='ocrx_word' id='word_1_94' title='bbox 214 1732 353 1833; x_wconf 87' lang='lat' dir='ltr'>litate,</span> <span class='ocrx_word' id='word_1_95' title='bbox 391 1733 682 1852; x_wconf 86' lang='lat' dir='ltr'>expensisque</span> <span class='ocrx_word' id='word_1_96' title='bbox 713 1765 863 1822; x_wconf 90' lang='lat' dir='ltr'>rerum</span> <span class='ocrx_word' id='word_1_97' title='bbox 898 1736 1096 1823; x_wconf 90' lang='lat' dir='ltr'>omnium</span> <span class='ocrx_word' id='word_1_98' title='bbox 1133 1735 1381 1837; x_wconf 91' lang='lat' dir='ltr'>momentis,</span> <span class='ocrx_word' id='word_1_99' title='bbox 1420 1733 1463 1820; x_wconf 96' lang='lat' dir='ltr'>id</span> <span class='ocrx_word' id='word_1_100' title='bbox 1487 1731 1700 1820; x_wconf 89' lang='lat' dir='ltr'>decerne·</span> 
     </span>
     <span class='ocr_line' id='line_1_13' title="bbox 212 1854 1695 1975; baseline 0.001 -35"><span class='ocrx_word' id='word_1_101' title='bbox 212 1883 264 1942; x_wconf 90' lang='lat' dir='ltr'>re</span> <span class='ocrx_word' id='word_1_102' title='bbox 300 1869 457 1968; x_wconf 90' lang='lat' dir='ltr'>potest,</span> <span class='ocrx_word' id='word_1_103' title='bbox 484 1856 603 1975; x_wconf 90' lang='lat' dir='ltr'>quod</span> <span class='ocrx_word' id='word_1_104' title='bbox 627 1859 764 1974; x_wconf 77' lang='lat' dir='ltr'>magis</span> <span class='ocrx_word' id='word_1_105' title='bbox 789 1875 1086 1974; x_wconf 88' lang='lat' dir='ltr'>opportunum</span> <span class='ocrx_word' id='word_1_106' title='bbox 1113 1859 1155 1944; x_wconf 93' lang='lat' dir='ltr'>in</span> <span class='ocrx_word' id='word_1_107' title='bbox 1190 1856 1382 1944; x_wconf 88' lang='lat' dir='ltr'>Domino</span> <span class='ocrx_word' id='word_1_108' title='bbox 1417 1854 1695 1942; x_wconf 87' lang='lat' dir='ltr'>iudicaverit:</span> 
     </span>
     <span class='ocr_line' id='line_1_14' title="bbox 212 1974 1077 2100; baseline 0.007 -38"><span class='ocrx_word' id='word_1_109' title='bbox 212 1977 286 2064; x_wconf 89' lang='lat' dir='ltr'>cit.</span> <span class='ocrx_word' id='word_1_110' title='bbox 313 1974 492 2066; x_wconf 81' lang='lat' dir='ltr'>Constit.</span> <span class='ocrx_word' id='word_1_111' title='bbox 525 1978 746 2069; x_wconf 87' lang='lat' dir='ltr'>Benedicti</span> <span class='ocrx_word' id='word_1_112' title='bbox 780 1981 896 2067; x_wconf 85' lang='lat' dir='ltr'>XIV</span> <span class='ocrx_word' id='word_1_113' title='bbox 926 1979 971 2100; x_wconf 71' lang='lat' dir='ltr'>S.</span> <span class='ocrx_word' id='word_1_114' title='bbox 1001 1981 1077 2068; x_wconf 75' lang='lat'>45.</span> 
     </span>
    </p>

    <p class='ocr_par' dir='ltr' id='par_1_3' title="bbox 211 2096 1706 4269">
     <span class='ocr_line' id='line_1_15' title="bbox 342 2096 1701 2218; baseline 0 -33"><span class='ocrx_word' id='word_1_115' title='bbox 342 2099 466 2189; x_wconf 89' lang='lat' dir='ltr'>Hisce</span> <span class='ocrx_word' id='word_1_116' title='bbox 485 2101 527 2188; x_wconf 92' lang='lat' dir='ltr'>in</span> <span class='ocrx_word' id='word_1_117' title='bbox 556 2101 649 2189; x_wconf 89' lang='lat' dir='ltr'>iure</span> <span class='ocrx_word' id='word_1_118' title='bbox 680 2102 946 2218; x_wconf 88' lang='lat' dir='ltr'>praemissis,</span> <span class='ocrx_word' id='word_1_119' title='bbox 977 2099 1333 2192; x_wconf 89' lang='lat' dir='ltr'>concludendum</span> <span class='ocrx_word' id='word_1_120' title='bbox 1359 2098 1535 2185; x_wconf 91' lang='lat' dir='ltr'>videtur</span> <span class='ocrx_word' id='word_1_121' title='bbox 1569 2097 1613 2184; x_wconf 94' lang='lat' dir='ltr'>in</span> <span class='ocrx_word' id='word_1_122' title='bbox 1637 2096 1701 2200; x_wconf 63' lang='grc' dir='ltr'>[ις</span> 
     </span>
     <span class='ocr_line' id='line_1_16' title="bbox 212 2220 1697 2341; baseline -0.003 -31"><span class='ocrx_word' id='word_1_123' title='bbox 212 2240 281 2311; x_wconf 88' lang='lat' dir='ltr'>cto</span> <span class='ocrx_word' id='word_1_124' title='bbox 315 2220 434 2310; x_wconf 88' lang='lat' dir='ltr'>edita</span> <span class='ocrx_word' id='word_1_125' title='bbox 469 2226 526 2311; x_wconf 90' lang='lat' dir='ltr'>ab</span> <span class='ocrx_word' id='word_1_126' title='bbox 560 2223 776 2341; x_wconf 85' lang='lat' dir='ltr'>Episcopo</span> <span class='ocrx_word' id='word_1_127' title='bbox 810 2226 984 2314; x_wconf 88' lang='lat' dir='ltr'>decreta</span> <span class='ocrx_word' id='word_1_128' title='bbox 1017 2223 1251 2312; x_wconf 89' lang='lat' dir='ltr'>abnormia</span> <span class='ocrx_word' id='word_1_129' title='bbox 1287 2255 1311 2308; x_wconf 91' lang='lat' dir='ltr'>a</span> <span class='ocrx_word' id='word_1_130' title='bbox 1345 2221 1442 2308; x_wconf 93' lang='lat' dir='ltr'>iure</span> <span class='ocrx_word' id='word_1_131' title='bbox 1466 2250 1551 2306; x_wconf 92' lang='lat' dir='ltr'>nou</span> <span class='ocrx_word' id='word_1_132' title='bbox 1587 2221 1697 2323; x_wconf 85' lang='lat' dir='ltr'>esse,</span> 
     </span>
     <span class='ocr_line' id='line_1_17' title="bbox 211 2341 1702 2464; baseline -0.003 -32"><span class='ocrx_word' id='word_1_133' title='bbox 211 2345 448 2463; x_wconf 85' lang='lat' dir='ltr'>Episcopus</span> <span class='ocrx_word' id='word_1_134' title='bbox 481 2346 599 2434; x_wconf 88' lang='lat' dir='ltr'>enim</span> <span class='ocrx_word' id='word_1_135' title='bbox 624 2361 806 2434; x_wconf 92' lang='lat' dir='ltr'>testatur</span> <span class='ocrx_word' id='word_1_136' title='bbox 822 2379 868 2437; x_wconf 89' lang='lat' dir='ltr'>se</span> <span class='ocrx_word' id='word_1_137' title='bbox 892 2347 948 2435; x_wconf 90' lang='lat' dir='ltr'>ad</span> <span class='ocrx_word' id='word_1_138' title='bbox 975 2348 1133 2435; x_wconf 90' lang='lat' dir='ltr'>eadem</span> <span class='ocrx_word' id='word_1_139' title='bbox 1158 2341 1483 2464; x_wconf 76' lang='lat' dir='ltr'>promulganda</span> <span class='ocrx_word' id='word_1_140' title='bbox 1499 2341 1702 2429; x_wconf 91' lang='lat' dir='ltr'>adactum</span> 
     </span>
     <span class='ocr_line' id='line_1_18' title="bbox 212 2463 1706 2588; baseline -0.003 -33"><span class='ocrx_word' id='word_1_141' title='bbox 212 2467 345 2555; x_wconf 89' lang='lat' dir='ltr'>luisse</span> <span class='ocrx_word' id='word_1_142' title='bbox 378 2497 432 2555; x_wconf 88' lang='lat' dir='ltr'>ex</span> <span class='ocrx_word' id='word_1_143' title='bbox 469 2499 611 2558; x_wconf 89' lang='lat' dir='ltr'>crassa</span> <span class='ocrx_word' id='word_1_144' title='bbox 646 2469 796 2586; x_wconf 92' lang='lat' dir='ltr'>populi</span> <span class='ocrx_word' id='word_1_145' title='bbox 817 2487 861 2559; x_wconf 93' lang='lat' dir='ltr'>et</span> <span class='ocrx_word' id='word_1_146' title='bbox 895 2469 1154 2588; x_wconf 90' lang='lat' dir='ltr'>praesertim</span> <span class='ocrx_word' id='word_1_147' title='bbox 1188 2467 1475 2554; x_wconf 83' lang='lat' dir='ltr'>ruricolarum</span> <span class='ocrx_word' id='word_1_148' title='bbox 1499 2463 1706 2581; x_wconf 76' lang='lat' dir='ltr'>ignoran-</span> 
     </span>
     <span class='ocr_line' id='line_1_19' title="bbox 214 2585 1704 2708; baseline -0.003 -31"><span class='ocrx_word' id='word_1_149' title='bbox 214 2591 294 2677; x_wconf 92' lang='lat' dir='ltr'>tia.</span> <span class='ocrx_word' id='word_1_150' title='bbox 333 2590 554 2680; x_wconf 83' lang='lat' dir='ltr'>hudiatur</span> <span class='ocrx_word' id='word_1_151' title='bbox 586 2621 706 2682; x_wconf 85' lang='lat' dir='ltr'>sace:</span> <span class='ocrx_word' id='word_1_152' title='bbox 748 2633 764 2670; x_wconf 76' lang='grc' dir='ltr'>ι</span> <span class='ocrx_word' id='word_1_153' title='bbox 805 2595 839 2682; x_wconf 94' lang='lat' dir='ltr'>ll</span> <span class='ocrx_word' id='word_1_154' title='bbox 873 2593 1059 2706; x_wconf 74' lang='lat' dir='ltr'>bisogno</span> <span class='ocrx_word' id='word_1_155' title='bbox 1081 2587 1373 2708; x_wconf 76' lang='lat' dir='ltr'>grandissima</span> <span class='ocrx_word' id='word_1_156' title='bbox 1407 2585 1486 2673; x_wconf 86' lang='lat' dir='ltr'>che</span> <span class='ocrx_word' id='word_1_157' title='bbox 1509 2589 1543 2672; x_wconf 90' lang='lat' dir='ltr'>si</span> <span class='ocrx_word' id='word_1_158' title='bbox 1577 2601 1704 2673; x_wconf 91' lang='lat' dir='ltr'>sente</span> 
     </span>
     <span class='ocr_line' id='line_1_20' title="bbox 222 2707 1701 2834; baseline -0.002 -36"><span class='ocrx_word' id='word_1_159' title='bbox 222 2753 238 2790; x_wconf 76' lang='grc' dir='ltr'>ι</span> <span class='ocrx_word' id='word_1_160' title='bbox 279 2713 322 2798; x_wconf 89' lang='lat' dir='ltr'>in</span> <span class='ocrx_word' id='word_1_161' title='bbox 352 2715 491 2834; x_wconf 90' lang='lat' dir='ltr'>questi</span> <span class='ocrx_word' id='word_1_162' title='bbox 529 2715 675 2832; x_wconf 75' lang='lat' dir='ltr'>luogbi</span> <span class='ocrx_word' id='word_1_163' title='bbox 714 2714 936 2804; x_wconf 91' lang='lat' dir='ltr'>d’istruire</span> <span class='ocrx_word' id='word_1_164' title='bbox 971 2717 983 2802; x_wconf 95' lang='lat' dir='ltr'>i</span> <span class='ocrx_word' id='word_1_165' title='bbox 1020 2713 1149 2802; x_wconf 90' lang='lat' dir='ltr'>ledeli</span> <span class='ocrx_word' id='word_1_166' title='bbox 1195 2710 1309 2798; x_wconf 85' lang='lat' dir='ltr'>nollo</span> <span class='ocrx_word' id='word_1_167' title='bbox 1341 2737 1439 2798; x_wconf 89' lang='lat' dir='ltr'>cose</span> <span class='ocrx_word' id='word_1_168' title='bbox 1472 2707 1517 2795; x_wconf 92' lang='lat' dir='ltr'>di</span> <span class='ocrx_word' id='word_1_169' title='bbox 1551 2722 1701 2795; x_wconf 90' lang='lat' dir='ltr'>nostra</span> 
     </span>
     <span class='ocr_line' id='line_1_21' title="bbox 219 2829 1702 2954; baseline -0.009 -27"><span class='ocrx_word' id='word_1_170' title='bbox 219 2875 235 2912; x_wconf 75' lang='grc' dir='ltr'>ι</span> <span class='ocrx_word' id='word_1_171' title='bbox 276 2837 321 2926; x_wconf 90' lang='lat' dir='ltr'>S.</span> <span class='ocrx_word' id='word_1_172' title='bbox 360 2836 604 2954; x_wconf 78' lang='lat' dir='ltr'>Religione,</span> <span class='ocrx_word' id='word_1_173' title='bbox 642 2837 779 2924; x_wconf 87' lang='lat' dir='ltr'>anche</span> <span class='ocrx_word' id='word_1_174' title='bbox 809 2837 926 2927; x_wconf 89' lang='lat' dir='ltr'>delle</span> <span class='ocrx_word' id='word_1_175' title='bbox 956 2836 1033 2954; x_wconf 75' lang='lat' dir='ltr'>piis</span> <span class='ocrx_word' id='word_1_176' title='bbox 1057 2833 1296 2923; x_wconf 88' lang='lat' dir='ltr'>necessarie</span> <span class='ocrx_word' id='word_1_177' title='bbox 1318 2861 1398 2950; x_wconf 92' lang='lat' dir='ltr'>per</span> <span class='ocrx_word' id='word_1_178' title='bbox 1420 2830 1582 2946; x_wconf 89' lang='lat' dir='ltr'>potersi</span> <span class='ocrx_word' id='word_1_179' title='bbox 1617 2829 1702 2916; x_wconf 87' lang='lat' dir='ltr'>sal-</span> 
     </span>
     <span class='ocr_line' id='line_1_22' title="bbox 219 2950 1706 3076; baseline -0.004 -35"><span class='ocrx_word' id='word_1_180' title='bbox 219 2997 237 3035; x_wconf 76' lang='lat'><strong>·</strong></span> <span class='ocrx_word' id='word_1_181' title='bbox 280 2987 412 3062; x_wconf 87' lang='lat' dir='ltr'>rare,</span> <span class='ocrx_word' id='word_1_182' title='bbox 449 2959 567 3050; x_wconf 88' lang='lat' dir='ltr'>delle</span> <span class='ocrx_word' id='word_1_183' title='bbox 601 2960 718 3076; x_wconf 89' lang='lat' dir='ltr'>quali</span> <span class='ocrx_word' id='word_1_184' title='bbox 753 2989 862 3048; x_wconf 88' lang='lat' dir='ltr'>sono</span> <span class='ocrx_word' id='word_1_185' title='bbox 894 2957 1128 3076; x_wconf 73' lang='lat' dir='ltr'>ignoranti,</span> <span class='ocrx_word' id='word_1_186' title='bbox 1162 2955 1223 3042; x_wconf 93' lang='lat' dir='ltr'>mi</span> <span class='ocrx_word' id='word_1_187' title='bbox 1256 2950 1505 3043; x_wconf 64' lang='lat' dir='ltr'>determina]</span> <span class='ocrx_word' id='word_1_188' title='bbox 1538 2982 1562 3036; x_wconf 92' lang='lat' dir='ltr'>a</span> <span class='ocrx_word' id='word_1_189' title='bbox 1598 2981 1706 3068; x_wconf 93' lang='lat' dir='ltr'>pre-</span> 
     </span>
     <span class='ocr_line' id='line_1_23' title="bbox 216 3073 1704 3198; baseline -0.005 -31"><span class='ocrx_word' id='word_1_190' title='bbox 216 3118 232 3155; x_wconf 80' lang='lat'><strong>·</strong></span> <span class='ocrx_word' id='word_1_191' title='bbox 275 3079 467 3167; x_wconf 88' lang='lat' dir='ltr'>scrivere</span> <span class='ocrx_word' id='word_1_192' title='bbox 505 3081 583 3168; x_wconf 90' lang='lat' dir='ltr'>che</span> <span class='ocrx_word' id='word_1_193' title='bbox 618 3081 688 3169; x_wconf 92' lang='lat' dir='ltr'>nei</span> <span class='ocrx_word' id='word_1_194' title='bbox 723 3080 769 3168; x_wconf 88' lang='lat' dir='ltr'>di</span> <span class='ocrx_word' id='word_1_195' title='bbox 808 3081 951 3172; x_wconf 80' lang='lat' dir='ltr'>[estivi</span> <span class='ocrx_word' id='word_1_196' title='bbox 986 3080 1031 3168; x_wconf 95' lang='lat' dir='ltr'>di</span> <span class='ocrx_word' id='word_1_197' title='bbox 1066 3092 1291 3198; x_wconf 91' lang='lat' dir='ltr'>precetto,</span> <span class='ocrx_word' id='word_1_198' title='bbox 1333 3075 1452 3187; x_wconf 86' lang='lat' dir='ltr'>dopo</span> <span class='ocrx_word' id='word_1_199' title='bbox 1495 3073 1523 3160; x_wconf 91' lang='lat' dir='ltr'>il</span> <span class='ocrx_word' id='word_1_200' title='bbox 1559 3075 1704 3190; x_wconf 89' lang='lat' dir='ltr'>primo</span> 
     </span>
     <span class='ocr_line' id='line_1_24' title="bbox 217 3195 1700 3320; baseline -0.006 -32"><span class='ocrx_word' id='word_1_201' title='bbox 217 3241 232 3276; x_wconf 76' lang='grc' dir='ltr'>ι</span> <span class='ocrx_word' id='word_1_202' title='bbox 275 3204 469 3318; x_wconf 78' lang='lat' dir='ltr'>Vangelo</span> <span class='ocrx_word' id='word_1_203' title='bbox 503 3201 624 3299; x_wconf 76' lang='lat' dir='ltr'>della,</span> <span class='ocrx_word' id='word_1_204' title='bbox 653 3207 807 3305; x_wconf 85' lang='lat' dir='ltr'>Messa,</span> <span class='ocrx_word' id='word_1_205' title='bbox 844 3205 878 3292; x_wconf 91' lang='lat' dir='ltr'>si</span> <span class='ocrx_word' id='word_1_206' title='bbox 919 3204 1162 3320; x_wconf 77' lang='lat' dir='ltr'>leggessero</span> <span class='ocrx_word' id='word_1_207' title='bbox 1196 3199 1235 3287; x_wconf 91' lang='lat' dir='ltr'>al</span> <span class='ocrx_word' id='word_1_208' title='bbox 1273 3197 1432 3315; x_wconf 91' lang='lat' dir='ltr'>popolo</span> <span class='ocrx_word' id='word_1_209' title='bbox 1469 3195 1481 3281; x_wconf 92' lang='lat' dir='ltr'>i</span> <span class='ocrx_word' id='word_1_210' title='bbox 1520 3207 1586 3281; x_wconf 92' lang='lat' dir='ltr'>tre</span> <span class='ocrx_word' id='word_1_211' title='bbox 1622 3224 1700 3311; x_wconf 90' lang='lat' dir='ltr'>pa·</span> 
     </span>
     <span class='ocr_line' id='line_1_25' title="bbox 216 3317 1697 3440; baseline -0.004 -32"><span class='ocrx_word' id='word_1_212' title='bbox 216 3363 234 3399; x_wconf 67' lang='lat' dir='ltr'>a</span> <span class='ocrx_word' id='word_1_213' title='bbox 274 3321 430 3440; x_wconf 78' lang='lat' dir='ltr'>ragrafi</span> <span class='ocrx_word' id='word_1_214' title='bbox 474 3321 591 3416; x_wconf 90' lang='lat' dir='ltr'>della</span> <span class='ocrx_word' id='word_1_215' title='bbox 627 3325 827 3415; x_wconf 84' lang='lat' dir='ltr'>Dottrina</span> <span class='ocrx_word' id='word_1_216' title='bbox 874 3325 1089 3417; x_wconf 85' lang='lat' dir='ltr'>Gristiana</span> <span class='ocrx_word' id='word_1_217' title='bbox 1136 3321 1182 3411; x_wconf 93' lang='lat' dir='ltr'>di</span> <span class='ocrx_word' id='word_1_218' title='bbox 1229 3319 1414 3436; x_wconf 79' lang='lat' dir='ltr'>lllousig.</span> <span class='ocrx_word' id='word_1_219' title='bbox 1455 3317 1602 3405; x_wconf 83' lang='lat' dir='ltr'>Rosiui</span> <span class='ocrx_word' id='word_1_220' title='bbox 1633 3384 1643 3417; x_wconf 84' lang='lat'>,</span> <span class='ocrx_word' id='word_1_221' title='bbox 1680 3369 1697 3386; x_wconf 90' lang='lat'>-</span> 
     </span>
     <span class='ocr_line' id='line_1_26' title="bbox 215 3435 1703 3567; baseline -0.005 -37"><span class='ocrx_word' id='word_1_222' title='bbox 215 3443 248 3522; x_wconf 75' lang='grc' dir='ltr'>ι’</span> <span class='ocrx_word' id='word_1_223' title='bbox 272 3445 390 3562; x_wconf 90' lang='lat' dir='ltr'>quali</span> <span class='ocrx_word' id='word_1_224' title='bbox 413 3463 704 3563; x_wconf 80' lang='lat' dir='ltr'>couteugouo:</span> <span class='ocrx_word' id='word_1_225' title='bbox 741 3448 787 3535; x_wconf 88' lang='lat' dir='ltr'>l⁰</span> <span class='ocrx_word' id='word_1_226' title='bbox 810 3448 957 3567; x_wconf 90' lang='lat' dir='ltr'>quello</span> <span class='ocrx_word' id='word_1_227' title='bbox 990 3449 1070 3536; x_wconf 87' lang='lat' dir='ltr'>che</span> <span class='ocrx_word' id='word_1_228' title='bbox 1103 3445 1215 3532; x_wconf 87' lang='lat' dir='ltr'>devo</span> <span class='ocrx_word' id='word_1_229' title='bbox 1247 3437 1488 3530; x_wconf 90' lang='lat' dir='ltr'>conoscersi</span> <span class='ocrx_word' id='word_1_230' title='bbox 1511 3435 1585 3526; x_wconf 92' lang='lat' dir='ltr'>dai</span> <span class='ocrx_word' id='word_1_231' title='bbox 1610 3435 1703 3527; x_wconf 86' lang='lat' dir='ltr'>Gri-</span> 
     </span>
     <span class='ocr_line' id='line_1_27' title="bbox 217 3557 1703 3685; baseline -0.005 -32"><span class='ocrx_word' id='word_1_232' title='bbox 217 3608 233 3642; x_wconf 69' lang='lat' dir='ltr'>c</span> <span class='ocrx_word' id='word_1_233' title='bbox 271 3567 398 3654; x_wconf 87' lang='lat' dir='ltr'>stiani</span> <span class='ocrx_word' id='word_1_234' title='bbox 437 3597 516 3685; x_wconf 90' lang='lat' dir='ltr'>per</span> <span class='ocrx_word' id='word_1_235' title='bbox 549 3570 758 3664; x_wconf 72' lang='lat' dir='ltr'>necessita</span> <span class='ocrx_word' id='word_1_236' title='bbox 800 3572 846 3660; x_wconf 91' lang='lat' dir='ltr'>di</span> <span class='ocrx_word' id='word_1_237' title='bbox 892 3601 1034 3658; x_wconf 83' lang='lat' dir='ltr'>mezzo</span> <span class='ocrx_word' id='word_1_238' title='bbox 1068 3567 1152 3656; x_wconf 91' lang='lat' dir='ltr'>alla</span> <span class='ocrx_word' id='word_1_239' title='bbox 1185 3565 1350 3668; x_wconf 90' lang='lat' dir='ltr'>salote;</span> <span class='ocrx_word' id='word_1_240' title='bbox 1388 3561 1440 3650; x_wconf 76' lang='lat'>2⁰</span> <span class='ocrx_word' id='word_1_241' title='bbox 1473 3559 1622 3678; x_wconf 84' lang='lat' dir='ltr'>quello</span> <span class='ocrx_word' id='word_1_242' title='bbox 1656 3557 1703 3648; x_wconf 94' lang='lat' dir='ltr'>di</span> 
     </span>
     <span class='ocr_line' id='line_1_28' title="bbox 217 3685 1698 3810; baseline -0.005 -35"><span class='ocrx_word' id='word_1_243' title='bbox 217 3731 233 3766; x_wconf 71' lang='lat' dir='ltr'>c</span> <span class='ocrx_word' id='word_1_244' title='bbox 276 3707 500 3808; x_wconf 83' lang='lat' dir='ltr'>precett03</span> <span class='ocrx_word' id='word_1_245' title='bbox 539 3692 585 3778; x_wconf 89' lang='lat'>3⁰</span> <span class='ocrx_word' id='word_1_246' title='bbox 615 3692 671 3810; x_wconf 82' lang='lat' dir='ltr'>gli</span> <span class='ocrx_word' id='word_1_247' title='bbox 711 3694 789 3781; x_wconf 87' lang='lat' dir='ltr'>atti</span> <span class='ocrx_word' id='word_1_248' title='bbox 825 3691 1033 3784; x_wconf 86' lang='lat' dir='ltr'>cristiani.</span> <span class='ocrx_word' id='word_1_249' title='bbox 1080 3690 1114 3777; x_wconf 96' lang='lat' dir='ltr'>ll</span> <span class='ocrx_word' id='word_1_250' title='bbox 1158 3708 1306 3804; x_wconf 89' lang='lat' dir='ltr'>tempo</span> <span class='ocrx_word' id='word_1_251' title='bbox 1340 3685 1418 3773; x_wconf 87' lang='lat' dir='ltr'>che</span> <span class='ocrx_word' id='word_1_252' title='bbox 1452 3685 1485 3769; x_wconf 89' lang='lat' dir='ltr'>si</span> <span class='ocrx_word' id='word_1_253' title='bbox 1531 3711 1698 3798; x_wconf 88' lang='lat' dir='ltr'>occupa</span> 
     </span>
     <span class='ocr_line' id='line_1_29' title="bbox 215 3803 1695 3934; baseline -0.007 -36"><span class='ocrx_word' id='word_1_254' title='bbox 215 3851 232 3888; x_wconf 74' lang='grc' dir='ltr'>ι</span> <span class='ocrx_word' id='word_1_255' title='bbox 274 3843 353 3929; x_wconf 91' lang='lat' dir='ltr'>per</span> <span class='ocrx_word' id='word_1_256' title='bbox 386 3814 558 3932; x_wconf 77' lang='lat' dir='ltr'>leggere</span> <span class='ocrx_word' id='word_1_257' title='bbox 594 3813 604 3899; x_wconf 96' lang='lat' dir='ltr'>i</span> <span class='ocrx_word' id='word_1_258' title='bbox 637 3815 829 3904; x_wconf 87' lang='lat' dir='ltr'>suddetti</span> <span class='ocrx_word' id='word_1_259' title='bbox 878 3811 1127 3934; x_wconf 77' lang='lat' dir='ltr'>paragrafi,</span> <span class='ocrx_word' id='word_1_260' title='bbox 1169 3807 1349 3929; x_wconf 93' lang='lat' dir='ltr'>quaudo</span> <span class='ocrx_word' id='word_1_261' title='bbox 1385 3807 1426 3894; x_wconf 96' lang='lat' dir='ltr'>la</span> <span class='ocrx_word' id='word_1_262' title='bbox 1465 3805 1625 3892; x_wconf 89' lang='lat' dir='ltr'>lettura</span> <span class='ocrx_word' id='word_1_263' title='bbox 1660 3803 1695 3890; x_wconf 92' lang='lat' dir='ltr'>si</span> 
     </span>
     <span class='ocr_line' id='line_1_30' title="bbox 216 3929 1698 4053; baseline -0.007 -33"><span class='ocrx_word' id='word_1_264' title='bbox 216 3973 234 4012; x_wconf 73' lang='grc' dir='ltr'>ι</span> <span class='ocrx_word' id='word_1_265' title='bbox 276 3933 408 4023; x_wconf 87' lang='lat' dir='ltr'>laccia</span> <span class='ocrx_word' id='word_1_266' title='bbox 442 3937 544 4052; x_wconf 90' lang='lat' dir='ltr'>pian</span> <span class='ocrx_word' id='word_1_267' title='bbox 575 3936 704 4053; x_wconf 89' lang='lat' dir='ltr'>piano</span> <span class='ocrx_word' id='word_1_268' title='bbox 733 3969 758 4026; x_wconf 91' lang='lat' dir='ltr'>e</span> <span class='ocrx_word' id='word_1_269' title='bbox 790 3969 870 4026; x_wconf 89' lang='lat' dir='ltr'>con</span> <span class='ocrx_word' id='word_1_270' title='bbox 903 3967 1010 4024; x_wconf 89' lang='lat' dir='ltr'>voce</span> <span class='ocrx_word' id='word_1_271' title='bbox 1047 3931 1340 4052; x_wconf 80' lang='lat' dir='ltr'>intelligibile,</span> <span class='ocrx_word' id='word_1_272' title='bbox 1368 3956 1494 4018; x_wconf 90' lang='lat' dir='ltr'>come</span> <span class='ocrx_word' id='word_1_273' title='bbox 1526 3929 1551 4015; x_wconf 79' lang='grc' dir='ltr'>ὸ</span> <span class='ocrx_word' id='word_1_274' title='bbox 1583 3941 1698 4013; x_wconf 92' lang='lat' dir='ltr'>stato</span> 
     </span>
     <span class='ocr_line' id='line_1_31' title="bbox 215 4048 1695 4178; baseline -0.008 -34"><span class='ocrx_word' id='word_1_275' title='bbox 215 4096 231 4132; x_wconf 70' lang='grc' dir='ltr'><strong>ε</strong></span> <span class='ocrx_word' id='word_1_276' title='bbox 272 4058 491 4162; x_wconf 91' lang='lat' dir='ltr'>ordinato,</span> <span class='ocrx_word' id='word_1_277' title='bbox 528 4089 615 4147; x_wconf 92' lang='lat' dir='ltr'>uon</span> <span class='ocrx_word' id='word_1_278' title='bbox 650 4090 773 4178; x_wconf 89' lang='lat' dir='ltr'>passa</span> <span class='ocrx_word' id='word_1_279' title='bbox 807 4061 835 4147; x_wconf 94' lang='lat' dir='ltr'>il</span> <span class='ocrx_word' id='word_1_280' title='bbox 869 4087 1013 4148; x_wconf 83' lang='lat' dir='ltr'>mezzo</span> <span class='ocrx_word' id='word_1_281' title='bbox 1047 4073 1202 4176; x_wconf 88' lang='lat' dir='ltr'>quarto</span> <span class='ocrx_word' id='word_1_282' title='bbox 1236 4053 1376 4153; x_wconf 89' lang='lat' dir='ltr'>d’ora,</span> <span class='ocrx_word' id='word_1_283' title='bbox 1415 4051 1454 4138; x_wconf 93' lang='lat' dir='ltr'>al</span> <span class='ocrx_word' id='word_1_284' title='bbox 1495 4048 1573 4168; x_wconf 86' lang='lat' dir='ltr'>piir</span> <span class='ocrx_word' id='word_1_285' title='bbox 1602 4049 1634 4134; x_wconf 86' lang='grc'>9</span> <span class='ocrx_word' id='word_1_286' title='bbox 1670 4079 1695 4132; x_wconf 90' lang='lat' dir='ltr'>c</span> 
     </span>
     <span class='ocr_line' id='line_1_32' title="bbox 219 4181 598 4269; baseline 0.018 -7"><span class='ocrx_word' id='word_1_287' title='bbox 219 4217 236 4254; x_wconf 75' lang='grc' dir='ltr'>ι</span> <span class='ocrx_word' id='word_1_288' title='bbox 278 4181 339 4264; x_wconf 83' lang='lat' dir='ltr'>l0</span> <span class='ocrx_word' id='word_1_289' title='bbox 372 4181 528 4268; x_wconf 85' lang='lat' dir='ltr'>ntlnull</span> <span class='ocrx_word' id='word_1_290' title='bbox 558 4223 598 4269; x_wconf 69' lang='lat' dir='ltr'>a,</span> 
     </span>
    </p>

    <p class='ocr_par' dir='ltr' id='par_1_4' title="bbox 211 4292 1701 5643">
     <span class='ocr_line' id='line_1_33' title="bbox 334 4292 1700 4418; baseline -0.007 -30"><span class='ocrx_word' id='word_1_291' title='bbox 334 4302 450 4412; x_wconf 85' lang='lat' dir='ltr'>Quin</span> <span class='ocrx_word' id='word_1_292' title='bbox 484 4301 713 4391; x_wconf 90' lang='lat' dir='ltr'>difficultas</span> <span class='ocrx_word' id='word_1_293' title='bbox 737 4305 839 4392; x_wconf 90' lang='lat' dir='ltr'>oriri</span> <span class='ocrx_word' id='word_1_294' title='bbox 880 4335 932 4391; x_wconf 83' lang='lat' dir='ltr'>ex</span> <span class='ocrx_word' id='word_1_295' title='bbox 972 4333 1024 4390; x_wconf 92' lang='lat' dir='ltr'>eo</span> <span class='ocrx_word' id='word_1_296' title='bbox 1061 4300 1196 4418; x_wconf 87' lang='lat' dir='ltr'>possit</span> <span class='ocrx_word' id='word_1_297' title='bbox 1226 4296 1346 4416; x_wconf 92' lang='lat' dir='ltr'>quod</span> <span class='ocrx_word' id='word_1_298' title='bbox 1388 4292 1700 4383; x_wconf 86' lang='lat' dir='ltr'>inconvenieus</span> 
     </span>
     <span class='ocr_line' id='line_1_34' title="bbox 213 4411 1701 4535; baseline -0.008 -26"><span class='ocrx_word' id='word_1_299' title='bbox 213 4441 323 4510; x_wconf 82' lang='lat' dir='ltr'>essct</span> <span class='ocrx_word' id='word_1_300' title='bbox 340 4454 508 4511; x_wconf 91' lang='lat' dir='ltr'>sacram</span> <span class='ocrx_word' id='word_1_301' title='bbox 523 4426 790 4515; x_wconf 87' lang='lat' dir='ltr'>Catecbesim</span> <span class='ocrx_word' id='word_1_302' title='bbox 829 4425 1034 4514; x_wconf 89' lang='lat' dir='ltr'>omnibus</span> <span class='ocrx_word' id='word_1_303' title='bbox 1065 4424 1249 4512; x_wconf 89' lang='lat' dir='ltr'>recitare</span> <span class='ocrx_word' id='word_1_304' title='bbox 1274 4449 1327 4506; x_wconf 91' lang='lat' dir='ltr'>eo</span> <span class='ocrx_word' id='word_1_305' title='bbox 1350 4417 1597 4535; x_wconf 87' lang='lat' dir='ltr'>modoque</span> <span class='ocrx_word' id='word_1_306' title='bbox 1620 4411 1701 4498; x_wconf 86' lang='lat' dir='ltr'>luit</span> 
     </span>
     <span class='ocr_line' id='line_1_35' title="bbox 211 4537 1698 4666; baseline -0.008 -34"><span class='ocrx_word' id='word_1_307' title='bbox 211 4546 268 4632; x_wconf 93' lang='lat' dir='ltr'>ab</span> <span class='ocrx_word' id='word_1_308' title='bbox 305 4547 511 4634; x_wconf 67' lang='lat' dir='ltr'>,antistite</span> <span class='ocrx_word' id='word_1_309' title='bbox 542 4545 750 4636; x_wconf 89' lang='lat' dir='ltr'>Pinneusi</span> <span class='ocrx_word' id='word_1_310' title='bbox 776 4548 1058 4666; x_wconf 88' lang='lat' dir='ltr'>praescripto.</span> <span class='ocrx_word' id='word_1_311' title='bbox 1085 4539 1453 4660; x_wconf 88' lang='lat' dir='ltr'>Quandoquidem</span> <span class='ocrx_word' id='word_1_312' title='bbox 1481 4537 1698 4625; x_wconf 90' lang='lat' dir='ltr'>docemur</span> 
     </span>
     <span class='ocr_line' id='line_1_36' title="bbox 213 4657 1695 4788; baseline -0.008 -34"><span class='ocrx_word' id='word_1_313' title='bbox 213 4665 301 4754; x_wconf 87' lang='lat' dir='ltr'>aS.</span> <span class='ocrx_word' id='word_1_314' title='bbox 342 4666 393 4755; x_wconf 85' lang='lat' dir='ltr'>G.</span> <span class='ocrx_word' id='word_1_315' title='bbox 428 4669 734 4786; x_wconf 81' lang='lat' dir='ltr'>Episcoporum</span> <span class='ocrx_word' id='word_1_316' title='bbox 767 4686 806 4758; x_wconf 88' lang='lat' dir='ltr'>et</span> <span class='ocrx_word' id='word_1_317' title='bbox 837 4669 1109 4788; x_wconf 81' lang='lat' dir='ltr'>Repalarium</span> <span class='ocrx_word' id='word_1_318' title='bbox 1138 4669 1184 4754; x_wconf 90' lang='lat' dir='ltr'>in</span> <span class='ocrx_word' id='word_1_319' title='bbox 1218 4693 1341 4752; x_wconf 86' lang='lat' dir='ltr'>cuasa</span> <span class='ocrx_word' id='word_1_320' title='bbox 1378 4661 1515 4746; x_wconf 81' lang='lat' dir='ltr'>basin.</span> <span class='ocrx_word' id='word_1_321' title='bbox 1545 4659 1597 4744; x_wconf 90' lang='lat' dir='ltr'>ll</span> <span class='ocrx_word' id='word_1_322' title='bbox 1625 4657 1695 4743; x_wconf 90' lang='lat' dir='ltr'>la·</span> 
     </span>
     <span class='ocr_line' id='line_1_37' title="bbox 213 4777 1696 4911; baseline -0.007 -37"><span class='ocrx_word' id='word_1_323' title='bbox 213 4791 344 4876; x_wconf 76' lang='lat' dir='ltr'>artari</span> <span class='ocrx_word' id='word_1_324' title='bbox 382 4793 672 4880; x_wconf 77' lang='lat' dir='ltr'>lucornara</span> <span class='ocrx_word' id='word_1_325' title='bbox 705 4825 731 4882; x_wconf 87' lang='lat' dir='ltr'>a</span> <span class='ocrx_word' id='word_1_326' title='bbox 764 4793 901 4882; x_wconf 86' lang='lat' dir='ltr'>lllicol.</span> <span class='ocrx_word' id='word_1_327' title='bbox 938 4793 982 4880; x_wconf 89' lang='lat' dir='ltr'>in</span> <span class='ocrx_word' id='word_1_328' title='bbox 1014 4790 1131 4911; x_wconf 81' lang='lat' dir='ltr'>flosc.</span> <span class='ocrx_word' id='word_1_329' title='bbox 1166 4785 1283 4876; x_wconf 76' lang='lat' dir='ltr'>vert.</span> <span class='ocrx_word' id='word_1_330' title='bbox 1320 4783 1528 4870; x_wconf 85' lang='lat' dir='ltr'>Doctrina</span> <span class='ocrx_word' id='word_1_331' title='bbox 1563 4777 1696 4867; x_wconf 76' lang='lat' dir='ltr'>Glari·</span> 
     </span>
     <span class='ocr_line' id='line_1_38' title="bbox 215 4903 1700 5033; baseline -0.005 -36"><span class='ocrx_word' id='word_1_332' title='bbox 215 4916 354 4999; x_wconf 83' lang='lat' dir='ltr'>stiana</span> <span class='ocrx_word' id='word_1_333' title='bbox 385 4945 501 5002; x_wconf 87' lang='lat' dir='ltr'>nam.</span> <span class='ocrx_word' id='word_1_334' title='bbox 524 4917 582 5017; x_wconf 88' lang='lat'>·3,</span> <span class='ocrx_word' id='word_1_335' title='bbox 620 4915 808 5033; x_wconf 82' lang='lat' dir='ltr'>quod:«</span> <span class='ocrx_word' id='word_1_336' title='bbox 849 4917 993 5003; x_wconf 88' lang='lat' dir='ltr'>Placet</span> <span class='ocrx_word' id='word_1_337' title='bbox 1029 4913 1257 5002; x_wconf 93' lang='lat' dir='ltr'>decretum</span> <span class='ocrx_word' id='word_1_338' title='bbox 1294 4903 1540 4993; x_wconf 89' lang='lat' dir='ltr'>Visitatoris</span> <span class='ocrx_word' id='word_1_339' title='bbox 1575 4908 1700 5018; x_wconf 74' lang='lat' dir='ltr'>Apo·-</span> 
     </span>
     <span class='ocr_line' id='line_1_39' title="bbox 217 5027 1697 5154; baseline -0.008 -32"><span class='ocrx_word' id='word_1_340' title='bbox 217 5073 233 5110; x_wconf 86' lang='lat'><strong>«</strong></span> <span class='ocrx_word' id='word_1_341' title='bbox 275 5035 429 5139; x_wconf 90' lang='lat' dir='ltr'>stolici,</span> <span class='ocrx_word' id='word_1_342' title='bbox 480 5039 634 5154; x_wconf 94' lang='lat' dir='ltr'>utqui</span> <span class='ocrx_word' id='word_1_343' title='bbox 679 5038 873 5126; x_wconf 90' lang='lat' dir='ltr'>celebrat</span> <span class='ocrx_word' id='word_1_344' title='bbox 916 5035 1085 5126; x_wconf 87' lang='lat' dir='ltr'>llissam</span> <span class='ocrx_word' id='word_1_345' title='bbox 1122 5027 1416 5149; x_wconf 88' lang='lat' dir='ltr'>parochialem</span> <span class='ocrx_word' id='word_1_346' title='bbox 1456 5027 1499 5112; x_wconf 94' lang='lat' dir='ltr'>in</span> <span class='ocrx_word' id='word_1_347' title='bbox 1539 5053 1697 5112; x_wconf 89' lang='lat' dir='ltr'>aurora</span> 
     </span>
     <span class='ocr_line' id='line_1_40' title="bbox 223 5147 1695 5264; baseline -0.009 -20"><span class='ocrx_word' id='word_1_348' title='bbox 223 5197 240 5234; x_wconf 74' lang='lat' dir='ltr'>c</span> <span class='ocrx_word' id='word_1_349' title='bbox 281 5159 432 5248; x_wconf 89' lang='lat' dir='ltr'>recitet</span> <span class='ocrx_word' id='word_1_350' title='bbox 463 5161 715 5248; x_wconf 89' lang='lat' dir='ltr'>Orationem</span> <span class='ocrx_word' id='word_1_351' title='bbox 749 5159 1053 5260; x_wconf 86' lang='lat' dir='ltr'>Dominicam,</span> <span class='ocrx_word' id='word_1_352' title='bbox 1079 5153 1383 5244; x_wconf 87' lang='lat' dir='ltr'>salutationem</span> <span class='ocrx_word' id='word_1_353' title='bbox 1422 5147 1695 5264; x_wconf 73' lang='lat' dir='ltr'>angelicam,</span> 
     </span>
     <span class='ocr_line' id='line_1_41' title="bbox 217 5267 1697 5398; baseline -0.011 -27"><span class='ocrx_word' id='word_1_354' title='bbox 217 5319 233 5356; x_wconf 68' lang='grc' dir='ltr'>ι</span> <span class='ocrx_word' id='word_1_355' title='bbox 273 5280 534 5398; x_wconf 90' lang='lat' dir='ltr'>Symbolum</span> <span class='ocrx_word' id='word_1_356' title='bbox 573 5300 617 5372; x_wconf 88' lang='lat' dir='ltr'>et</span> <span class='ocrx_word' id='word_1_357' title='bbox 646 5287 883 5398; x_wconf 87' lang='lat' dir='ltr'>Praecepta</span> <span class='ocrx_word' id='word_1_358' title='bbox 917 5279 1147 5368; x_wconf 89' lang='lat' dir='ltr'>vernacula</span> <span class='ocrx_word' id='word_1_359' title='bbox 1184 5277 1347 5393; x_wconf 76' lang='lat' dir='ltr'>lingua.</span> <span class='ocrx_word' id='word_1_360' title='bbox 1380 5313 1396 5350; x_wconf 69' lang='grc' dir='ltr'>ι</span> <span class='ocrx_word' id='word_1_361' title='bbox 1425 5269 1470 5362; x_wconf 90' lang='lat' dir='ltr'>Si</span> <span class='ocrx_word' id='word_1_362' title='bbox 1493 5269 1629 5386; x_wconf 78' lang='lat' dir='ltr'>igitur</span> <span class='ocrx_word' id='word_1_363' title='bbox 1651 5267 1697 5355; x_wconf 92' lang='lat' dir='ltr'>in</span> 
     </span>
     <span class='ocr_line' id='line_1_42' title="bbox 213 5393 1691 5532; baseline -0.008 -45"><span class='ocrx_word' id='word_1_364' title='bbox 213 5404 339 5492; x_wconf 85' lang='lat' dir='ltr'>missa</span> <span class='ocrx_word' id='word_1_365' title='bbox 366 5404 604 5522; x_wconf 89' lang='lat' dir='ltr'>parochiali</span> <span class='ocrx_word' id='word_1_366' title='bbox 641 5406 686 5494; x_wconf 96' lang='lat' dir='ltr'>id</span> <span class='ocrx_word' id='word_1_367' title='bbox 719 5433 930 5524; x_wconf 74' lang='lat' dir='ltr'>peragere</span> <span class='ocrx_word' id='word_1_368' title='bbox 974 5399 1286 5491; x_wconf 86' lang='lat' dir='ltr'>inconveniens</span> <span class='ocrx_word' id='word_1_369' title='bbox 1329 5423 1416 5484; x_wconf 91' lang='lat' dir='ltr'>ooo</span> <span class='ocrx_word' id='word_1_370' title='bbox 1465 5401 1546 5493; x_wconf 87' lang='lat' dir='ltr'>est,</span> <span class='ocrx_word' id='word_1_371' title='bbox 1590 5393 1691 5532; x_wconf 65' lang='lat' dir='ltr'>eva-</span> 
     </span>
     <span class='ocr_line' id='line_1_43' title="bbox 215 5516 1689 5643; baseline -0.006 -33"><span class='ocrx_word' id='word_1_372' title='bbox 215 5526 350 5616; x_wconf 89' lang='lat' dir='ltr'>nescit</span> <span class='ocrx_word' id='word_1_373' title='bbox 368 5529 530 5643; x_wconf 90' lang='lat' dir='ltr'>pariter</span> <span class='ocrx_word' id='word_1_374' title='bbox 550 5526 905 5617; x_wconf 88' lang='lat' dir='ltr'>inconvenientia</span> <span class='ocrx_word' id='word_1_375' title='bbox 926 5557 1008 5642; x_wconf 90' lang='lat' dir='ltr'>pro</span> <span class='ocrx_word' id='word_1_376' title='bbox 1036 5524 1129 5614; x_wconf 88' lang='lat' dir='ltr'>aliis</span> <span class='ocrx_word' id='word_1_377' title='bbox 1153 5519 1287 5612; x_wconf 86' lang='lat' dir='ltr'>llissis</span> <span class='ocrx_word' id='word_1_378' title='bbox 1311 5516 1448 5608; x_wconf 91' lang='lat' dir='ltr'>lectis.</span> <span class='ocrx_word' id='word_1_379' title='bbox 1481 5517 1689 5603; x_wconf 75' lang='lat' dir='ltr'>Fortassis</span> 
     </span>
    </p>
   </div>
   <div class='ocr_carea' id='block_1_3' title="bbox 0 0 2214 6325">
    <p class='ocr_par' dir='ltr' id='par_1_5' title="bbox 0 0 2214 6325">
     <span class='ocr_line' id='line_1_44' title="bbox 0 0 2214 6325; baseline 0 0"><span class='ocrx_word' id='word_1_380' title='bbox 0 0 2214 6325; x_wconf 95' lang='lat' dir='ltr'> </span> 
     </span>
    </p>
   </div>
  </div>
 </body>
</html>
