4350 6326
633 373 716 461 Dic
747 375 809 462 20
841 375 1078 462 Decembris
1113 375 1251 464 l879.
1598 379 1694 469 54⁷

196 631 366 706 coetera
400 619 572 722 merita,
612 653 711 708 cum
744 653 1009 712 concurrens
1041 653 1093 709 ex
1139 623 1268 710 unius
1306 622 1496 726 delectu,
1544 625 1689 715 inido-

196 771 305 828 neus
340 742 424 830 iam
457 741 673 832 iudicatus
709 745 849 832 tuaac.
888 745 1017 858 erod
1063 747 1244 862 quidem
1281 777 1303 832 a
1338 749 1414 838 SS.
1456 747 1694 838 Canonuur

195 863 483 980 dispositione
516 867 700 954 minime
734 867 916 956 devium
951 899 1044 954 csse
1080 867 1285 975 videtur:
1322 872 1692 991 quandoquidem

193 988 226 1074 si
264 1019 343 1104 pro
378 1007 498 1076 certo
534 991 688 1076 haberi
723 991 858 1079 debet
891 991 1009 1108 quod
1045 991 1297 1108 iginuantcs
1317 1010 1361 1078 ot
1381 994 1586 1083 indoctia
1610 1027 1692 1112 pa-

195 1111 373 1202 rochiali
412 1141 593 1199 munera
629 1115 806 1202 arcendi
831 1117 932 1216 sint,
958 1117 1167 1232 consequi
1201 1117 1377 1204 videtur
1411 1120 1689 1208 Examinato·

194 1263 260 1321 res
295 1253 398 1321 tune
433 1253 601 1324 tanturn
627 1269 680 1324 ex
699 1239 803 1354 lepis
821 1239 1111 1354 dispositione
1134 1270 1267 1355 ,super
1285 1241 1440 1328 merita
1467 1241 1694 1358 inquirere

195 1359 332 1444 teneri
366 1361 543 1476 quando
577 1381 888 1449 concurrentes
922 1362 1239 1450 determinatas
1263 1363 1471 1452 scientiae
1503 1366 1681 1480 gradus,

192 1480 301 1567 laeto
347 1483 575 1599 periculo,
615 1485 858 1603 attigerint.
911 1486 982 1574 Sic
1028 1487 1073 1573 S.
1111 1487 1163 1570 V.
1193 1489 1257 1574 l).
1297 1487 1338 1572 in
1380 1517 1509 1574 eausa
1559 1489 1688 1575 Anc-

193 1606 324 1719 yuintt
357 1605 590 1694 Concursus
622 1610 686 1696 El)
717 1608 823 1694 lulli
859 1610 995 1703 l872,
1038 1639 1091 1692 ex
1125 1638 1178 1694 eo
1212 1609 1331 1728 quod
1365 1607 1686 1700 examinatores

191 1730 503 1844 prosynodales
536 1733 577 1816 in
615 1736 704 1818 vim
739 1733 975 1847 longaevae
1010 1733 1339 1818 corisuetudinis
1374 1733 1490 1820 haud
1527 1736 1684 1825 merita

191 1852 486 1968 expenderant
523 1856 769 1941 Sacerdotis
804 1858 913 1942 Pace
946 1857 1019 1972 qui
1058 1857 1317 1969 reprobatus
1352 1855 1498 1972 qatoad
1547 1858 1686 1944 scien·

193 1974 295 2059 tiam
351 1977 509 2077 lucrat,
564 1981 787 2094 proposito
838 1981 995 2066 dubio:
1039 2019 1053 2052 a
1096 1979 1162 2062 An
1200 1995 1351 2064 constet
1385 1978 1437 2064 dc
1486 1979 1685 2068 nullitate

190 2128 407 2184 concursus
436 2099 494 2184 cd
525 2105 765 2216 paroeciam
799 2102 843 2188 S.
885 2101 1109 2187 Panerotii
1140 2103 1182 2185 in
1224 2132 1318 2184 casu
1357 2139 1373 2178 ι
1428 2104 1676 2218 respondit:

192 2220 403 2334 Napetine,
448 2255 561 2340 quae
594 2225 774 2343 quidem
811 2225 1018 2313 resolutio
1053 2223 1303 2312 confirmari
1353 2224 1515 2310 meruit
1541 2226 1581 2311 in
1606 2227 1688 2316 Co·

191 2343 324 2430 mitiis
362 2347 679 2435 llDecembris
711 2347 889 2434 eiusdem
930 2349 1032 2434 unni
1070 2379 1168 2433 eum
1202 2347 1394 2434 clausula
1417 2365 1455 2432 et
1478 2349 1678 2464 amplius.

314 2470 465 2588 Neque
500 2473 634 2572 dicas,
674 2475 735 2559 uti
773 2473 949 2590 opinata
985 2487 1047 2557 est
1073 2474 1382 2556 Beneventana
1405 2470 1552 2574 Curia,
1580 2503 1684 2560 corr·

189 2619 339 2677 cursus
373 2595 619 2682 nullitatcm
659 2595 863 2712 redargui
898 2625 952 2681 ex
986 2593 1189 2710 eoquod
1224 2595 1267 2679 in
1305 2593 1501 2710 Episcopi
1559 2615 1685 2712 pote·

188 2729 296 2800 state
329 2745 415 2800 non
451 2739 540 2804 erat
577 2749 835 2806 cmreursum
871 2719 1080 2812 indicere,
1103 2716 1212 2802 dum
1258 2717 1684 2830 parochialisEcelc-

189 2835 277 2924 siae
310 2839 484 2926 collatio
509 2844 561 2928 ad
587 2845 748 2934 Sedcm
772 2842 1065 2956 apostolicam
1091 2855 1185 2924 crat
1209 2839 1434 2943 devoluta3
1462 2841 1681 2956 siquidem

188 2960 262 3046 vix
296 2962 455 3078 legenti
490 2964 565 3088 gg.
606 2967 663 3052 ta
696 2981 738 3051 et
772 2966 833 3050 20
868 2966 1072 3052 recitatae
1108 2962 1421 3051 Benedictinae.
1454 2965 1677 3052 Constitu-

191 3083 317 3170 tionis
350 3092 623 3175 contrarium
659 3107 842 3206 apparet
876 3105 919 3174 et
955 3087 1036 3173 lert
1074 3087 1233 3202 praxis.

312 3209 452 3295 Posita
480 3212 613 3329 igitur
637 3213 863 3300 validitate
887 3241 1142 3310 coneursus,
1170 3209 1322 3296 inutile
1361 3239 1536 3324 prorsus
1569 3213 1682 3302 foret

187 3359 318 3446 super
340 3335 590 3448 provisione
609 3337 824 3424 Ecclesiae
843 3329 1105 3422 Pa'rochialis
1124 3334 1165 3419 in
1186 3363 1370 3448 persona
1394 3335 1450 3418 D.
1478 3335 1678 3424 lannucci

187 3452 537 3569 disquisitionem
573 3460 815 3560 instituere,
853 3457 1216 3578 quandoquidem
1252 3487 1356 3572 prae
1389 3489 1468 3544 suo
1502 3489 1684 3575 compe-

188 3573 318 3666 titore
348 3577 441 3696 ipso
474 3581 647 3698 dignior
679 3582 826 3699 quoad
867 3581 1094 3669 scientiam
1128 3585 1173 3667 'et
1215 3581 1425 3700 requisita
1474 3599 1674 3698 apparet,

189 3714 276 3785 tam
311 3701 345 3787 si
383 3705 717 3819 perpendantur
753 3721 843 3791 acta
879 3733 1127 3804 concursus,
1149 3733 1284 3832 quam
1321 3704 1353 3788 si
1378 3704 1682 3792 consideretur

190 3821 398 3910 iudicium
436 3828 606 3914 editum
643 3831 700 3915 ab
723 3828 1094 3916 examinatoribus
1111 3835 1159 3912 et'
1177 3825 1389 3942 deputato
1412 3827 1673 3934 consultore3

190 3961 234 4032 et
267 3949 385 4064 quod
422 3953 560 4038 maius
595 3969 659 4039 est
693 3953 967 4068 praeelectus
983 3951 1042 4038 ab
1065 3950 1279 4066 Episcopo
1314 3947 1410 4050 luit,
1434 3966 1475 4035 at
1500 3955 1683 4067 Aposto-

187 4067 296 4157 licae
329 4074 535 4162 llatariae
567 4077 918 4179 commendatus,
979 4105 1001 4161 a
1050 4100 1134 4188 qua
1187 4073 1251 4158 sui
1301 4073 1450 4160 lavore
1503 4076 1683 4162 Bullam

186 4193 480 4310 Apostolicam
515 4199 719 4301 obtinuit,
756 4231 869 4316 quae
902 4198 986 4285 iarn
1024 4197 1266 4284 executioni
1288 4195 1368 4282 luit
1391 4195 1673 4285 demandata.

310 4319 449 4407 Eloeei
482 4351 590 4410 vero
633 4323 829 4412 facienda
871 4321 1049 4409 videtur
1091 4321 1305 4408 accusatio
1353 4319 1566 4405 simoniae
1617 4321 1674 4407 ab

188 4455 335 4528 actore
366 4445 581 4532 Calaudra
604 4463 752 4532 eontra
772 4445 1097 4532 examinatores
1128 4446 1310 4559 prolata,
1334 4460 1425 4527 tum
1461 4442 1562 4562 quia
1587 4443 1679 4532 duo

189 4578 318 4652 testes
351 4568 410 4652 ab
441 4567 597 4656 eodem
634 4568 831 4685 producti
868 4573 969 4654 sunt
999 4585 1169 4654 tantum
1216 4565 1274 4652 de
1305 4563 1475 4668 auditu,
1520 4583 1564 4652 et
1598 4595 1675 4652 eo·

185 4717 284 4773 rum
326 4689 574 4778 testimonia
623 4692 782 4810 scripto
824 4707 1003 4779 exarata
1028 4690 1145 4776 nulla
1188 4687 1534 4775 autlreuticitatis
1573 4705 1677 4777 nota

185 4807 434 4918 firmantur,
483 4832 575 4903 tum
615 4816 717 4934 quia
755 4817 890 4904 Exitus
939 4815 1130 4901 Antiates
1166 4814 1333 4899 bouum
1370 4811 1675 4901 testimoninm

186 4935 392 5049 perhibet
422 4937 480 5026 de
512 4969 668 5027 eorum
708 4939 959 5026 moralitate
985 4941 1027 5024 in
1066 4935 1372 5022 informatione
1395 4935 1451 5022 ad
1470 4939 1514 5026 S.
1543 4937 1598 5022 V.
1619 4938 1674 5024 Ο.

186 5057 361 5148 edicens
392 5078 669 5178 praetensam
702 5065 936 5150 simoniam
982 5059 1025 5148 in
1061 5052 1216 5179 vulgus
1254 5059 1418 5146 editam
1453 5058 1582 5148 luisse
1614 5061 1672 5147 ab

190 5197 337 5270 actore
370 5187 602 5275 Calandra.
646 5227 663 5264 ι
703 5187 795 5304 Egli
829 5183 1100 5304 indispettito
1127 5214 1207 5300 per
1238 5182 1278 5270 la
1302 5181 1515 5300 ripertata
1539 5183 1678 5300 ripre-

192 5341 210 5381 ι
248 5305 445 5411 vazioue,
478 5311 588 5398 oltre
627 5311 699 5397 del
736 5311 895 5396 ricorso
929 5307 1012 5395 alla
1046 5305 1409 5422 Metropolitana,
1446 5306 1501 5392 ha
1545 5320 1676 5400 avuta

194 5458 211 5506 ι
250 5427 545 5549 l'impudeuza
573 5433 618 5521 di
662 5463 866 5550 spargere
889 5432 928 5518 la
953 5460 1059 5518 voce
1093 5460 1178 5518 non
1213 5429 1306 5518 solo
1338 5428 1411 5549 pel
1444 5458 1525 5518 suo
1546 5459 1677 5553 paese

139 5577 141 5582 ·
186 5585 203 5630 s
242 5579 380 5668 eper
413 5557 453 5644 la
487 5557 664 5660 diocesi,
720 5585 791 5643 ma
832 5555 1066 5644 benanehe
1102 5555 1147 5641 in
1200 5557 1470 5654 benevento,
1519 5554 1674 5640 essersi
