4350 6326
418 403 421 410 ,
505 311 598 402 sas
941 317 1023 402 na
1053 319 1115 406 ao
1146 319 1386 408 aternus
1410 300 1558 414 tsrs

513 455 629 525 mate
665 437 782 526 buua
815 439 904 530 tide
938 440 1091 530 saltem
1140 443 1194 532 ad
1242 447 1459 534 cautelam
1512 446 1647 563 petita
1691 449 1907 540 absolutio
1942 451 2003 540 sit

506 559 788 650 concedenda
811 595 826 690 ι;
862 565 972 653 dum
1006 596 1086 682 pro
1122 597 1220 657 meo
1254 599 1438 658 munero
1470 569 1684 659 diluenda
1717 603 1925 690 propono-

1145 820 1336 916 ‚uuum

774 995 787 1030 .

630 1054 664 1140 l.
703 1054 772 1140 Aa
804 1053 1049 1143 consuetudo
1083 1056 1278 1175 accipendi
1313 1091 1492 1148 ananam
1526 1095 1717 1150 cunonem
1741 1065 1997 1152 sustineatur

507 1205 550 1258 ra
584 1205 694 1264 casa.

753 1431 801 1516 Et
834 1447 1051 1548 quatenus
1086 1432 1289 1548 negative

628 1678 683 1763 ll.
723 1678 793 1764 Aa
825 1672 1030 1764 absolutio
1063 1677 1318 1766 concedenda
1351 1682 1407 1768 sit
1441 1683 1484 1768 ia
1518 1715 1628 1770 casa.

631 2070 697 2157 Ad
733 2070 769 2156 l.
811 2069 1392 2162 Consuetudinem-tolerari
1440 2103 1584 2188 posse.

610 2193 695 2294 „td
742 2193 793 2278 ll.
835 2193 1082 2282 Provisum.

106 2660 216 2752 Scss.
240 2661 293 2774 21
322 2665 468 2782 capla
631 2558 878 2762 NETEN.
925 2671 1443 2762 DlSllEMBRATIONlS
1485 2675 1554 2760 ΕΤ
1589 2671 1736 2760 lUlllS
1770 2671 1990 2764 SAGRAS

73 2784 181 2876 30³³·
207 2785 270 2876 24
294 2819 390 2908 ΜΡ·
411 2788 471 2878 13
505 2797 832 2890 PERAGENDI
864 2793 1230 2885 FUNC'l'lONES.
1267 2841 1298 2871 =
1328 2797 1469 2888 Causa
1502 2796 1608 2884 baec
1652 2795 1876 2914 proposita
1909 2794 1990 2884 luit

78 2907 131 2998 da
146 2909 337 3034 llesorm.

500 2919 919 3038 incongregatione
943 2918 1089 3008 babita
1111 2919 1184 3007 die
1205 2920 1266 3006 26
1298 2917 1581 3039 praeterlapsi
1607 2915 1769 3036 Aprilis
1801 2919 1885 3006 sub
1903 2921 1991 3006 Du-

498 3049 584 3138 biis
618 3047 651 3131 l.
689 3045 759 3130 Aa
794 3043 849 3129 sit
883 3040 992 3128 locas
1015 3041 1374 3130 dt'smembrationi
1395 3041 1626 3130 Paroeciae
1644 3044 1689 3130 ia
1711 3071 1806 3128 casn
1830 3043 1886 3128 ll.
1918 3041 1988 3130 Aa

500 3184 652 3264 constet
670 3165 720 3252 de
737 3168 835 3260 ,iare
855 3165 1087 3280 peragendi
1110 3197 1250 3252 sacras
1279 3165 1512 3286 sanctiones
1537 3169 1580 3253 ia
1602 3165 1790 3252 Ecclesia
1804 3165 1850 3253 S.
1864 3163 1987 3252 Ioan-

499 3301 565 3389 πίε
595 3291 815 3407 Baptistae
836 3291 880 3378 io
904 3321 1016 3377 casa:
1041 3345 1069 3358 -
1104 3288 1266 3406 quibus
1289 3291 1373 3376 ΕΕ.
1402 3291 1495 3376 VV.
1518 3287 1785 3406 respondere
1807 3319 1986 3378 censue·

417 3451 419 3456 ·
500 3443 619 3512 runt:
639 3412 760 3500 -Ad
784 3415 818 3501 l.
837 3413 1116 3534 Affirmatioc
1136 3467 1181 3497 -.
1208 3411 1281 3498 Ad
1309 3415 1364 3500 ll.
1400 3411 1549 3502 Sacros
1582 3414 1813 3533 sanctiones
1849 3445 1875 3498 a
1909 3412 1988 3498 Cu·

493 3545 638 3665 pitulo
664 3537 924 3655 parapandas
957 3567 1037 3622 aon
1061 3569 1142 3624 essa
1172 3585 1216 3622 -.

625 3665 715 3752 lloc
747 3663 1138 3776 decretum'aegre
1173 3662 1371 3748 tulerunt
1406 3659 1593 3776 Capituli
1641 3664 1980 3766 Procuratores,

500 3795 575 3912 qni
614 3791 656 3876 iu
692 3801 932 3872 memorata
952 3783 1218 3871 discussione
1250 3785 1466 3874 orationes
1499 3815 1630 3900 super
1648 3817 1805 3874 causae
1830 3785 1983 3872 merito

499 3914 685 4004 minime
717 3909 935 3996 deducere
969 3907 1289 4010 existimarunt,
1328 3909 1427 3995 hinc
1462 3937 1603 3995 rtovae
1637 3908 1873 3999 auditionis
1905 3907 1981 3996 be-

499 4033 706 4127 neficium
740 4031 939 4148 protinus
972 4029 1302 4144 expostularunt
1355 4033 1727 4150 obtinueruntque
1751 4032 1808 4119 de
1841 4063 1979 4122 more.

498 4149 641 4248 llodie
676 4152 820 4274 itaque
853 4151 909 4240 de
943 4152 1136 4273 partium
1168 4183 1381 4242 consensu
1416 4155 1612 4273 quaestio
1654 4157 1980 4278 repropouitur.

624 4281 839 4368 Defensor
873 4277 1294 4366 Administratorurn
1329 4277 1540 4367 Ecclesiae
1581 4279 1626 4373 S.
1683 4281 1858 4366 loannis
1897 4309 1981 4366 una

501 4437 600 4496 cum
639 4405 966 4492 Patrocinatore
1000 4397 1379 4490 Cuulrateruitatis
1412 4403 1458 4490 S.
1485 4403 1646 4490 lllariae
1670 4399 1908 4490 Dolorosae
1926 4401 1982 4488 al-

503 4549 640 4619 teram
662 4525 844 4646 protulit
868 4521 1219 4612 distribuendam
1243 4524 1580 4640 Allegationem,
1611 4527 1757 4644 inqua
1779 4527 1867 4614 iam
1889 4539 1981 4612 acta

502 4656 662 4743 iterum
698 4652 801 4768 agit,
843 4649 1032 4764 ideoque
1076 4649 1171 4733 eius
1199 4679 1418 4736 summam
1442 4676 1664 4763 (exponere
1690 4649 1838 4736 inutile
1862 4677 1983 4765 pror·

500 4807 572 4866 sus
605 4808 653 4864 ac
686 4803 1058 4890 supervacaneum
1091 4788 1219 4857 esset.
1257 4773 1420 4857 lterum
1456 4769 1572 4858 euim
1598 4772 1721 4858 aiunt
1750 4771 1980 4860 memorati

498 4901 707 4990 Oratores
741 4896 1181 4985 dismembrationem
1215 4895 1512 5012 peragendam
1552 4923 1644 4982 esso
1693 4896 1751 4982 ob
1783 4897 1978 4984 locorum

500 5021 754 5113 distantiam
790 5015 1173 5133 difficultatemque
1208 5017 1445 5107 accedendi
1480 5017 1536 5104 ad
1570 5017 1872 5106 Parocbialem
1904 5019 1980 5106 Eo-

498 5146 671 5236 olesiam
708 5145 754 5234 S.
781 5143 974 5262 Georgii:
1011 5141 1180 5256 hocque
1213 5139 1488 5245 confirmant,
1525 5140 1736 5228 relatione
1772 5157 1981 5257 topogra-

496 5267 623 5389 phica
641 5303 666 5358 a
684 5283 873 5387 quatuor
892 5265 1066 5355 tecnicis
1099 5263 1362 5380 subscripta,
1401 5267 1474 5384 qui
1512 5266 1592 5352 iter
1614 5263 1667 5354 ad
1687 5263 1976 5382 paroecialem

497 5388 1175 5514 nuncupant-difficoltosissimo
1192 5421 1236 5494 -;
1257 5387 1303 5475 2.
1326 5389 1384 5476 ob
1398 5385 1730 5476 multitudinem
1755 5385 1974 5504 parocbia·

497 5545 670 5621 uorum,
697 5545 809 5640 quae
830 5547 875 5604 se
892 5513 950 5604 ad
967 5512 1123 5601 40000
1138 5512 1351 5617 extendit,
1376 5507 1522 5628 prouti
1540 5511 1749 5601 evincunt
1774 5507 1907 5599 etiam
1923 5539 1976 5598 ex
