4558 6340
672 359 795 448 Dte
825 363 887 452 26
917 358 1094 505 Aprilis
1129 361 1265 453 1879
1643 365 1739 456 227

252 515 306 574 ex
339 485 576 576 verbonon
594 483 752 572 minori
784 485 982 627 apposito
1017 486 1059 574 in
1086 488 1264 576 recitato
1288 484 1465 576 decreto
1498 487 1619 608 quod
1644 519 1729 579 non
1790 505 1794 510 '

253 608 465 698 incertam
500 607 577 698 sed
610 625 772 696 certam
809 610 1098 727 quantitatem
1143 609 1358 728 designat.
1396 612 1456 698 Eo
1480 613 1550 701 vel
1596 613 1733 728 magis

256 733 301 819 3.
350 731 453 852 quia
504 733 599 873 ipse
638 730 878 850 Episcopus
911 732 986 850 qui
1021 731 1247 820 decretum
1281 751 1610 850 provocaverat,
1655 733 1736 824 do-

256 871 344 940 tem
386 853 621 996 exquisivit
655 851 703 940 di
736 853 880 942 ducati
911 853 1288 996 millesenqaeccnto
1321 855 1528 970 serenanti
1549 857 1586 943 it
1608 859 1736 973 piene

258 973 368 1064 delle
400 981 460 1064 sei
491 1009 683 1118 conpree.
720 979 890 1066 Fortius
923 979 968 1064 lt.
994 977 1099 1118 quia
1119 977 1340 1094 portiones
1359 1011 1412 1066 ex
1431 978 1608 1070 decreto
1629 1011 1731 1098 sup·

253 1130 443 1218 pressae,
462 1101 703 1188 etmmrme
715 1099 912 1218 parochis
928 1101 1170 1216 assignatae
1183 1101 1368 1190 luerent
1397 1107 1457 1192 Ac
1480 1102 1662 1192 tandem
1685 1105 1730 1192 5

254 1223 358 1344 quia
377 1221 642 1342 Episcopus
633 1254 724 1342 ipse
747 1223 948 1342 exiguam
972 1223 1262 1312 existimasset
1284 1256 1521 1342 congruam
1554 1223 1732 1316 ducato-

248 1375 353 1437 rum
387 1345 635 1436 hiscentum
671 1345 752 1433 nisi
785 1379 820 1433 st
815 1345 1064 1463 prende
1048 1378 1092 1432 ιιι
1130 1345 1469 1436 consi'dereztone
1500 1347 1572 1435 ebe
1595 1349 1624 1431 l'
1636 1381 1739 1436 eser·

254 1469 364 1555 cizic
398 1467 513 1556 della
546 1479 646 1554 curn
680 1467 809 1555 dobba
841 1467 980 1556 valere
1011 1500 1120 1556 come
1147 1471 1393 1613 principale
1425 1471 1625 1610 requisito
1655 1503 1733 1588 per

254 1605 388 1680 attare
421 1591 466 1677 el
498 1592 755 1679 canonicato.
792 1592 990 1704 Quare
958 1625 990 1682 ss
1016 1592 1192 1710 parochi
1228 1593 1562 1710 participatione
1586 1624 1738 1684 vacan-

171 1791 174 1796 ,
244 1713 368 1819 ιιίιιιιι
388 1715 720 1802 canonicatuum
733 1715 996 1834 potirentur,
1020 1713 1161 1802 eidem
1177 1733 1332 1834 optare
1345 1747 1431 1806 non
1447 1717 1640 1804 valerent
1658 1716 1743 1806 nisi

260 1835 376 1926 duae
399 1836 754 1956 participationes
769 1836 897 1926 simul
920 1837 1087 1929 eisdem
1122 1839 1497 1954 permitterentur.
1518 1841 1671 1956 Neque
1693 1839 1739 1928 6.

248 1959 493 2081 'observare
525 1961 834 2080 praetermisit,
862 1961 984 2080 quod
1007 1993 1030 2048 a
1053 1961 1256 2076 Capitulo
1292 1963 1465 2051 nonnisi
1499 1992 1631 2080 quam
1666 1961 1744 2051 de·

255 2083 490 2172 terminata
539 2102 862 2200 nongentorum
917 2097 1184 2172 scutatorum
1240 2113 1411 2174 summa
1466 2083 1626 2202 iugiter
1679 2116 1744 2172 so·

257 2205 350 2292 luta
384 2205 480 2308 luit,
518 2223 560 2295 et
595 2205 713 2324 quod
747 2237 801 2294 ex
835 2206 984 2328 iniqua
1017 2206 1333 2326 suppressionis
1357 2207 1452 2324 lege
1476 2207 1676 2296 eveniret
1699 2224 1748 2294 ut

257 2328 461 2446 Capitulo
496 2346 539 2417 et
573 2361 703 2418 curae
736 2329 983 2418 arrianorum
1017 2329 1300 2436 detrimento,
1338 2329 1441 2418 fisco
1477 2361 1582 2418 vero
1620 2330 1747 2418 utili-

260 2451 333 2540 tati
369 2469 483 2541 esset
517 2451 621 2540 haec
655 2451 901 2569 dispositio.

380 2575 543 2663 Contra
576 2577 681 2664 haec
726 2607 780 2662 ex
826 2572 963 2662 officio
1006 2573 1307 2663 afferebantur
1349 2606 1462 2693 quae
1498 2574 1740 2695 Episcopus

257 2695 556 2786 Parocborum
592 2698 738 2786 lavore
770 2697 953 2788 deduxit
984 2728 1099 2785 anno
1134 2699 1269 2802 t859,
1323 2699 1490 2818 quique
1522 2699 1748 2787 asserebat

258 2821 552 2938 expostulasse
575 2855 598 2908 a
633 2819 844 2910 Pontifice
868 2852 946 2939 pro
969 2819 1272 2910 Paroeciarum
1297 2823 1518 2912 erectione
1541 2851 1749 2940 suppres-

258 2945 426 3034 sionem
462 2959 628 3062 septem
664 2943 1011 3036 canonicatuum
1045 2945 1398 3059 rispettioamente
1420 2943 1505 3032 alle
1529 2943 1619 3031 loro
1635 2973 1743 3058 por-

257 3067 376 3165 zioui
410 3064 458 3152 di
494 3067 630 3154 Massa
662 3065 802 3155 corate
835 3065 1005 3154 tenendo
1039 3068 1085 3152 ia
1117 3066 1456 3155 considerazione
1488 3067 1525 3154 il
1543 3067 1622 3184 pici
1644 3063 1751 3152 edil

257 3220 374 3278 meno
408 3191 477 3276 cui
508 3221 590 3276 esse
632 3187 877 3306 potrebbero
922 3189 1242 3276 eoentreabaente
1290 3189 1520 3277 ascendere.
1576 3189 1749 3301 Quibus

260 3311 465 3430 precibus
498 3311 692 3432 benigue
736 3311 990 3416 annuendo,
1027 3311 1178 3400 subdit
1224 3311 1482 3401 Pontificem
1517 3311 1740 3410 determi-

243 3465 390 3538 nasse
420 3452 591 3553 septem
625 3437 847 3556 portiones
880 3439 940 3520 sic
973 3434 1108 3523 dtctae
1146 3437 1303 3524 Musaue
1335 3435 1521 3523 eboratas
1554 3468 1574 3522 e
1617 3450 1749 3522 certa·

262 3572 393 3646 mente
422 3559 564 3674 pinsta
599 3557 641 3644 ia
672 3574 841 3646 natura
871 3592 892 3644 e
922 3572 1023 3646 tutte
1074 3557 1111 3644 le
1143 3559 1408 3674 continqenze
1451 3555 1568 3644 dello
1612 3589 1750 3644 massa

262 3712 430 3768 somnne
462 3711 574 3768 conte
606 3679 645 3768 si
673 3713 746 3768 era
779 3681 835 3768 da
869 3712 930 3767 me
960 3680 1213 3797 supplicato.
1252 3684 1455 3799 Aequum
1491 3679 1748 3769 deindere-

243 3803 432 3912 ,larebat
470 3822 516 3894 ut
549 3803 731 3892 Perochi
755 3804 811 3893 de
835 3803 961 3892 dictis
995 3803 1272 3920 portionibus
1305 3804 1538 3922 participes
1572 3801 1747 3908 tierent,

262 3927 475 4046 quoniam
501 3927 585 4044 ipsi
621 3928 763 4016 exitus
800 3945 844 4016 et
874 3927 1315 4046 omniaonerasuper
1333 3927 1459 4016 dictis
1477 3924 1753 4046 portionibus

260 4081 340 4167 pro
373 4081 563 4168 congrua
596 4049 821 4168 assignatis
854 4065 1079 4168 tamquam
1113 4051 1272 4140 coeteri
1314 4049 1586 4170 capitulares
1620 4049 1750 4138 susti·

261 4203 368 4263 nere
401 4173 537 4262 coacti
570 4191 688 4262 sunt.

386 4297 433 4384 ln
470 4290 545 4384 tali
582 4326 727 4386 rerum
768 4309 884 4384 statu
934 4295 974 4381 in
1011 4297 1414 4415 supramemoratis
1454 4294 1643 4384 comitiis
1676 4297 1748 4383 ba·

263 4419 369 4508 bitis
403 4419 460 4509 de
514 4449 664 4508 mense
717 4419 830 4508 lunii
872 4419 993 4506 t873
1042 4450 1229 4537 sequens
1278 4420 1499 4538 proposita
1544 4417 1624 4504 luit
1665 4417 1755 4505 ‘du-

245 4541 436 4646 ,bitandi
477 4541 664 4632 formula
700 4546 769 4629 An
803 4560 841 4630 et
875 4543 920 4628 in
953 4573 1034 4660 qua
1081 4573 1240 4632 ιιιιιιιιιιι
1273 4541 1456 4656 parocbi
1483 4540 1755 4682 participare

266 4661 437 4754 debeant
481 4663 532 4751 de
586 4667 722 4754 Massa
775 4665 1005 4756 liberali
987 4697 1033 4752 ιη
1069 4697 1180 4755 casu.
1224 4665 1322 4750 Eriii
1371 4665 1541 4767 Patres,
1590 4661 1752 4782 quiin

250 4787 357 4908 ,ipsa
412 4818 567 4878 causae
617 4789 918 4908 propositione
962 4789 1116 4878 moniti
1177 4787 1355 4876 luerunt
1397 4785 1719 4906 Capitulum
1707 4815 1755 4873 m

248 4909 336 5000 ius
363 4943 551 5032 arapacr
540 4910 667 5002 lisca
684 4928 887 5000 vocatum
908 4911 1043 5002 luisse
1062 4944 1143 5032 pro
1160 4910 1421 5028 parochialis
1443 4940 1663 5028 congruae
1685 4937 1754 4997 se·

265 5035 509 5152 paratione,
537 5065 593 5123 ne
616 5034 774 5123 vulnus
806 5033 984 5156 aliquod
1018 5035 1234 5126 Ecclesiae
1267 5033 1397 5122 bouis
1421 5033 1674 5138 inferretur,
1698 5044 1761 5120 at·

243 5172 384 5264 ¹tenta
406 5157 598 5274 Capituli
625 5158 851 5276 petitione,
872 5173 1137 5246 censuerunt
1159 5157 1402 5246 rescribere
1419 5155 1571 5244 Diluta
1594 5173 1631 5244 et
1649 5155 1755 5244 scri·

246 5279 391 5384 ΙΙιιιιιιι
422 5279 653 5398 Episcopo.
690 5279 1027 5372 MandatumS.
1066 5284 1120 5370 V.
1157 5282 1211 5370 0.
1248 5279 1332 5369 sub
1364 5278 1491 5369 diet
1525 5278 1761 5370 luliieius·

265 5403 368 5494 dem
404 5405 509 5492 anui
542 5405 755 5522 Episcopo
789 5403 1058 5520 patefactum
1079 5399 1175 5508 luit,
1197 5399 1274 5522 qui
1299 5403 1478 5522 insuper
1500 5401 1583 5492 fuit
1604 5402 1761 5492 admo·

271 5525 409 5633 uitus,
448 5542 495 5615 ut
527 5527 686 5616 auditis
719 5527 936 5646 partibus,
974 5527 1171 5617 referret:
1210 5527 1279 5617 Αιι
1312 5526 1535 5650 praefatae
1550 5559 1695 5616 cauma
1714 5526 1762 5614 in
