4516 6318
654 329 739 428 Du
772 332 830 422 l5
861 332 1089 428 Februarii
1118 336 1258 427 tatu.
1610 336 1703 436 1117

213 459 362 581 pictur,
398 473 446 544 ut
480 453 635 547 videre
677 472 743 546 est
790 457 835 546 in
884 457 1040 550 Euclea.
1091 460 1232 552 luttit.
1269 459 1306 548 1.
1343 493 1388 553 a.
1424 463 1706 560 SctEcclca.

214 583 354 681 latit.
392 575 592 672 XCVIII
621 610 666 668 rr.
692 579 769 670 ta.

341 701 613 818 Quodsero
644 703 1058 820 spectatziudicaudi
1088 733 1256 798 merem
1291 707 1418 800 huius
1450 711 1496 802 S.
1517 713 1708 833 Congre-

214 827 417 952 gationis,
454 841 686 916 sexcentae
720 827 1003 946 reperiuntur
1035 831 1352 936 resolutiones,
1404 835 1568 951 quibus
1600 839 1703 928 novi

214 953 349 1045 sontis
381 949 645 1040 erectionem
679 947 813 1040 medo
845 951 1072 1056 concessit,
1110 953 1244 1044 modo
1276 953 1527 1074 denegavit.
1549 961 1614 1050 Ne
1636 991 1708 1052 ve·

213 1109 268 1168 no
297 1106 387 1182 cas,
434 1072 504 1162 hic
547 1101 706 1191 magno
749 1105 850 1165 cum
884 1078 968 1164 EE.
1007 1075 1105 1166 VV.
1142 1076 1289 1168 taedio
1329 1079 1586 1195 singillatim
1627 1115 1707 1174 ex·

212 1197 481 1322 pendamus,
518 1225 644 1286 nosse
677 1198 780 1286 satis
813 1199 883 1302 sit,
930 1199 1102 1318 quoties
1127 1231 1286 1320 preuves
1319 1231 1476 1294 causae
1511 1205 1555 1292 in
1591 1195 1705 1296 iacto

215 1324 435 1424 adessent,
451 1349 565 1442 quac
587 1320 854 1410 erectionem
877 1323 1131 1429 suaderent,
1158 1355 1255 1413 eam
1279 1355 1527 1416 concessam
1551 1327 1700 1436 luisse,

215 1449 338 1536 nulla
371 1444 503 1534 etiam
539 1443 687 1532 habita
722 1447 891 1534 ratione
923 1448 1190 1536 anteriorum
1215 1446 1376 1536 iurium
1403 1449 1470 1538 vel
1494 1452 1704 1542 Ecclesia·-

215 1601 313 1661 rum
352 1569 421 1658 rel
454 1565 780 1686 parochorum:
815 1569 989 1690 quoties
1018 1599 1123 1660 vcro
1158 1567 1410 1661 huiusmodi
1443 1602 1596 1664 causac
1628 1574 1706 1670 dc·

214 1692 521 1784 siderarentur
553 1702 597 1776 et
630 1689 695 1780 ius
726 1691 978 1810 baptizandi
1023 1693 1149 1784 alicui
1183 1693 1398 1788 Ecclesiae
1420 1697 1489 1786 vel
1511 1697 1699 1814 parocho

215 1815 461 1938 quaesitum
497 1829 624 1917 esset,
661 1812 952 1934 denegatam
993 1815 1128 1936 idque
1160 1817 1338 1908 luctasse
1369 1818 1413 1908 in
1440 1819 1703 1938 obsequium

213 1937 491 2030 venerandae
533 1938 822 2057 antiquitatis,
860 1969 916 2026 ne
948 1939 1150 2031 videlicet
1183 1941 1277 2031 sine
1310 1943 1565 2034 necessitato
1597 1973 1703 2034 om-

213 2061 288 2152 nia
322 2061 502 2151 omnine
537 2061 714 2178 vestigia
746 2060 1001 2152 delerentur
1032 2063 1204 2184 pristini
1241 2064 1388 2168 moris,
1411 2097 1500 2184 quo
1533 2067 1575 2154 in
1613 2065 1706 2156 uni·

214 2219 263 2276 ca
299 2199 469 2275 tantum
502 2183 751 2274 Gathedrali
777 2187 965 2275 Ecclesia
997 2187 1244 2304 baptismus
1280 2187 1604 2278 conserebatur.

339 2310 464 2422 Quae
486 2309 749 2398 Benedictus
786 2311 889 2396 XlV
916 2308 972 2398 de
1005 2310 1267 2400 Bononiensi
1291 2311 1494 2416 Ecclesia,
1524 2312 1567 2400 id
1596 2313 1703 2402 haee

216 2434 265 2526 S.
301 2429 592 2550 Congregatio
615 2431 671 2522 dc
710 2431 1009 2522 Camerinensi
1047 2432 1230 2524 censuit.
1270 2436 1380 2524 Nam
1413 2465 1511 2552 cum
1549 2435 1591 2524 in
1625 2438 1706 2526 Ca·

212 2555 581 2647 marini-civitate
615 2569 702 2643 tres
735 2556 877 2644 adsint
912 2555 1179 2675 parochiales
1220 2557 1461 2660 Ecclesiae,
1497 2558 1574 2648 sed
1611 2557 1703 2650 sela

212 2677 483 2772 (luthedralis
516 2677 573 2764 ab
596 2676 938 2768 immemorabili
969 2679 1135 2770 lentem
1159 2679 1466 2800 baptismalem
1489 2681 1696 2786 retineat3

212 2833 405 2922 cumque
422 2799 632 2892 Canonici
655 2801 923 2920 collegiatae
944 2819 988 2892 et
1005 2804 1265 2924 paroehialis
1288 2804 1501 2894 Ecclesiae
1541 2806 1587 2897 S.
1610 2807 1705 2893 Ve-

214 2927 349 3016 nantii
397 2924 647 3013 facultatem
683 2923 739 3011 ab
772 2927 853 3014 hac
885 2928 930 3019 S.
965 2928 1015 3016 C.
1050 2929 1341 3045 postulassent
1373 2927 1573 3047 erigendi
1608 2927 1704 3016 len·

213 3065 303 3140 tem
335 3047 646 3167 baptismalem
682 3049 724 3134 in
760 3049 937 3166 propria
970 3051 1172 3157 Ecclesia,
1202 3067 1435 3170 propterea
1463 3049 1574 3168 quod
1607 3051 1704 3168 hyc-

212 3173 319 3261 meh'
354 3172 602 3290 pracsertim
647 3187 826 3288 tempore
852 3171 1058 3288 pleuriticis
1092 3173 1365 3262 incommodis
1395 3173 1576 3292 insontes
1609 3170 1700 3298 effi·

213 3296 398 3400 ciuntur,
434 3327 533 3384 cam
569 3293 625 3383 ad
659 3294 929 3384 Cathedralis
967 3297 1180 3386 Ecclesiae
1213 3295 1380 3388 lentem
1414 3297 1692 3403 delerentur,

212 3435 345 3538 atque
368 3419 600 3536 Episcopus
621 3417 918 3523 autthrmaret,
945 3419 992 3509 id
1013 3447 1119 3510 esser
1143 3422 1395 3538 incapabile·
1421 3437 1568 3508 tamen
1599 3451 1702 3511 cnm

208 3543 418 3635 Canonici
453 3541 722 3633 Cathedralis
755 3543 974 3632 Ecclesiae
995 3543 1290 3650 sustinerent,
1328 3543 1587 3632 iaceuuaodn
1621 3576 1703 3632 uon

194 3697 293 3756 essa
314 3697 456 3768 men,
493 3683 535 3755 ot
569 3665 652 3752 sibi
689 3665 752 3752 ira
781 3666 1044 3781 privativum
1077 3668 1286 3756 retinendi
1318 3668 1471 3788 sontem
1504 3667 1694 3757 vindica·

215 3807 351 3894 rent,
384 3789 613 3908 ‚preposito
648 3785 826 3878 dubio:
865 3829 883 3870 ι
924 3790 993 3878 Aa
1018 3792 1075 3880 sit
1098 3791 1438 3880 locusercctinai
1455 3789 1596 3910 sautu
1630 3791 1702 3878 ho·

210 3913 428 4031 ptiamulis
470 3929 508 4000 et
542 3912 642 3998 iuri:
656 3911 907 4026 baptizandi
940 3916 1164 4030 respective
1191 3917 1234 4002 ia
1273 3913 1462 4002 Ecclesia
1485 3913 1701 4030 Gellapiu·
1766 3989 1768 4002 .

213 4053 256 4125 ta
287 4053 326 4125 ct
351 4034 596 4153 parochiali
607 4035 655 4125 S.¹
680 4036 727 4123 V
723 4037 883 4124 euantii
901 4037 945 4124 iu
967 4069 1062 4124 ausu
1086 4072 1124 4143 ·;
1145 4039 1189 4128 S.
1212 4041 1373 4157 Gengr.
1409 4037 1527 4126 nulla
1562 4037 1697 4126 habi-

212 4177 253 4250 ta
289 4159 456 4248 ratione
491 4158 604 4247 illius
641 4158 924 4262 incommodi,
961 4159 1018 4248 de
1051 4192 1139 4280 quo
1172 4160 1377 4252 Canonici
1412 4163 1457 4252 S.
1485 4159 1695 4248 Venantii

210 4285 539 4403 querebantur,
589 4281 835 4398 respondit:
889 4283 1155 4400 depastae
1184 4285 1381 4400 atriplice.
1429 4285 1693 4372 Camerinan.

212 4407 448 4494 Erectiouis
480 4403 625 4524 Forctis
648 4404 929 4520 baptismalis,
955 4423 993 4494 et
1019 4408 1128 4494 iuris
1152 4405 1401 4523 baptizandi
1430 4407 1488 4495 10
1519 4406 1697 4492 Februo·

211 4531 274 4618 rii
303 4530 445 4618 tutu.
480 4538 484 4548 ’
553 4564 558 4579 ’
1485 4587 1514 4594 ·-

236 4721 238 4726 ,
341 4657 574 4770 Denegata
604 4647 781 4768 insuper
813 4669 1066 4742 constanter
1080 4653 1235 4742 luitab
1267 4653 1351 4742 ⁴hac
1377 4653 1423 4744 S.
1447 4653 1496 4742 C.
1515 4649 1695 4740 facultas

210 4775 410 4894 erigendi
446 4775 613 4863 lentem
647 4775 955 4894 baptismalem
988 4776 1031 4864 in
1055 4778 1209 4872 ceteris
1223 4776 1404 4866 alicuius
1423 4776 1608 4865 civitatis
1624 4805 1700 4892 pa·

209 4898 473 4989 rochialibus
493 4897 705 5001 Ecclesiis,
737 4899 906 5016 quotics
928 4931 984 4989 ex
1008 4932 1093 4989 una
1113 4917 1236 5017 pade
1263 4915 1497 5003 constaret,
1523 4897 1696 4986 unicam

209 5021 453 5114 Ecclesiam
482 5018 816 5140 baptismalem.
832 5051 924 5112 esse
942 5023 1089 5118 etiam
1125 5023 1361 5126 Matricem,
1384 5035 1450 5126 et
1475 5032 1531 5112 ex
1563 5023 1700 5110 altera

209 5175 299 5234 nen
334 5145 545 5236 verilicnri
578 5147 729 5263 gravia
760 5145 1057 5250 incommoda,
1094 5146 1128 5234 si
1163 5147 1348 5236 inlantes
1381 5145 1437 5234 ad
1470 5175 1566 5233 eam
1604 5163 1694 5230 tan·

211 5269 442 5359 tummodo
474 5269 728 5386 baptizandi
762 5267 1052 5356 deferrentur.
1089 5262 1184 5356 l'me
1226 5272 1270 5356 in
1305 5267 1556 5357 huiusmodi
1590 5264 1701 5356 casi-

208 5391 293 5482 bus
323 5393 423 5482 satis
457 5392 496 5482 ei
531 5391 626 5495 luit,
663 5407 712 5481 ut
752 5408 965 5480 constaret
999 5391 1303 5480 tantummode
1339 5391 1395 5481 de
1430 5391 1694 5480 maioritate.

211 5517 312 5605 Due
347 5532 516 5606 tantum
544 5515 776 5634 exempla,
817 5513 971 5604 ceteris
1009 5512 1161 5618 missis,
1202 5514 1410 5604 aeleram.
1448 5517 1497 5606 ln
1530 5511 1701 5635 oppido
