4446 6330
640 371 723 460 Die
753 373 814 461 25
845 371 1043 458 Ianuarii
1074 367 1212 459 1879.
1608 373 1670 462 59

179 493 272 584 61116
306 495 461 584 decem
496 495 693 584 millibus
744 493 939 614 praefici.
983 495 1080 607 Qua
1119 493 1163 580 16
1210 522 1260 581 66
1304 507 1460 580 testem
1495 490 1670 586 invocat

178 617 307 706 Pium
343 620 399 706 Vl
433 617 508 706 161.
545 649 706 720 recor„
744 618 821 737 qui
853 635 1045 706 excunte
1082 615 1255 706 sacculo
1288 615 1528 733 superiore,
1567 647 1669 706 cum

180 739 267 828 lata
293 759 407 830 esset
440 741 483 828 in
525 741 667 831 Gallia
703 742 805 847 lex,
848 770 981 860 quam
1016 755 1273 856 nuncupant
1310 739 1672 829 «Constituzioae

178 863 321 950 Civile
354 863 424 951 del
458 863 599 964 Claro,
632 905 648 942 ι
679 883 811 983 atque
861 865 967 952 haec
1000 865 1042 950 16
1079 880 1163 950 661.
1203 863 1261 948 15
1296 859 1500 950 definiret
1536 893 1669 951 unam

176 986 429 1103 paroeciam
462 986 506 1075 16
538 987 707 1106 singula
740 1019 816 1076 sex
849 985 1079 1074 hominum
1116 985 1251 1074 millia
1284 981 1495 1086 sufficere,
1517 988 1670 1102 gravi-

178 1126 247 1195 ter
280 1108 338 1196 dc
370 1111 452 1198 hoc
483 1128 663 1228 questus
696 1127 759 1198 est
794 1110 995 1198 laudatus
1045 1107 1243 1196 Pontifex
1286 1109 1329 1194 in
1375 1107 1514 1196 literis
1546 1107 1667 1226 Apo-

176 1232 339 1320 stolicis
377 1233 499 1344 Quod
530 1233 791 1350 aliquantam
824 1233 911 1322 diei
947 1235 1006 1320 10
1028 1231 1169 1320 Μ66111
1206 1231 1343 1334 1791,
1371 1261 1423 1318 66
1446 1231 1548 1350 quia
1573 1235 1668 1322 661-

175 1354 216 1441 16
252 1355 389 1442 modo
424 1388 526 1442 artus
559 1355 768 1471 parochus
804 1351 987 1478 sufficere
1020 1369 1134 1442 lanto
1168 1353 1353 1442 curando
1394 1353 1553 1471 populo
1595 1389 1671 1472 po·

178 1479 295 1565 terit.
335 1479 433 1590 Quo
469 1479 510 1565 iu
546 1481 641 1568 loco
675 1479 987 1568 animadvertit
1022 1478 1161 1564 Boaix
1216 1476 1267 1563 dc
1307 1477 1459 1564 Parae.
1493 1509 1592 1592 par.
1635 1481 1665 1568 2

175 1631 273 1716 cap.
310 1602 798 1716 16666662-1161-
834 1643 852 1682 ι
891 1605 979 1691 Ν66
1022 1602 1189 1690 dicatur
1225 1619 1430 1717 questum
1457 1604 1673 1690 6666166-
1726 1647 1728 1650 ·

181 1762 197 1801 ι
241 1723 398 1812 datum
433 1723 686 1813 Pontificem
721 1726 843 1842 quod
877 1726 994 1814 solus
1028 1726 1196 1845 absque
1230 1723 1411 1812 Vicariis
1453 1724 1667 1842 parochus

182 1887 197 1922 ι
242 1877 321 1934 sex
355 1848 493 1938 millia
528 1849 891 1966 parochianorum
927 1879 1077 1936 curare
1126 1848 1325 1936 deberet:
1375 1849 1668 1964 nequeenim

181 2009 198 2046 «
242 1969 562 2060 constitutionis
594 1972 731 2060 civilis
769 1971 993 2061 decretum
1029 1971 1210 2059 vicarias
1252 1970 1533 2060 excludebat.
1577 1973 1673 2060 lmo

180 2131 197 2170 ι
245 2093 479 2209 ipsammet
510 2127 585 2183 sex
620 2093 806 2182 millium
830 2096 1076 2183 animarum
1101 2097 1145 2182 in
1172 2094 1297 2182 unica
1327 2095 1523 2210 paroecia
1568 2127 1669 2184 coa-

182 2255 198 2293 «
243 2219 540 2305 servationem
576 2217 944 2334 reprehendebat,
984 2235 1111 2334 prout
1148 2235 1259 2305 totus
1291 2208 1669 2335 contextus'aper-

180 2378 195 2416 ι
243 2354 287 2426 16
321 2339 502 2432 iudicat.
529 2383 544 2418 ι
568 2343 646 2430 Cui
667 2341 734 2428 Pii
757 2343 812 2428 Vl
846 2341 1096 2430 testimonio
1120 2341 1374 2432 addendum
1400 2358 1544 2428 conset
1563 2343 1673 2432 Ora·
1701 2371 1703 2379 ’

175 2475 248 2548 166
282 2463 535 2580 exemplum
571 2466 726 2552 Leonis
760 2467 858 2569 Xll,
885 2466 960 2584 qui
992 2465 1080 2553 sola
1105 2463 1253 2582 populi
1278 2462 1567 2582 amplitudine
1586 2495 1675 2552 mo·

175 2598 262 2686 tus,
303 2615 382 2700 per
414 2589 781 2676 Constitutioncm
814 2587 946 2703 Super
986 2588 1417 2684 conterraneorum
1455 2589 1673 2706 paroecia·

174 2737 277 2794 rum
320 2711 772 2828 circumscriptionem
826 2711 866 2797 io
914 2712 1032 2798 Urbe
1066 2711 1276 2798 decrevit.
1314 2712 1358 2802 Si
1395 2711 1673 2828 131166666-

175 2829 337 2932 cludit,
367 2835 452 2920 Leo
476 2837 558 2922 Xll
592 2863 751 2922 novam
798 2835 1096 2950 paroeciarum
1140 2835 1590 2953 circumscriptionem
1626 2833 1670 2920 in

176 2954 294 3042 urbe
328 2955 522 3046 decrevit
554 2958 644 3045 sola
681 2955 831 3072 populi
865 2957 1159 3076 amplitudine
1193 2974 1364 3062 motus3
1406 2959 1440 3046 si
1475 2956 1576 3044 Pius
1617 2959 1674 3046 Vl

176 3077 220 3163 in
257 3107 336 3164 sex
369 3078 563 3195 capitum
603 3079 794 3167 millibus
845 3080 1134 3170 reiiciendum
1181 3080 1352 3200 putavit
1401 3079 1665 3168 vicariorum

175 3199 469 3318 praesidium,
498 3203 655 3321 potiori
675 3203 842 3292 ratione
876 3203 921 3293 id
954 3203 1192 3292 dicendum
1231 3221 1351 3292 tenet
1384 3203 1607 3307 in'causa,
1628 3203 1673 3290 in

176 3353 265 3440 qua
300 3322 543 3414 adversarii
577 3324 892 3444 septemdecim
925 3327 1060 3414 millia
1094 3327 1285 3444 capitum
1316 3326 1487 3416 circiter
1521 3323 1674 3416 diffite-

177 3446 211 3532 ri
249 3465 510 3563 nequeunt,
541 3449 617 3538 sed
664 3449 840 3538 realiter
886 3469 984 3538 sunt
1041 3449 1178 3537 millia
1223 3482 1300 3540 sex
1332 3473 1461 3568 supra
1496 3449 1667 3568 viginti,

176 3569 328 3684 prouti
360 3571 499 3660 civilis
531 3571 684 3661 edocet
716 3601 869 3661 census
902 3575 1002 3662 anni
1039 3573 1178 3660 1876.

306 3693 496 3782 Ulterius
531 3695 704 3784 innixus
738 3695 992 3784 Tridentino
1033 3697 1074 3784 in
1120 3728 1214 3811 cap.
1251 3699 1281 3784 lt
1313 3727 1408 3784 sess.
1444 3698 1494 3784 21
1529 3695 1580 3782 (16
1601 3727 1668 3784 re-

175 3815 308 3936 [orm.
334 3818 465 3906 tradit
497 3819 672 3922 Orator,
710 3819 828 3938 quod
852 3819 1034 3908 indicto
1083 3819 1225 3937 capite
1262 3822 1543 3912 Sacrosancta
1576 3819 1665 3936 Sy-

179 3937 323 4027 nodus
357 3939 467 4029 duos
502 3959 669 4029 tantum
704 3973 825 4030 casus
859 3943 1143 4060 proponit,ct
1187 3943 1262 4032 ubi
1297 3943 1486 4060 populus
1520 3941 1576 4028 ita
1595 3971 1672 4028 nu·

180 4092 379 4150 merosus
416 4079 496 4170 cst,
535 4079 582 4152 ut
615 4095 726 4154 unus
760 4083 901 4154 rector
935 4065 1130 4153 sufficere
1164 4096 1252 4153 666
1288 4065 1445 4183 possit,
1494 4063 1675 4166 mandat

184 4185 412 4302 Episcopis
446 4189 554 4275 alios
574 4185 832 4278 Sacerdotes
855 4219 934 4305 pro
958 4186 1211 4278 necessitate
1256 4188 1436 4307 adiungi
1453 4187 1574 4278 :.ubi
1598 4217 1673 4274 vc-

180 4338 229 4394 ro
264 4309 462 4399 locorum
495 4309 714 4414 distantia,
748 4329 823 4399 aut
863 4309 1091 4400 difficultas
1115 4311 1360 4416 intercedit,
1389 4341 1523 4400 novas
1547 4310 1671 4398 iubet

182 4429 292 4548 erigi
331 4433 559 4552 parochias
590 4434 723 4523 etiam
758 4434 903 4522 invitis
928 4435 1185 4524 rectoribus.
1222 4435 1358 4556 Atqui
1392 4465 1445 4522 ex
1488 4461 1664 4548 geome-

183 4568 275 4641 trae
309 4556 538 4660 relatione,
561 4571 604 4646 et
637 4589 692 4645 ex
723 4557 927 4676 graphica
962 4558 1148 4648 civitatis
1180 4557 1472 4674 descriptione
1497 4583 1670 4644 accura-

184 4691 226 4764 te
260 4677 489 4798 insculpta,
512 4697 556 4766 61
594 4681 777 4770 seorsim
801 4680 1107 4771 distribuenda
1130 4695 1279 4799 patere
1313 4681 1389 4784 611,
1411 4676 1569 4798 quod«
1598 4676 1672 4764 dal

190 4839 206 4876 ι
245 4821 397 4890 666166
429 4804 546 4892 della
579 4803 722 4922 piazza
758 4805 900 4892 116616
934 4803 1192 4924 seguitando
1226 4803 1266 4892 la
1314 4803 1383 4890 via
1432 4801 1509 4920 piis
1531 4813 1665 4903 corta,

192 4961 209 5000 ι
247 4924 284 5011 61
317 4929 482 5016 misura
515 4927 555 5015 la
589 4925 781 5016 distanza
816 4926 860 5016 di
883 4931 1011 5018 metri
1044 4929 1182 5017 1110.
1220 4924 1495 5044 Dall’angolo
1519 4927 1572 5012 B.
1599 4921 1671 5012 del

194 5084 210 5122 ι
248 5047 452 5138 bastione
485 5050 724 5168 interpasto
757 5051 840 5140 alle
873 5071 999 5170 porte
1032 5051 1078 5140 di
1096 5052 1143 5140 S.
1171 5049 1669 5140 BernardinaeS.Bar-

191 5207 208 5244 ι
249 5171 441 5276 16166666
476 5173 768 5292 percorrendo
802 5175 843 5262 la
877 5175 947 5263 via
978 5169 1672 5292 61166616661611821.1)6116

193 5331 209 5366 ι
247 5294 403 5384 Chiesa
426 5297 481 5387 cd
507 5297 673 5386 abitato
696 5295 743 5386 di
776 5299 821 5388 S.
844 5297 977 5385 Maria
1002 5297 1118 5386 della
1141 5295 1290 5387 Sanita
1314 5293 1604 5412 percorrendo
1629 5293 1670 5380 la

194 5453 211 5489 ι
250 5418 318 5506 via
343 5420 417 5536 piir
440 5439 559 5510 carta
576 5419 703 5510 metri
722 5420 999 5540 t3802qu0d
1023 5419 1141 5509 idem
1160 5449 1252 5508 esse
1270 5419 1437 5523 subdit,
1453 5419 1488 5508 si
1507 5415 1672 5506 incolae

190 5533 397 5654 degentes
431 5545 474 5630 16
510 5545 819 5633 transtiberina
854 5544 1028 5664 regione
1051 5543 1290 5662 parochum
1314 5543 1508 5630 invenire
1532 5541 1669 5630 debc-
