<?xml version="1.0" encoding="UTF-8"?>
<!DOCTYPE html PUBLIC "-//W3C//DTD XHTML 1.0 Transitional//EN"
    "http://www.w3.org/TR/xhtml1/DTD/xhtml1-transitional.dtd">
<html xmlns="http://www.w3.org/1999/xhtml" xml:lang="en" lang="en">
 <head>
  <title>
</title>
<meta http-equiv="Content-Type" content="text/html;charset=utf-8" />
  <meta name='ocr-system' content='tesseract 3.04.00' />
  <meta name='ocr-capabilities' content='ocr_page ocr_carea ocr_par ocr_line ocrx_word'/>
</head>
<body>
  <div class='ocr_page' id='page_1' title='image "./thesaurusresolu00churgoog_0063.png"; bbox 0 0 4446 6330; ppageno 0'>
   <div class='ocr_carea' id='block_1_1' title="bbox 504 301 1536 400">
    <p class='ocr_par' dir='ltr' id='par_1_1' title="bbox 504 301 1536 400">
     <span class='ocr_line' id='line_1_1' title="bbox 504 301 1536 400; baseline -0.008 0"><span class='ocrx_word' id='word_1_1' title='bbox 504 309 566 400; x_wconf 73' lang='lat'><strong>52</strong></span> <span class='ocrx_word' id='word_1_2' title='bbox 960 303 1041 392; x_wconf 88' lang='lat' dir='ltr'><strong>Die</strong></span> <span class='ocrx_word' id='word_1_3' title='bbox 1073 303 1132 393; x_wconf 74' lang='lat'><strong>25</strong></span> <span class='ocrx_word' id='word_1_4' title='bbox 1165 301 1362 391; x_wconf 74' lang='lat' dir='ltr'><strong><em>Ianuarii</em></strong></span> <span class='ocrx_word' id='word_1_5' title='bbox 1396 301 1536 393; x_wconf 84' lang='lat' dir='ltr'><strong>l879.</strong></span> 
     </span>
    </p>
   </div>
   <div class='ocr_carea' id='block_1_2' title="bbox 456 423 2015 5594">
    <p class='ocr_par' dir='ltr' id='par_1_2' title="bbox 506 423 1997 1015">
     <span class='ocr_line' id='line_1_2' title="bbox 506 423 1996 550; baseline -0.003 -28"><span class='ocrx_word' id='word_1_6' title='bbox 506 435 580 522; x_wconf 83' lang='lat' dir='ltr'><strong>vix</strong></span> <span class='ocrx_word' id='word_1_7' title='bbox 618 471 634 508; x_wconf 73' lang='grc' dir='ltr'><strong>α</strong></span> <span class='ocrx_word' id='word_1_8' title='bbox 673 447 768 547; x_wconf 87' lang='lat' dir='ltr'><strong>post</strong></span> <span class='ocrx_word' id='word_1_9' title='bbox 800 430 945 516; x_wconf 88' lang='lat' dir='ltr'><strong>varias</strong></span> <span class='ocrx_word' id='word_1_10' title='bbox 976 423 1479 550; x_wconf 77' lang='lat' dir='ltr'><strong>superatasdifficnltates</strong></span> <span class='ocrx_word' id='word_1_11' title='bbox 1507 427 1758 544; x_wconf 83' lang='lat' dir='ltr'><strong>praesertim</strong></span> <span class='ocrx_word' id='word_1_12' title='bbox 1781 425 1832 512; x_wconf 87' lang='lat' dir='ltr'><strong>ab</strong></span> <span class='ocrx_word' id='word_1_13' title='bbox 1852 425 1996 517; x_wconf 79' lang='lat' dir='ltr'><strong>indole</strong></span> 
     </span>
     <span class='ocr_line' id='line_1_3' title="bbox 510 549 1996 667; baseline -0.003 -25"><span class='ocrx_word' id='word_1_14' title='bbox 510 553 785 649; x_wconf 85' lang='lat' dir='ltr'><strong>Violantinae</strong></span> <span class='ocrx_word' id='word_1_15' title='bbox 823 551 1057 639; x_wconf 76' lang='lat' dir='ltr'><em>derivantes</em></span> <span class='ocrx_word' id='word_1_16' title='bbox 1098 592 1114 630; x_wconf 73' lang='grc' dir='ltr'>ι</span> <span class='ocrx_word' id='word_1_17' title='bbox 1153 550 1346 638; x_wconf 74' lang='lat' dir='ltr'><strong>obtineri</strong></span> <span class='ocrx_word' id='word_1_18' title='bbox 1397 552 1570 667; x_wconf 89' lang='lat' dir='ltr'><strong>potuit,</strong></span> <span class='ocrx_word' id='word_1_19' title='bbox 1612 565 1661 636; x_wconf 89' lang='lat' dir='ltr'><strong>ut</strong></span> <span class='ocrx_word' id='word_1_20' title='bbox 1694 549 1801 637; x_wconf 88' lang='lat' dir='ltr'><strong>haec</strong></span> <span class='ocrx_word' id='word_1_21' title='bbox 1833 551 1996 638; x_wconf 85' lang='lat' dir='ltr'><strong>mulier</strong></span> 
     </span>
     <span class='ocr_line' id='line_1_4' title="bbox 507 673 1997 794; baseline -0.004 -26"><span class='ocrx_word' id='word_1_22' title='bbox 507 681 563 768; x_wconf 88' lang='lat' dir='ltr'><strong>ab</strong></span> <span class='ocrx_word' id='word_1_23' title='bbox 598 675 908 794; x_wconf 77' lang='lat' dir='ltr'><strong>Albinganonsi</strong></span> <span class='ocrx_word' id='word_1_24' title='bbox 944 673 1112 762; x_wconf 81' lang='lat' dir='ltr'><strong>Vicario</strong></span> <span class='ocrx_word' id='word_1_25' title='bbox 1135 675 1337 762; x_wconf 76' lang='lat' dir='ltr'><strong>Gener-ali</strong></span> <span class='ocrx_word' id='word_1_26' title='bbox 1357 674 1642 791; x_wconf 74' lang='lat' dir='ltr'><strong>inquirente,</strong></span> <span class='ocrx_word' id='word_1_27' title='bbox 1681 689 1810 789; x_wconf 88' lang='lat' dir='ltr'><strong>atque</strong></span> <span class='ocrx_word' id='word_1_28' title='bbox 1846 673 1904 760; x_wconf 90' lang='lat' dir='ltr'><strong>ab</strong></span> <span class='ocrx_word' id='word_1_29' title='bbox 1936 673 1997 762; x_wconf 80' lang='lat' dir='ltr'><strong>ol-</strong></span> 
     </span>
     <span class='ocr_line' id='line_1_5' title="bbox 510 795 1997 890; baseline -0.004 0"><span class='ocrx_word' id='word_1_30' title='bbox 510 801 656 890; x_wconf 88' lang='lat' dir='ltr'><strong>ficioso</strong></span> <span class='ocrx_word' id='word_1_31' title='bbox 682 801 866 888; x_wconf 86' lang='lat' dir='ltr'>Vindice</span> <span class='ocrx_word' id='word_1_32' title='bbox 899 797 1167 884; x_wconf 87' lang='lat' dir='ltr'><strong>matrimonii</strong></span> <span class='ocrx_word' id='word_1_33' title='bbox 1204 799 1245 884; x_wconf 92' lang='lat' dir='ltr'><strong>in</strong></span> <span class='ocrx_word' id='word_1_34' title='bbox 1281 829 1356 886; x_wconf 92' lang='lat' dir='ltr'><strong>sua</strong></span> <span class='ocrx_word' id='word_1_35' title='bbox 1401 798 1674 886; x_wconf 86' lang='lat' dir='ltr'><strong>habitatione</strong></span> <span class='ocrx_word' id='word_1_36' title='bbox 1707 795 1997 884; x_wconf 84' lang='lat' dir='ltr'><strong>subiiceretur</strong></span> 
     </span>
     <span class='ocr_line' id='line_1_6' title="bbox 508 921 718 1015; baseline -0.029 0"><span class='ocrx_word' id='word_1_37' title='bbox 508 921 718 1015; x_wconf 82' lang='lat' dir='ltr'><strong>examini.</strong></span> 
     </span>
    </p>

    <p class='ocr_par' dir='ltr' id='par_1_3' title="bbox 456 1041 2015 4238">
     <span class='ocr_line' id='line_1_7' title="bbox 637 1041 2000 1160; baseline -0.001 -28"><span class='ocrx_word' id='word_1_38' title='bbox 637 1046 715 1132; x_wconf 78' lang='lat'><strong>25.</strong></span> <span class='ocrx_word' id='word_1_39' title='bbox 753 1043 895 1134; x_wconf 92' lang='lat' dir='ltr'><strong>Video</strong></span> <span class='ocrx_word' id='word_1_40' title='bbox 927 1044 1110 1160; x_wconf 85' lang='lat' dir='ltr'><strong>quidem</strong></span> <span class='ocrx_word' id='word_1_41' title='bbox 1146 1045 1188 1130; x_wconf 94' lang='lat' dir='ltr'><strong>in</strong></span> <span class='ocrx_word' id='word_1_42' title='bbox 1223 1042 1393 1131; x_wconf 87' lang='lat' dir='ltr'><strong>delectu</strong></span> <span class='ocrx_word' id='word_1_43' title='bbox 1438 1042 1675 1159; x_wconf 86' lang='lat' dir='ltr'><strong>corporalis</strong></span> <span class='ocrx_word' id='word_1_44' title='bbox 1718 1041 2000 1158; x_wconf 67' lang='lat' dir='ltr'><strong>inspectionis</strong></span> 
     </span>
     <span class='ocr_line' id='line_1_8' title="bbox 511 1163 1997 1286; baseline -0.005 -26"><span class='ocrx_word' id='word_1_45' title='bbox 511 1169 708 1260; x_wconf 79' lang='lat' dir='ltr'><strong>mulieris</strong></span> <span class='ocrx_word' id='word_1_46' title='bbox 741 1167 961 1283; x_wconf 87' lang='lat' dir='ltr'><strong>copiosam</strong></span> <span class='ocrx_word' id='word_1_47' title='bbox 997 1167 1184 1283; x_wconf 87' lang='lat' dir='ltr'><strong>prolerri</strong></span> <span class='ocrx_word' id='word_1_48' title='bbox 1209 1166 1470 1286; x_wconf 78' lang='lat' dir='ltr'><strong>phalangem</strong></span> <span class='ocrx_word' id='word_1_49' title='bbox 1492 1167 1668 1254; x_wconf 87' lang='lat' dir='ltr'><strong>testium</strong></span> <span class='ocrx_word' id='word_1_50' title='bbox 1687 1163 1997 1254; x_wconf 85' lang='lat' dir='ltr'><strong>affirmantium</strong></span> 
     </span>
     <span class='ocr_line' id='line_1_9' title="bbox 510 1289 2000 1408; baseline -0.005 -25"><span class='ocrx_word' id='word_1_51' title='bbox 510 1321 749 1408; x_wconf 83' lang='lat' dir='ltr'><strong>numquam</strong></span> <span class='ocrx_word' id='word_1_52' title='bbox 786 1319 879 1378; x_wconf 85' lang='lat' dir='ltr'><strong>sese</strong></span> <span class='ocrx_word' id='word_1_53' title='bbox 912 1290 1144 1377; x_wconf 83' lang='lat' dir='ltr'><strong>carnaliter</strong></span> <span class='ocrx_word' id='word_1_54' title='bbox 1178 1289 1500 1378; x_wconf 79' lang='lat' dir='ltr'><strong>commiscuissc</strong></span> <span class='ocrx_word' id='word_1_55' title='bbox 1535 1290 1661 1376; x_wconf 88' lang='lat' dir='ltr'><strong>hosce</strong></span> <span class='ocrx_word' id='word_1_56' title='bbox 1684 1319 1878 1406; x_wconf 74' lang='lat' dir='ltr'><strong>sponsos</strong></span> <span class='ocrx_word' id='word_1_57' title='bbox 1916 1290 2000 1376; x_wconf 84' lang='lat' dir='ltr'><strong>Ast</strong></span> 
     </span>
     <span class='ocr_line' id='line_1_10' title="bbox 512 1410 2000 1535; baseline -0.003 -31"><span class='ocrx_word' id='word_1_58' title='bbox 512 1447 619 1535; x_wconf 87' lang='lat' dir='ltr'><strong>qua,</strong></span> <span class='ocrx_word' id='word_1_59' title='bbox 656 1443 836 1532; x_wconf 87' lang='lat' dir='ltr'><strong>quaeso,</strong></span> <span class='ocrx_word' id='word_1_60' title='bbox 864 1413 1081 1515; x_wconf 88' lang='lat' dir='ltr'><strong>decausa,</strong></span> <span class='ocrx_word' id='word_1_61' title='bbox 1117 1442 1308 1530; x_wconf 88' lang='lat' dir='ltr'><strong>quanam</strong></span> <span class='ocrx_word' id='word_1_62' title='bbox 1354 1413 1599 1528; x_wconf 77' lang='lat' dir='ltr'><strong>cognitione</strong></span> <span class='ocrx_word' id='word_1_63' title='bbox 1648 1411 1694 1500; x_wconf 89' lang='lat' dir='ltr'><strong>id</strong></span> <span class='ocrx_word' id='word_1_64' title='bbox 1741 1410 2000 1499; x_wconf 75' lang='lat' dir='ltr'><strong>affirmant?</strong></span> 
     </span>
     <span class='ocr_line' id='line_1_11' title="bbox 513 1534 1997 1652; baseline -0.005 -24"><span class='ocrx_word' id='word_1_65' title='bbox 513 1544 579 1628; x_wconf 80' lang='lat' dir='ltr'><strong>Ex</strong></span> <span class='ocrx_word' id='word_1_66' title='bbox 614 1539 693 1624; x_wconf 89' lang='lat' dir='ltr'><strong>hoc</strong></span> <span class='ocrx_word' id='word_1_67' title='bbox 728 1567 815 1623; x_wconf 93' lang='lat' dir='ltr'><strong>ono</strong></span> <span class='ocrx_word' id='word_1_68' title='bbox 851 1535 1043 1652; x_wconf 87' lang='lat' dir='ltr'><strong>prolecto</strong></span> <span class='ocrx_word' id='word_1_69' title='bbox 1076 1535 1361 1636; x_wconf 90' lang='lat' dir='ltr'><strong>adminiculo,</strong></span> <span class='ocrx_word' id='word_1_70' title='bbox 1400 1535 1516 1622; x_wconf 89' lang='lat' dir='ltr'><strong>inani</strong></span> <span class='ocrx_word' id='word_1_71' title='bbox 1552 1535 1733 1651; x_wconf 84' lang='lat' dir='ltr'><strong>quidem</strong></span> <span class='ocrx_word' id='word_1_72' title='bbox 1770 1565 1819 1622; x_wconf 90' lang='lat' dir='ltr'><strong>ac</strong></span> <span class='ocrx_word' id='word_1_73' title='bbox 1859 1534 1997 1639; x_wconf 91' lang='lat' dir='ltr'><strong>labili,</strong></span> 
     </span>
     <span class='ocr_line' id='line_1_12' title="bbox 515 1656 2002 1783; baseline 0 -35"><span class='ocrx_word' id='word_1_74' title='bbox 515 1661 636 1783; x_wconf 92' lang='lat' dir='ltr'><strong>quod</strong></span> <span class='ocrx_word' id='word_1_75' title='bbox 672 1691 892 1776; x_wconf 83' lang='lat' dir='ltr'><strong>numquam</strong></span> <span class='ocrx_word' id='word_1_76' title='bbox 925 1659 1127 1776; x_wconf 80' lang='lat' dir='ltr'><strong>coniuges</strong></span> <span class='ocrx_word' id='word_1_77' title='bbox 1159 1659 1243 1746; x_wconf 91' lang='lat' dir='ltr'><strong>sub</strong></span> <span class='ocrx_word' id='word_1_78' title='bbox 1276 1657 1431 1746; x_wconf 86' lang='lat' dir='ltr'><strong>codem</strong></span> <span class='ocrx_word' id='word_1_79' title='bbox 1485 1673 1597 1746; x_wconf 86' lang='lat' dir='ltr'><strong>lecto</strong></span> <span class='ocrx_word' id='word_1_80' title='bbox 1646 1658 1739 1744; x_wconf 88' lang='lat' dir='ltr'><strong>sive</strong></span> <span class='ocrx_word' id='word_1_81' title='bbox 1772 1656 1870 1757; x_wconf 92' lang='lat' dir='ltr'><strong>viri,</strong></span> <span class='ocrx_word' id='word_1_82' title='bbox 1909 1656 2002 1748; x_wconf 82' lang='lat' dir='ltr'><strong>sive</strong></span> 
     </span>
     <span class='ocr_line' id='line_1_13' title="bbox 516 1780 2001 1898; baseline -0.002 -26"><span class='ocrx_word' id='word_1_83' title='bbox 516 1783 716 1884; x_wconf 88' lang='lat' dir='ltr'><strong>mulieris</strong></span> <span class='ocrx_word' id='word_1_84' title='bbox 751 1781 1096 1869; x_wconf 79' lang='lat' dir='ltr'><strong>cohabitaverint.</strong></span> <span class='ocrx_word' id='word_1_85' title='bbox 1133 1783 1224 1870; x_wconf 91' lang='lat' dir='ltr'><strong>Hoc</strong></span> <span class='ocrx_word' id='word_1_86' title='bbox 1256 1783 1374 1869; x_wconf 86' lang='lat' dir='ltr'><strong>enim</strong></span> <span class='ocrx_word' id='word_1_87' title='bbox 1407 1781 1590 1898; x_wconf 89' lang='lat' dir='ltr'><strong>deponit</strong></span> <span class='ocrx_word' id='word_1_88' title='bbox 1640 1780 1709 1867; x_wconf 87' lang='lat' dir='ltr'><strong>vel</strong></span> <span class='ocrx_word' id='word_1_89' title='bbox 1754 1782 1796 1866; x_wconf 93' lang='lat' dir='ltr'><strong>in</strong></span> <span class='ocrx_word' id='word_1_90' title='bbox 1848 1781 2001 1896; x_wconf 90' lang='lat' dir='ltr'><strong>primis</strong></span> 
     </span>
     <span class='ocr_line' id='line_1_14' title="bbox 515 1903 2003 2024; baseline -0.004 -28"><span class='ocrx_word' id='word_1_91' title='bbox 515 1907 699 2008; x_wconf 84' lang='lat' dir='ltr'><strong>lacobus</strong></span> <span class='ocrx_word' id='word_1_92' title='bbox 732 1907 946 2005; x_wconf 88' lang='lat' dir='ltr'><strong>Durante,</strong></span> <span class='ocrx_word' id='word_1_93' title='bbox 985 1904 1226 2024; x_wconf 78' lang='lat' dir='ltr'><strong>inquiens«</strong></span> <span class='ocrx_word' id='word_1_94' title='bbox 1257 1905 1273 1990; x_wconf 89' lang='lat' dir='ltr'><strong>i</strong></span> <span class='ocrx_word' id='word_1_95' title='bbox 1305 1907 1472 2020; x_wconf 83' lang='lat' dir='ltr'><strong>coninpi</strong></span> <span class='ocrx_word' id='word_1_96' title='bbox 1503 1935 1584 1990; x_wconf 90' lang='lat' dir='ltr'><strong>noa</strong></span> <span class='ocrx_word' id='word_1_97' title='bbox 1616 1903 1883 1990; x_wconf 86' lang='lat' dir='ltr'><strong>coabitarono</strong></span> <span class='ocrx_word' id='word_1_98' title='bbox 1918 1905 2003 1990; x_wconf 88' lang='lat' dir='ltr'><strong>mai</strong></span> 
     </span>
     <span class='ocr_line' id='line_1_15' title="bbox 515 2025 2003 2126; baseline -0.003 -7"><span class='ocrx_word' id='word_1_99' title='bbox 515 2032 688 2119; x_wconf 83' lang='lat' dir='ltr'><strong>insinno</strong></span> <span class='ocrx_word' id='word_1_100' title='bbox 726 2060 767 2126; x_wconf 84' lang='lat'><strong>»;</strong></span> <span class='ocrx_word' id='word_1_101' title='bbox 787 2027 866 2113; x_wconf 94' lang='lat' dir='ltr'><strong>hoc</strong></span> <span class='ocrx_word' id='word_1_102' title='bbox 887 2026 1031 2114; x_wconf 60' lang='lat' dir='ltr'><strong>vrcl&#39;ert</strong></span> <span class='ocrx_word' id='word_1_103' title='bbox 1067 2027 1424 2115; x_wconf 74' lang='lat' dir='ltr'><strong>Bartholomaeus</strong></span> <span class='ocrx_word' id='word_1_104' title='bbox 1453 2027 1583 2116; x_wconf 83' lang='lat' dir='ltr'><strong>Abba</strong></span> <span class='ocrx_word' id='word_1_105' title='bbox 1614 2068 1629 2104; x_wconf 77' lang='grc' dir='ltr'>ι</span> <span class='ocrx_word' id='word_1_106' title='bbox 1655 2028 1690 2112; x_wconf 88' lang='lat' dir='ltr'><strong>il</strong></span> <span class='ocrx_word' id='word_1_107' title='bbox 1721 2025 1874 2123; x_wconf 80' lang='lat' dir='ltr'><strong>Pinzo,</strong></span> <span class='ocrx_word' id='word_1_108' title='bbox 1903 2027 2003 2114; x_wconf 86' lang='lat' dir='ltr'><strong>ccle-</strong></span> 
     </span>
     <span class='ocr_line' id='line_1_16' title="bbox 515 2148 1996 2264; baseline -0.009 -23"><span class='ocrx_word' id='word_1_109' title='bbox 515 2155 636 2242; x_wconf 87' lang='lat' dir='ltr'><strong>brata</strong></span> <span class='ocrx_word' id='word_1_110' title='bbox 672 2149 705 2236; x_wconf 89' lang='lat' dir='ltr'><strong>il</strong></span> <span class='ocrx_word' id='word_1_111' title='bbox 740 2151 1026 2248; x_wconf 78' lang='lat' dir='ltr'><strong>trtatrimonio,</strong></span> <span class='ocrx_word' id='word_1_112' title='bbox 1063 2181 1142 2234; x_wconf 91' lang='lat' dir='ltr'><strong>non</strong></span> <span class='ocrx_word' id='word_1_113' title='bbox 1161 2154 1260 2264; x_wconf 83' lang='lat' dir='ltr'><strong>poti</strong></span> <span class='ocrx_word' id='word_1_114' title='bbox 1282 2153 1366 2237; x_wconf 77' lang='lat' dir='ltr'><strong>sisai</strong></span> <span class='ocrx_word' id='word_1_115' title='bbox 1404 2150 1613 2238; x_wconf 88' lang='lat' dir='ltr'><strong>coabitare</strong></span> <span class='ocrx_word' id='word_1_116' title='bbox 1646 2149 1757 2236; x_wconf 86' lang='lat' dir='ltr'><strong>colla</strong></span> <span class='ocrx_word' id='word_1_117' title='bbox 1780 2148 1932 2264; x_wconf 68' lang='lat' dir='ltr'><strong>manlia</strong></span> <span class='ocrx_word' id='word_1_118' title='bbox 1954 2181 1996 2250; x_wconf 75' lang='lat'><strong>»3</strong></span> 
     </span>
     <span class='ocr_line' id='line_1_17' title="bbox 516 2271 2004 2390; baseline -0.005 -24"><span class='ocrx_word' id='word_1_119' title='bbox 516 2279 598 2366; x_wconf 89' lang='lat' dir='ltr'><strong>hoc</strong></span> <span class='ocrx_word' id='word_1_120' title='bbox 632 2271 812 2360; x_wconf 86' lang='lat' dir='ltr'><strong>affirmat</strong></span> <span class='ocrx_word' id='word_1_121' title='bbox 847 2274 1012 2390; x_wconf 81' lang='lat' dir='ltr'><strong>hngcla</strong></span> <span class='ocrx_word' id='word_1_122' title='bbox 1046 2273 1192 2360; x_wconf 89' lang='lat' dir='ltr'><strong>Balbis</strong></span> <span class='ocrx_word' id='word_1_123' title='bbox 1232 2315 1248 2350; x_wconf 78' lang='grc' dir='ltr'>ι</span> <span class='ocrx_word' id='word_1_124' title='bbox 1278 2272 1314 2359; x_wconf 87' lang='lat' dir='ltr'><strong>il</strong></span> <span class='ocrx_word' id='word_1_125' title='bbox 1341 2273 1486 2360; x_wconf 86' lang='lat' dir='ltr'><strong>Padrc</strong></span> <span class='ocrx_word' id='word_1_126' title='bbox 1509 2273 1625 2360; x_wconf 87' lang='lat' dir='ltr'><strong>della</strong></span> <span class='ocrx_word' id='word_1_127' title='bbox 1644 2275 1691 2364; x_wconf 93' lang='lat' dir='ltr'><em>V</em></span> <span class='ocrx_word' id='word_1_128' title='bbox 1690 2271 1898 2359; x_wconf 87' lang='lat' dir='ltr'><strong>iolantina</strong></span> <span class='ocrx_word' id='word_1_129' title='bbox 1920 2301 2004 2358; x_wconf 86' lang='lat' dir='ltr'><strong>non</strong></span> 
     </span>
     <span class='ocr_line' id='line_1_18' title="bbox 516 2394 2003 2514; baseline -0.003 -28"><span class='ocrx_word' id='word_1_130' title='bbox 516 2399 571 2486; x_wconf 90' lang='lat' dir='ltr'><strong>ba</strong></span> <span class='ocrx_word' id='word_1_131' title='bbox 606 2397 691 2482; x_wconf 77' lang='lat' dir='ltr'><strong>nsai</strong></span> <span class='ocrx_word' id='word_1_132' title='bbox 725 2395 865 2481; x_wconf 80' lang='lat' dir='ltr'><strong>oolttto</strong></span> <span class='ocrx_word' id='word_1_133' title='bbox 910 2398 1152 2493; x_wconf 72' lang='lat' dir='ltr'><strong>coruscatire,</strong></span> <span class='ocrx_word' id='word_1_134' title='bbox 1190 2395 1260 2483; x_wconf 86' lang='lat' dir='ltr'><strong>ahc</strong></span> <span class='ocrx_word' id='word_1_135' title='bbox 1300 2395 1342 2482; x_wconf 86' lang='lat' dir='ltr'><strong>la</strong></span> <span class='ocrx_word' id='word_1_136' title='bbox 1375 2395 1499 2514; x_wconf 74' lang='lat' dir='ltr'><strong>fiplia</strong></span> <span class='ocrx_word' id='word_1_137' title='bbox 1548 2397 1725 2483; x_wconf 86' lang='lat' dir='ltr'><strong>abitasse</strong></span> <span class='ocrx_word' id='word_1_138' title='bbox 1766 2395 1832 2481; x_wconf 89' lang='lat' dir='ltr'><strong>col</strong></span> <span class='ocrx_word' id='word_1_139' title='bbox 1865 2394 2003 2482; x_wconf 81' lang='lat' dir='ltr'><strong>Pizzo</strong></span> 
     </span>
     <span class='ocr_line' id='line_1_19' title="bbox 510 2513 2005 2633; baseline -0.003 -23"><span class='ocrx_word' id='word_1_140' title='bbox 510 2513 562 2610; x_wconf 54' lang='lat' dir='ltr'><strong>&#39;in</strong></span> <span class='ocrx_word' id='word_1_141' title='bbox 596 2551 690 2606; x_wconf 87' lang='lat' dir='ltr'><strong>casa</strong></span> <span class='ocrx_word' id='word_1_142' title='bbox 714 2518 1097 2633; x_wconf 70' lang='lat' dir='ltr'><strong>propinandam</strong></span> <span class='ocrx_word' id='word_1_143' title='bbox 1129 2551 1210 2605; x_wconf 89' lang='lat' dir='ltr'><strong>non</strong></span> <span class='ocrx_word' id='word_1_144' title='bbox 1244 2521 1449 2608; x_wconf 84' lang='lat' dir='ltr'><strong>essendosi</strong></span> <span class='ocrx_word' id='word_1_145' title='bbox 1483 2519 1568 2608; x_wconf 82' lang='lat' dir='ltr'><strong>rnai</strong></span> <span class='ocrx_word' id='word_1_146' title='bbox 1600 2551 1732 2606; x_wconf 71' lang='lat' dir='ltr'><strong>salossa</strong></span> <span class='ocrx_word' id='word_1_147' title='bbox 1765 2517 1886 2604; x_wconf 87' lang='lat' dir='ltr'><strong>dalla</strong></span> <span class='ocrx_word' id='word_1_148' title='bbox 1908 2549 2005 2606; x_wconf 90' lang='lat' dir='ltr'><strong>casa</strong></span> 
     </span>
     <span class='ocr_line' id='line_1_20' title="bbox 510 2637 2004 2762; baseline -0.001 -32"><span class='ocrx_word' id='word_1_149' title='bbox 510 2661 692 2762; x_wconf 82' lang='lat' dir='ltr'><strong>paterna</strong></span> <span class='ocrx_word' id='word_1_150' title='bbox 729 2708 739 2727; x_wconf 89' lang='lat'><strong>.</strong></span> <span class='ocrx_word' id='word_1_151' title='bbox 782 2708 791 2726; x_wconf 89' lang='lat'><strong>.</strong></span> <span class='ocrx_word' id='word_1_152' title='bbox 832 2706 842 2727; x_wconf 89' lang='lat'><strong>.</strong></span> <span class='ocrx_word' id='word_1_153' title='bbox 880 2673 951 2727; x_wconf 88' lang='lat' dir='ltr'><strong>son</strong></span> <span class='ocrx_word' id='word_1_154' title='bbox 984 2637 1197 2741; x_wconf 75' lang='lat' dir='ltr'><strong>concitato,</strong></span> <span class='ocrx_word' id='word_1_155' title='bbox 1234 2643 1457 2759; x_wconf 86' lang='lat' dir='ltr'><strong>cbeqncsti</strong></span> <span class='ocrx_word' id='word_1_156' title='bbox 1492 2642 1571 2730; x_wconf 76' lang='lat' dir='ltr'><strong>dite</strong></span> <span class='ocrx_word' id='word_1_157' title='bbox 1602 2645 1716 2758; x_wconf 86' lang='lat' dir='ltr'><strong>sposi</strong></span> <span class='ocrx_word' id='word_1_158' title='bbox 1763 2673 1843 2728; x_wconf 89' lang='lat' dir='ltr'><strong>non</strong></span> <span class='ocrx_word' id='word_1_159' title='bbox 1867 2641 2004 2728; x_wconf 89' lang='lat' dir='ltr'><strong>hanno</strong></span> 
     </span>
     <span class='ocr_line' id='line_1_21' title="bbox 516 2764 2015 2884; baseline 0 -30"><span class='ocrx_word' id='word_1_160' title='bbox 516 2766 602 2854; x_wconf 87' lang='lat' dir='ltr'><strong>mai</strong></span> <span class='ocrx_word' id='word_1_161' title='bbox 639 2780 872 2851; x_wconf 87' lang='lat' dir='ltr'><strong>consumato</strong></span> <span class='ocrx_word' id='word_1_162' title='bbox 905 2764 941 2849; x_wconf 87' lang='lat' dir='ltr'><strong>il</strong></span> <span class='ocrx_word' id='word_1_163' title='bbox 975 2764 1066 2851; x_wconf 91' lang='lat' dir='ltr'><strong>loro</strong></span> <span class='ocrx_word' id='word_1_164' title='bbox 1100 2767 1367 2852; x_wconf 86' lang='lat' dir='ltr'><strong>matrimonio</strong></span> <span class='ocrx_word' id='word_1_165' title='bbox 1408 2799 1449 2865; x_wconf 83' lang='lat'><strong>·;</strong></span> <span class='ocrx_word' id='word_1_166' title='bbox 1485 2765 1564 2855; x_wconf 88' lang='lat' dir='ltr'><strong>hoc</strong></span> <span class='ocrx_word' id='word_1_167' title='bbox 1614 2765 1773 2884; x_wconf 85' lang='lat' dir='ltr'><strong>repetit</strong></span> <span class='ocrx_word' id='word_1_168' title='bbox 1806 2765 2015 2872; x_wconf 45' lang='lat' dir='ltr'><strong>Nicotaus,</strong></span> 
     </span>
     <span class='ocr_line' id='line_1_22' title="bbox 518 2885 2006 3004; baseline -0.002 -26"><span class='ocrx_word' id='word_1_169' title='bbox 518 2887 706 2979; x_wconf 89' lang='lat' dir='ltr'><strong>Lanusol</strong></span> <span class='ocrx_word' id='word_1_170' title='bbox 738 2885 931 2976; x_wconf 87' lang='lat' dir='ltr'><strong>relerens</strong></span> <span class='ocrx_word' id='word_1_171' title='bbox 969 2927 986 2966; x_wconf 77' lang='grc' dir='ltr'>ι</span> <span class='ocrx_word' id='word_1_172' title='bbox 1025 2919 1208 3002; x_wconf 87' lang='lat' dir='ltr'><strong>sponsos,</strong></span> <span class='ocrx_word' id='word_1_173' title='bbox 1235 2906 1443 2976; x_wconf 89' lang='lat' dir='ltr'><strong>contracto</strong></span> <span class='ocrx_word' id='word_1_174' title='bbox 1477 2889 1657 2991; x_wconf 86' lang='lat' dir='ltr'><strong>uinculo,</strong></span> <span class='ocrx_word' id='word_1_175' title='bbox 1695 2919 1917 3004; x_wconf 86' lang='lat' dir='ltr'><strong>numquam</strong></span> <span class='ocrx_word' id='word_1_176' title='bbox 1949 2887 2006 2975; x_wconf 90' lang='lat' dir='ltr'><strong>si·</strong></span> 
     </span>
     <span class='ocr_line' id='line_1_23' title="bbox 516 3009 2007 3131; baseline 0 -33"><span class='ocrx_word' id='word_1_177' title='bbox 516 3012 604 3100; x_wconf 84' lang='lat' dir='ltr'><strong>snnl</strong></span> <span class='ocrx_word' id='word_1_178' title='bbox 636 3009 953 3098; x_wconf 78' lang='lat' dir='ltr'><strong>cohabitasse».</strong></span> <span class='ocrx_word' id='word_1_179' title='bbox 990 3013 1080 3099; x_wconf 89' lang='lat' dir='ltr'><strong>lloc</strong></span> <span class='ocrx_word' id='word_1_180' title='bbox 1113 3009 1308 3130; x_wconf 88' lang='lat' dir='ltr'><strong>denique</strong></span> <span class='ocrx_word' id='word_1_181' title='bbox 1335 3015 1518 3100; x_wconf 85' lang='lat' dir='ltr'><strong>recitant</strong></span> <span class='ocrx_word' id='word_1_182' title='bbox 1539 3011 1629 3110; x_wconf 92' lang='lat' dir='ltr'><strong>alii,</strong></span> <span class='ocrx_word' id='word_1_183' title='bbox 1667 3042 1775 3131; x_wconf 90' lang='lat' dir='ltr'><strong>quos</strong></span> <span class='ocrx_word' id='word_1_184' title='bbox 1809 3011 2007 3100; x_wconf 86' lang='lat' dir='ltr'><strong>brevita-</strong></span> 
     </span>
     <span class='ocr_line' id='line_1_24' title="bbox 517 3135 2002 3254; baseline 0.001 -31"><span class='ocrx_word' id='word_1_185' title='bbox 517 3136 572 3224; x_wconf 90' lang='lat' dir='ltr'><strong>tis</strong></span> <span class='ocrx_word' id='word_1_186' title='bbox 604 3165 733 3222; x_wconf 85' lang='lat' dir='ltr'><strong>causa</strong></span> <span class='ocrx_word' id='word_1_187' title='bbox 767 3151 1012 3249; x_wconf 84' lang='lat' dir='ltr'><strong>praetereo,</strong></span> <span class='ocrx_word' id='word_1_188' title='bbox 1050 3161 1185 3252; x_wconf 91' lang='lat' dir='ltr'><strong>quum</strong></span> <span class='ocrx_word' id='word_1_189' title='bbox 1223 3165 1302 3224; x_wconf 90' lang='lat' dir='ltr'><strong>nec</strong></span> <span class='ocrx_word' id='word_1_190' title='bbox 1336 3135 1427 3250; x_wconf 89' lang='lat' dir='ltr'><strong>ipsc</strong></span> <span class='ocrx_word' id='word_1_191' title='bbox 1459 3137 1696 3227; x_wconf 89' lang='lat' dir='ltr'><strong>Canonista</strong></span> <span class='ocrx_word' id='word_1_192' title='bbox 1724 3135 1819 3254; x_wconf 92' lang='lat' dir='ltr'><strong>plus</strong></span> <span class='ocrx_word' id='word_1_193' title='bbox 1856 3135 2002 3224; x_wconf 84' lang='lat' dir='ltr'><strong>valere</strong></span> 
     </span>
     <span class='ocr_line' id='line_1_25' title="bbox 519 3255 2009 3375; baseline 0 -29"><span class='ocrx_word' id='word_1_194' title='bbox 519 3255 779 3346; x_wconf 85' lang='lat' dir='ltr'><strong>eorumdem</strong></span> <span class='ocrx_word' id='word_1_195' title='bbox 831 3257 1124 3372; x_wconf 83' lang='lat' dir='ltr'><strong>depositiones</strong></span> <span class='ocrx_word' id='word_1_196' title='bbox 1168 3259 1456 3375; x_wconf 86' lang='lat' dir='ltr'><strong>reputaverit.</strong></span> <span class='ocrx_word' id='word_1_197' title='bbox 1505 3260 1648 3370; x_wconf 85' lang='lat' dir='ltr'><strong>Quam</strong></span> <span class='ocrx_word' id='word_1_198' title='bbox 1695 3275 1840 3345; x_wconf 89' lang='lat' dir='ltr'><strong>tamea</strong></span> <span class='ocrx_word' id='word_1_199' title='bbox 1876 3255 2009 3346; x_wconf 79' lang='lat' dir='ltr'><strong>lallax</strong></span> 
     </span>
     <span class='ocr_line' id='line_1_26' title="bbox 518 3379 2004 3484; baseline -0.001 -15"><span class='ocrx_word' id='word_1_200' title='bbox 518 3381 575 3469; x_wconf 88' lang='lat' dir='ltr'><strong>sit</strong></span> <span class='ocrx_word' id='word_1_201' title='bbox 609 3379 747 3467; x_wconf 84' lang='lat' dir='ltr'><strong>illatio</strong></span> <span class='ocrx_word' id='word_1_202' title='bbox 778 3411 802 3466; x_wconf 89' lang='lat' dir='ltr'><strong>a</strong></span> <span class='ocrx_word' id='word_1_203' title='bbox 835 3379 1011 3468; x_wconf 90' lang='lat' dir='ltr'><strong>delectu</strong></span> <span class='ocrx_word' id='word_1_204' title='bbox 1045 3380 1378 3470; x_wconf 89' lang='lat' dir='ltr'><strong>cohabitationis</strong></span> <span class='ocrx_word' id='word_1_205' title='bbox 1424 3381 1479 3470; x_wconf 93' lang='lat' dir='ltr'><strong>ad</strong></span> <span class='ocrx_word' id='word_1_206' title='bbox 1514 3381 2004 3484; x_wconf 87' lang='lat' dir='ltr'><strong>inconsummationem,</strong></span> 
     </span>
     <span class='ocr_line' id='line_1_27' title="bbox 519 3502 2008 3623; baseline 0 -31"><span class='ocrx_word' id='word_1_207' title='bbox 519 3517 616 3623; x_wconf 89' lang='lat' dir='ltr'><strong>post</strong></span> <span class='ocrx_word' id='word_1_208' title='bbox 649 3534 699 3590; x_wconf 88' lang='lat' dir='ltr'><strong>ca</strong></span> <span class='ocrx_word' id='word_1_209' title='bbox 733 3531 848 3619; x_wconf 85' lang='lat' dir='ltr'><strong>quae</strong></span> <span class='ocrx_word' id='word_1_210' title='bbox 880 3503 1071 3622; x_wconf 81' lang='lat' dir='ltr'><strong>desuper</strong></span> <span class='ocrx_word' id='word_1_211' title='bbox 1102 3502 1288 3622; x_wconf 82' lang='lat' dir='ltr'><strong>exposui</strong></span> <span class='ocrx_word' id='word_1_212' title='bbox 1332 3503 1389 3592; x_wconf 84' lang='lat' dir='ltr'><strong>de</strong></span> <span class='ocrx_word' id='word_1_213' title='bbox 1427 3507 1566 3623; x_wconf 89' lang='lat' dir='ltr'><strong>spatio</strong></span> <span class='ocrx_word' id='word_1_214' title='bbox 1600 3507 1787 3622; x_wconf 75' lang='lat' dir='ltr'><strong>inteprae</strong></span> <span class='ocrx_word' id='word_1_215' title='bbox 1819 3502 1924 3604; x_wconf 87' lang='lat' dir='ltr'><strong>diei,</strong></span> <span class='ocrx_word' id='word_1_216' title='bbox 1963 3503 2008 3592; x_wconf 90' lang='lat' dir='ltr'><strong>iu</strong></span> 
     </span>
     <span class='ocr_line' id='line_1_28' title="bbox 518 3625 2008 3747; baseline 0 -33"><span class='ocrx_word' id='word_1_217' title='bbox 518 3625 767 3746; x_wconf 85' lang='lat' dir='ltr'><strong>quasimul</strong></span> <span class='ocrx_word' id='word_1_218' title='bbox 800 3627 1050 3714; x_wconf 84' lang='lat' dir='ltr'><strong>conversati</strong></span> <span class='ocrx_word' id='word_1_219' title='bbox 1084 3643 1186 3713; x_wconf 83' lang='lat' dir='ltr'><strong>sunt.</strong></span> <span class='ocrx_word' id='word_1_220' title='bbox 1219 3628 1397 3742; x_wconf 85' lang='lat' dir='ltr'><strong>sponsi,</strong></span> <span class='ocrx_word' id='word_1_221' title='bbox 1437 3630 1734 3747; x_wconf 87' lang='lat' dir='ltr'><strong>unusquisque</strong></span> <span class='ocrx_word' id='word_1_222' title='bbox 1766 3655 1846 3717; x_wconf 89' lang='lat' dir='ltr'><strong>suo</strong></span> <span class='ocrx_word' id='word_1_223' title='bbox 1878 3653 2008 3717; x_wconf 87' lang='lat' dir='ltr'><strong>sensu</strong></span> 
     </span>
     <span class='ocr_line' id='line_1_29' title="bbox 488 3747 2008 3870; baseline -0.001 -32"><span class='ocrx_word' id='word_1_224' title='bbox 488 3747 729 3870; x_wconf 73' lang='lat' dir='ltr'><strong>portante</strong></span> <span class='ocrx_word' id='word_1_225' title='bbox 762 3749 966 3867; x_wconf 89' lang='lat' dir='ltr'><strong>concipit,</strong></span> <span class='ocrx_word' id='word_1_226' title='bbox 1004 3780 1140 3870; x_wconf 87' lang='lat' dir='ltr'><strong>quum</strong></span> <span class='ocrx_word' id='word_1_227' title='bbox 1179 3751 1300 3865; x_wconf 81' lang='lat' dir='ltr'><strong>virgo</strong></span> <span class='ocrx_word' id='word_1_228' title='bbox 1323 3767 1465 3838; x_wconf 87' lang='lat' dir='ltr'><strong>aetate</strong></span> <span class='ocrx_word' id='word_1_229' title='bbox 1498 3749 1674 3854; x_wconf 81' lang='lat' dir='ltr'><strong>florem,</strong></span> <span class='ocrx_word' id='word_1_230' title='bbox 1711 3767 1754 3838; x_wconf 89' lang='lat' dir='ltr'><strong>et</strong></span> <span class='ocrx_word' id='word_1_231' title='bbox 1786 3749 2008 3868; x_wconf 77' lang='lat' dir='ltr'><strong>coniugali</strong></span> 
     </span>
     <span class='ocr_line' id='line_1_30' title="bbox 519 3872 2005 3990; baseline -0.001 -30"><span class='ocrx_word' id='word_1_232' title='bbox 519 3876 695 3960; x_wconf 89' lang='lat' dir='ltr'><strong>l&#39;ervens</strong></span> <span class='ocrx_word' id='word_1_233' title='bbox 727 3901 877 3959; x_wconf 88' lang='lat' dir='ltr'><strong>amoro</strong></span> <span class='ocrx_word' id='word_1_234' title='bbox 913 3902 998 3960; x_wconf 92' lang='lat' dir='ltr'><strong>non</strong></span> <span class='ocrx_word' id='word_1_235' title='bbox 1032 3872 1085 3958; x_wconf 90' lang='lat' dir='ltr'><strong>sit</strong></span> <span class='ocrx_word' id='word_1_236' title='bbox 1123 3873 1249 3960; x_wconf 85' lang='lat' dir='ltr'><strong>turris</strong></span> <span class='ocrx_word' id='word_1_237' title='bbox 1282 3903 1397 3990; x_wconf 86' lang='lat' dir='ltr'><strong>quae</strong></span> <span class='ocrx_word' id='word_1_238' title='bbox 1430 3874 1707 3962; x_wconf 83' lang='lat' dir='ltr'><strong>solummodo</strong></span> <span class='ocrx_word' id='word_1_239' title='bbox 1750 3873 1935 3962; x_wconf 88' lang='lat' dir='ltr'><strong>ballistis</strong></span> <span class='ocrx_word' id='word_1_240' title='bbox 1961 3885 2005 3960; x_wconf 88' lang='lat' dir='ltr'><strong>et</strong></span> 
     </span>
     <span class='ocr_line' id='line_1_31' title="bbox 456 3993 2009 4116; baseline -0.001 -32"><span class='ocrx_word' id='word_1_241' title='bbox 456 4081 463 4098; x_wconf 83' lang='grc'>,</span> <span class='ocrx_word' id='word_1_242' title='bbox 516 3993 751 4110; x_wconf 80' lang='lat' dir='ltr'><strong>catapultis</strong></span> <span class='ocrx_word' id='word_1_243' title='bbox 782 4013 1076 4114; x_wconf 77' lang='lat' dir='ltr'><strong>expugnatur,</strong></span> <span class='ocrx_word' id='word_1_244' title='bbox 1124 3996 1201 4084; x_wconf 91' lang='lat' dir='ltr'><strong>sed</strong></span> <span class='ocrx_word' id='word_1_245' title='bbox 1233 3995 1395 4113; x_wconf 76' lang='lat' dir='ltr'><strong>fragilis</strong></span> <span class='ocrx_word' id='word_1_246' title='bbox 1417 3997 1602 4099; x_wconf 85' lang='lat' dir='ltr'><strong>arundo,</strong></span> <span class='ocrx_word' id='word_1_247' title='bbox 1630 4029 1745 4116; x_wconf 88' lang='lat' dir='ltr'><strong>qaae</strong></span> <span class='ocrx_word' id='word_1_248' title='bbox 1780 3997 1842 4084; x_wconf 94' lang='lat' dir='ltr'><strong>ibi</strong></span> <span class='ocrx_word' id='word_1_249' title='bbox 1870 3995 2009 4116; x_wconf 87' lang='lat' dir='ltr'><strong>proti·</strong></span> 
     </span>
     <span class='ocr_line' id='line_1_32' title="bbox 523 4111 1633 4238; baseline 0.003 -33"><span class='ocrx_word' id='word_1_250' title='bbox 523 4111 604 4205; x_wconf 85' lang='lat' dir='ltr'><strong>nus</strong></span> <span class='ocrx_word' id='word_1_251' title='bbox 639 4115 892 4220; x_wconf 88' lang='lat' dir='ltr'><strong>inflectitur,</strong></span> <span class='ocrx_word' id='word_1_252' title='bbox 930 4119 1008 4208; x_wconf 90' lang='lat' dir='ltr'><strong>ubi</strong></span> <span class='ocrx_word' id='word_1_253' title='bbox 1041 4120 1200 4208; x_wconf 86' lang='lat' dir='ltr'><strong>amoris</strong></span> <span class='ocrx_word' id='word_1_254' title='bbox 1232 4119 1391 4209; x_wconf 85' lang='lat' dir='ltr'><strong>halitus</strong></span> <span class='ocrx_word' id='word_1_255' title='bbox 1424 4121 1633 4238; x_wconf 83' lang='lat' dir='ltr'><strong>exspirat.</strong></span> 
     </span>
    </p>

    <p class='ocr_par' dir='ltr' id='par_1_4' title="bbox 520 4239 2015 5594">
     <span class='ocr_line' id='line_1_33' title="bbox 644 4239 2001 4346; baseline 0.004 -21"><span class='ocrx_word' id='word_1_256' title='bbox 644 4239 722 4326; x_wconf 80' lang='lat'><strong>26.</strong></span> <span class='ocrx_word' id='word_1_257' title='bbox 759 4241 847 4328; x_wconf 88' lang='lat' dir='ltr'><strong>Nec</strong></span> <span class='ocrx_word' id='word_1_258' title='bbox 881 4255 1027 4329; x_wconf 88' lang='lat' dir='ltr'><strong>tamen</strong></span> <span class='ocrx_word' id='word_1_259' title='bbox 1061 4241 1247 4346; x_wconf 87' lang='lat' dir='ltr'><strong>inficior,</strong></span> <span class='ocrx_word' id='word_1_260' title='bbox 1285 4274 1338 4332; x_wconf 85' lang='lat' dir='ltr'><strong>ex</strong></span> <span class='ocrx_word' id='word_1_261' title='bbox 1371 4241 1575 4332; x_wconf 89' lang='lat' dir='ltr'><strong>deductis</strong></span> <span class='ocrx_word' id='word_1_262' title='bbox 1597 4245 1781 4333; x_wconf 89' lang='lat' dir='ltr'><strong>testibus</strong></span> <span class='ocrx_word' id='word_1_263' title='bbox 1814 4245 2001 4332; x_wconf 86' lang='lat' dir='ltr'><strong>alterum</strong></span> 
     </span>
     <span class='ocr_line' id='line_1_34' title="bbox 523 4359 2007 4483; baseline 0.002 -34"><span class='ocrx_word' id='word_1_264' title='bbox 523 4359 638 4450; x_wconf 89' lang='lat' dir='ltr'><strong>idest</strong></span> <span class='ocrx_word' id='word_1_265' title='bbox 669 4361 1109 4483; x_wconf 83' lang='lat' dir='ltr'><strong>Archipresbytcrum</strong></span> <span class='ocrx_word' id='word_1_266' title='bbox 1153 4367 1351 4455; x_wconf 74' lang='lat' dir='ltr'><strong>Barbara</strong></span> <span class='ocrx_word' id='word_1_267' title='bbox 1393 4395 1612 4471; x_wconf 85' lang='lat' dir='ltr'><strong>enarrare,</strong></span> <span class='ocrx_word' id='word_1_268' title='bbox 1669 4409 1685 4445; x_wconf 77' lang='grc' dir='ltr'>ι</span> <span class='ocrx_word' id='word_1_269' title='bbox 1724 4401 1750 4455; x_wconf 92' lang='lat' dir='ltr'><strong>a</strong></span> <span class='ocrx_word' id='word_1_270' title='bbox 1783 4399 1844 4452; x_wconf 78' lang='lat' dir='ltr'><strong>nse</strong></span> <span class='ocrx_word' id='word_1_271' title='bbox 1877 4369 2007 4456; x_wconf 87' lang='lat' dir='ltr'><strong>inter·</strong></span> 
     </span>
     <span class='ocr_line' id='line_1_35' title="bbox 520 4483 2011 4606; baseline 0.004 -36"><span class='ocrx_word' id='word_1_272' title='bbox 520 4499 692 4600; x_wconf 77' lang='lat' dir='ltr'><strong>ruputas</strong></span> <span class='ocrx_word' id='word_1_273' title='bbox 725 4483 905 4606; x_wconf 80' lang='lat' dir='ltr'><strong>(Pizzo),</strong></span> <span class='ocrx_word' id='word_1_274' title='bbox 943 4488 1048 4576; x_wconf 86' lang='lat' dir='ltr'><strong>banc</strong></span> <span class='ocrx_word' id='word_1_275' title='bbox 1080 4487 1130 4578; x_wconf 91' lang='lat' dir='ltr'><strong>ab</strong></span> <span class='ocrx_word' id='word_1_276' title='bbox 1162 4489 1241 4576; x_wconf 86' lang='lat' dir='ltr'><strong>illo</strong></span> <span class='ocrx_word' id='word_1_277' title='bbox 1274 4489 1438 4577; x_wconf 89' lang='lat' dir='ltr'><strong>obtinui</strong></span> <span class='ocrx_word' id='word_1_278' title='bbox 1475 4492 1799 4606; x_wconf 71' lang='lat' dir='ltr'><strong>responsioncnn</strong></span> <span class='ocrx_word' id='word_1_279' title='bbox 1827 4489 1874 4580; x_wconf 91' lang='lat' dir='ltr'><em>V</em></span> <span class='ocrx_word' id='word_1_280' title='bbox 1873 4487 2011 4578; x_wconf 80' lang='lat' dir='ltr'><strong>iotan-</strong></span> 
     </span>
     <span class='ocr_line' id='line_1_36' title="bbox 522 4608 2010 4730; baseline 0.003 -36"><span class='ocrx_word' id='word_1_281' title='bbox 522 4608 635 4694; x_wconf 86' lang='lat' dir='ltr'><strong>tinae</strong></span> <span class='ocrx_word' id='word_1_282' title='bbox 668 4625 807 4722; x_wconf 84' lang='lat' dir='ltr'><strong>pater,</strong></span> <span class='ocrx_word' id='word_1_283' title='bbox 828 4612 963 4698; x_wconf 84' lang='lat' dir='ltr'><strong>nostri</strong></span> <span class='ocrx_word' id='word_1_284' title='bbox 987 4613 1251 4700; x_wconf 85' lang='lat' dir='ltr'><strong>matrimonii</strong></span> <span class='ocrx_word' id='word_1_285' title='bbox 1283 4613 1472 4729; x_wconf 72' lang='lat' dir='ltr'><strong>ipnarns,</strong></span> <span class='ocrx_word' id='word_1_286' title='bbox 1510 4613 1617 4700; x_wconf 88' lang='lat' dir='ltr'><strong>mibi</strong></span> <span class='ocrx_word' id='word_1_287' title='bbox 1649 4614 1889 4730; x_wconf 82' lang='lat' dir='ltr'><strong>inpedivit,</strong></span> <span class='ocrx_word' id='word_1_288' title='bbox 1910 4643 2010 4730; x_wconf 76' lang='lat' dir='ltr'><strong>qno·</strong></span> 
     </span>
     <span class='ocr_line' id='line_1_37' title="bbox 521 4729 2012 4855; baseline 0.003 -39"><span class='ocrx_word' id='word_1_289' title='bbox 521 4731 657 4816; x_wconf 88' lang='lat' dir='ltr'><strong>minas</strong></span> <span class='ocrx_word' id='word_1_290' title='bbox 678 4729 1046 4822; x_wconf 86' lang='lat' dir='ltr'><strong>condormitioaem</strong></span> <span class='ocrx_word' id='word_1_291' title='bbox 1062 4767 1153 4822; x_wconf 87' lang='lat' dir='ltr'><strong>cum</strong></span> <span class='ocrx_word' id='word_1_292' title='bbox 1175 4767 1262 4823; x_wconf 88' lang='lat' dir='ltr'><strong>mea</strong></span> <span class='ocrx_word' id='word_1_293' title='bbox 1276 4767 1408 4822; x_wconf 80' lang='lat' dir='ltr'><strong>arcora</strong></span> <span class='ocrx_word' id='word_1_294' title='bbox 1422 4733 1627 4846; x_wconf 85' lang='lat' dir='ltr'><strong>haberem,</strong></span> <span class='ocrx_word' id='word_1_295' title='bbox 1648 4765 1769 4855; x_wconf 83' lang='lat' dir='ltr'><strong>quam</strong></span> <span class='ocrx_word' id='word_1_296' title='bbox 1788 4767 1859 4823; x_wconf 87' lang='lat' dir='ltr'><strong>neo</strong></span> <span class='ocrx_word' id='word_1_297' title='bbox 1882 4734 2012 4824; x_wconf 86' lang='lat' dir='ltr'><strong>habui</strong></span> 
     </span>
     <span class='ocr_line' id='line_1_38' title="bbox 520 4853 2007 4979; baseline 0.004 -40"><span class='ocrx_word' id='word_1_298' title='bbox 520 4853 619 4969; x_wconf 84' lang='lat' dir='ltr'><strong>ipsa</strong></span> <span class='ocrx_word' id='word_1_299' title='bbox 634 4854 897 4942; x_wconf 82' lang='lat' dir='ltr'><strong>matrimonii</strong></span> <span class='ocrx_word' id='word_1_300' title='bbox 924 4855 994 4944; x_wconf 81' lang='lat' dir='ltr'><strong>die</strong></span> <span class='ocrx_word' id='word_1_301' title='bbox 1033 4889 1076 4959; x_wconf 80' lang='grc' dir='ltr'><strong>ι,·</strong></span> <span class='ocrx_word' id='word_1_302' title='bbox 1110 4857 1297 4947; x_wconf 86' lang='lat' dir='ltr'><strong>alterum</strong></span> <span class='ocrx_word' id='word_1_303' title='bbox 1333 4875 1499 4962; x_wconf 89' lang='lat' dir='ltr'><strong>autem,</strong></span> <span class='ocrx_word' id='word_1_304' title='bbox 1538 4889 1698 4979; x_wconf 88' lang='lat' dir='ltr'><strong>nempe</strong></span> <span class='ocrx_word' id='word_1_305' title='bbox 1728 4859 2007 4948; x_wconf 81' lang='lat' dir='ltr'><strong>Franciscom</strong></span> 
     </span>
     <span class='ocr_line' id='line_1_39' title="bbox 522 4974 2011 5100; baseline 0.001 -35"><span class='ocrx_word' id='word_1_306' title='bbox 522 4974 703 5066; x_wconf 85' lang='lat' dir='ltr'><strong>Giaoeri</strong></span> <span class='ocrx_word' id='word_1_307' title='bbox 735 5007 925 5069; x_wconf 86' lang='lat' dir='ltr'><strong>asserere</strong></span> <span class='ocrx_word' id='word_1_308' title='bbox 961 5019 979 5059; x_wconf 74' lang='grc' dir='ltr'>ι</span> <span class='ocrx_word' id='word_1_309' title='bbox 1017 4981 1040 5066; x_wconf 78' lang='grc' dir='ltr'><strong><em>ὲ</em></strong></span> <span class='ocrx_word' id='word_1_310' title='bbox 1072 5009 1167 5068; x_wconf 85' lang='lat' dir='ltr'><strong>once</strong></span> <span class='ocrx_word' id='word_1_311' title='bbox 1196 4979 1408 5098; x_wconf 83' lang='lat' dir='ltr'><strong>pubblica,</strong></span> <span class='ocrx_word' id='word_1_312' title='bbox 1445 4981 1517 5070; x_wconf 82' lang='lat' dir='ltr'><strong>che</strong></span> <span class='ocrx_word' id='word_1_313' title='bbox 1548 4983 1635 5100; x_wconf 80' lang='lat' dir='ltr'><strong>apli</strong></span> <span class='ocrx_word' id='word_1_314' title='bbox 1662 5013 1743 5070; x_wconf 87' lang='lat' dir='ltr'><strong>non</strong></span> <span class='ocrx_word' id='word_1_315' title='bbox 1775 4980 1899 5071; x_wconf 87' lang='lat' dir='ltr'><strong>abbia</strong></span> <span class='ocrx_word' id='word_1_316' title='bbox 1923 4980 2011 5068; x_wconf 86' lang='lat' dir='ltr'><strong>nai</strong></span> 
     </span>
     <span class='ocr_line' id='line_1_40' title="bbox 525 5099 2015 5225; baseline 0.003 -39"><span class='ocrx_word' id='word_1_317' title='bbox 525 5099 638 5188; x_wconf 82' lang='lat' dir='ltr'><strong>colla</strong></span> <span class='ocrx_word' id='word_1_318' title='bbox 684 5099 842 5219; x_wconf 75' lang='lat' dir='ltr'><strong>moplie</strong></span> <span class='ocrx_word' id='word_1_319' title='bbox 881 5119 1117 5193; x_wconf 83' lang='lat' dir='ltr'><strong>consonate</strong></span> <span class='ocrx_word' id='word_1_320' title='bbox 1162 5105 1197 5192; x_wconf 89' lang='lat' dir='ltr'><strong>il</strong></span> <span class='ocrx_word' id='word_1_321' title='bbox 1237 5107 1538 5207; x_wconf 86' lang='lat' dir='ltr'><strong>matrimonio,·</strong></span> <span class='ocrx_word' id='word_1_322' title='bbox 1570 5105 1622 5194; x_wconf 84' lang='lat' dir='ltr'><strong>ed</strong></span> <span class='ocrx_word' id='word_1_323' title='bbox 1654 5107 1740 5225; x_wconf 74' lang='lat' dir='ltr'><strong>apli</strong></span> <span class='ocrx_word' id='word_1_324' title='bbox 1783 5123 1909 5195; x_wconf 88' lang='lat' dir='ltr'><strong>stesso</strong></span> <span class='ocrx_word' id='word_1_325' title='bbox 1933 5104 2015 5222; x_wconf 82' lang='lat' dir='ltr'><strong>pisi</strong></span> 
     </span>
     <span class='ocr_line' id='line_1_41' title="bbox 520 5223 2012 5351; baseline 0.005 -43"><span class='ocrx_word' id='word_1_326' title='bbox 520 5223 631 5312; x_wconf 84' lang='lat' dir='ltr'><strong>nolte</strong></span> <span class='ocrx_word' id='word_1_327' title='bbox 659 5223 786 5313; x_wconf 84' lang='lat' dir='ltr'><strong>l’cbbe</strong></span> <span class='ocrx_word' id='word_1_328' title='bbox 804 5224 914 5315; x_wconf 87' lang='lat' dir='ltr'><strong>detto</strong></span> <span class='ocrx_word' id='word_1_329' title='bbox 937 5260 963 5315; x_wconf 95' lang='lat' dir='ltr'><strong>a</strong></span> <span class='ocrx_word' id='word_1_330' title='bbox 983 5259 1045 5316; x_wconf 89' lang='lat' dir='ltr'><strong>mc</strong></span> <span class='ocrx_word' id='word_1_331' title='bbox 1067 5227 1476 5351; x_wconf 77' lang='lat' dir='ltr'><strong>confidenziahncnte</strong></span> <span class='ocrx_word' id='word_1_332' title='bbox 1498 5263 1519 5318; x_wconf 86' lang='lat' dir='ltr'><strong>c</strong></span> <span class='ocrx_word' id='word_1_333' title='bbox 1540 5227 1598 5318; x_wconf 87' lang='lat' dir='ltr'><strong>da</strong></span> <span class='ocrx_word' id='word_1_334' title='bbox 1630 5231 1763 5318; x_wconf 87' lang='lat' dir='ltr'><strong>amico</strong></span> <span class='ocrx_word' id='word_1_335' title='bbox 1788 5270 1826 5318; x_wconf 75' lang='grc' dir='ltr'><strong>ι.</strong></span> <span class='ocrx_word' id='word_1_336' title='bbox 1848 5225 2012 5344; x_wconf 84' lang='lat' dir='ltr'><strong>Quoad</strong></span> 
     </span>
     <span class='ocr_line' id='line_1_42' title="bbox 521 5345 2011 5472; baseline 0.005 -40"><span class='ocrx_word' id='word_1_337' title='bbox 521 5345 716 5464; x_wconf 86' lang='lat' dir='ltr'><strong>primum</strong></span> <span class='ocrx_word' id='word_1_338' title='bbox 750 5347 932 5467; x_wconf 89' lang='lat' dir='ltr'><strong>quidem</strong></span> <span class='ocrx_word' id='word_1_339' title='bbox 963 5349 1098 5442; x_wconf 87' lang='lat' dir='ltr'><strong>lacilis</strong></span> <span class='ocrx_word' id='word_1_340' title='bbox 1132 5368 1195 5441; x_wconf 90' lang='lat' dir='ltr'><strong>est</strong></span> <span class='ocrx_word' id='word_1_341' title='bbox 1214 5354 1454 5472; x_wconf 87' lang='lat' dir='ltr'><strong>responsio.</strong></span> <span class='ocrx_word' id='word_1_342' title='bbox 1482 5353 1775 5443; x_wconf 74' lang='lat' dir='ltr'><strong>Gorsdormitio</strong></span> <span class='ocrx_word' id='word_1_343' title='bbox 1808 5355 1929 5443; x_wconf 91' lang='lat' dir='ltr'><strong>enim</strong></span> <span class='ocrx_word' id='word_1_344' title='bbox 1952 5349 2011 5440; x_wconf 86' lang='lat' dir='ltr'><strong>de</strong></span> 
     </span>
     <span class='ocr_line' id='line_1_43' title="bbox 523 5471 2007 5594; baseline 0.004 -38"><span class='ocrx_word' id='word_1_345' title='bbox 523 5497 612 5586; x_wconf 90' lang='lat' dir='ltr'><strong>qua</strong></span> <span class='ocrx_word' id='word_1_346' title='bbox 644 5471 839 5590; x_wconf 88' lang='lat' dir='ltr'><strong>loquitur</strong></span> <span class='ocrx_word' id='word_1_347' title='bbox 882 5474 1249 5594; x_wconf 80' lang='lat' dir='ltr'><strong>Archiprcshyter</strong></span> <span class='ocrx_word' id='word_1_348' title='bbox 1281 5476 1508 5581; x_wconf 84' lang='lat' dir='ltr'><strong>Barbam,</strong></span> <span class='ocrx_word' id='word_1_349' title='bbox 1562 5505 1648 5565; x_wconf 94' lang='lat' dir='ltr'><strong>non</strong></span> <span class='ocrx_word' id='word_1_350' title='bbox 1681 5507 1803 5567; x_wconf 89' lang='lat' dir='ltr'><strong>secus</strong></span> <span class='ocrx_word' id='word_1_351' title='bbox 1835 5475 2007 5567; x_wconf 88' lang='lat' dir='ltr'><strong>intelli—</strong></span> 
     </span>
    </p>
   </div>
   <div class='ocr_carea' id='block_1_3' title="bbox 0 0 2249 6324">
    <p class='ocr_par' dir='ltr' id='par_1_5' title="bbox 0 0 2249 6324">
     <span class='ocr_line' id='line_1_44' title="bbox 0 0 2249 6324; baseline 0 0"><span class='ocrx_word' id='word_1_352' title='bbox 0 0 2249 6324; x_wconf 95' lang='lat' dir='ltr'><strong> </strong></span> 
     </span>
    </p>
   </div>
  </div>
 </body>
</html>
