4558 6340
1614 382 1707 471 teo

209 671 217 682 ·
282 628 362 714 Die
383 624 553 714 Sabbati
588 625 648 713 26
671 622 845 739 Aprilis
885 624 1008 712 t879
1031 625 1075 711 ia
1102 624 1277 713 Palatio
1304 625 1552 742 Apostolioo
1590 628 1634 716 V
1634 630 1715 716 oti·

343 807 444 862 eano
468 775 550 860 erit
570 773 701 860 Sacra
724 774 1005 890 Conpreqatio
1029 775 1231 878 Concitii,
1260 777 1304 862 in
1327 809 1410 892 qeta
1427 795 1599 892 praeter
1621 780 1713 867 otia

338 939 628 1042 proponentur
662 921 946 1043 infrascripta
977 921 1144 1023 Dnbia,
1184 925 1303 1011 iaxta
1336 959 1488 1014 morem
1529 928 1709 1016 eiusdem

343 1073 495 1161 Sacrae
527 1072 876 1192 Conprepationis
911 1073 962 1162 de
995 1076 1087 1161 iure
1119 1074 1380 1163 resolvenda.

348 1735 778 1936 ALBINGANEN.
816 1843 1279 1939 DISPENSATiONIS
1304 1847 1660 1936 MATRIMONH.
1680 1895 1712 1928 =-.
1744 1837 1851 1926 Sese.
1887 1837 1950 1927 24
1979 1870 2077 1954 cap.
2114 1839 2135 1927 t
2183 1911 2186 1917 .

221 1974 270 2058 in
318 1969 504 2057 comitiis
552 1965 640 2056 diei
684 1969 745 2057 25
789 1969 976 2058 Ianuarii
1028 1969 1297 2056 decurrentis
1344 1971 1450 2055 antri
1496 1973 1706 2060 ventilata
1745 1961 2131 2084 destes·d1ttlrim·

216 2099 324 2184 haee
355 2123 484 2182 eausa
519 2091 600 2180 tuit
633 2095 715 2180 sub
739 2092 878 2182 dnbio
910 2147 940 2162 -
970 2091 1042 2176 Aa
1065 2094 1119 2178 sit
1142 2091 1434 2178 consulendam
1469 2094 1594 2181 SSr‘no
1624 2127 1712 2212 pro

218 2215 526 2332 dispensatione
557 2217 823 2303 matrimonii
855 2217 943 2302 rati
976 2230 1013 2301 et
1040 2245 1124 2301 non
1170 2217 1445 2308 eonsnmrreati
1489 2219 1534 2305 in
1557 2249 1653 2306 oasa
1686 2274 1717 2289 -

216 2359 261 2430 et
295 2371 551 2456 responsum
586 2339 751 2456 prodiit
783 2395 812 2410 -
847 2335 1116 2462 Affirmatioe
1138 2393 1183 2425 -.

344 2465 431 2550 Hoc
465 2463 585 2551 edito
635 2461 844 2579 rescripto
891 2463 1162 2552 Sacramenti
1197 2461 1402 2563 Vindex,
1441 2461 1708 2552 inhaerendo

219 2585 495 2706 dispositioni
526 2583 864 2674 constitutionis
896 2583 980 2671 Dei
1017 2587 1288 2673 Mis-eratione
1332 2583 1479 2672 editae
1513 2618 1536 2674 a
1571 2589 1714 2676 Bene-

217 2709 335 2800 dinto
369 2709 487 2810 xlv,
517 2739 654 2796 novae
678 2709 914 2797 auditionis
949 2709 1213 2798 benetie-ium
1241 2705 1478 2826 postulavit
1501 2711 1718 2798 obtinuit·

218 2865 320 2952 que,
360 2851 493 2951 atque
526 2830 582 2919 nd
617 2833 698 2918 hoe
731 2863 864 2922 novos
898 2833 1004 2918 mihi
1043 2829 1452 2920 animadversiones
1492 2831 1711 2920 exhibuit.

218 2958 274 3045 tis
309 2957 444 3074 igitur
478 2957 738 3074 perpensis,
777 2957 958 3072 aliisque
992 2955 1033 3038 in
1072 2967 1423 3073 praememorata
1458 2955 1718 3072 Congrege-

223 3082 342 3166 tionn
376 3079 590 3181 deductis,
629 3079 847 3178 resolvant
871 3080 955 3166 EE.
981 3079 1068 3165 PP.
1095 3109 1287 3196 quonam
1307 3105 1515 3192 responso
1539 3096 1715 3168 suetum

227 3201 543 3292 dimittendum
574 3200 628 3289 sit

844 3451 1061 3538 DUBIUM

342 3695 416 3786 Aa
447 3699 501 3785 sit
532 3695 728 3800 ¹standena
762 3693 827 3783 oei
860 3695 1138 3785 recedendum
1171 3730 1197 3783 a
1230 3697 1384 3788 decisis
1418 3698 1463 3785 in
1496 3727 1608 3782 casa.

339 4085 390 4173 In
426 4083 596 4175 decisis.
