4460 6332
624 329 718 421 426
1090 335 1266 424 01'023
1298 333 1484 453 Aupurti
1516 335 1653 426 1879.

627 455 745 548 enim
779 487 834 546 ex
865 487 953 548 una
988 473 1113 576 parte
1159 457 1326 550 incolae
1376 459 1494 550 illius
1542 459 1623 550 loci
1671 459 1936 579 percupiunt
1969 495 2071 562 norae

626 579 808 700 adiungi
850 582 1093 698 paroeciae,
1140 583 1202 672 uti
1238 584 1397 672 lactum
1434 583 1623 700 probat,
1661 614 1745 672 nos
1796 582 1973 673 edocens
2000 593 2073 709 llpi·

626 733 807 823 scopum
842 735 927 793 una
961 735 1061 793 cum
1097 706 1249 796 incolis
1281 706 1448 794 Bessolo
1492 707 1548 795 ad
1594 707 1676 798 huc
1724 705 2071 813 contendissem

626 829 763 916 altera
810 827 1047 934 asseritur,
1101 845 1145 918 at
1197 829 1481 919 contradictio
1525 860 1609 918 non
1662 830 1899 950 probatur.
1944 833 2076 926 Praeter

626 951 745 1038 enim
793 951 982 1040 vividam
1031 951 1341 1072 hypotyposim
1379 952 1436 1042 de
1475 983 1627 1041 eorum
1672 952 1935 1040 reluctantia
1964 985 1985 1042 a
2017 960 2076 1046 Pa-

628 1074 757 1164 rocho
798 1091 1047 1192 peractam,
1091 1077 1196 1164 nilril
1230 1075 1349 1165 aliud
1398 1077 1439 1164 in
1484 1075 1589 1164 actis
1622 1074 1880 1176 invenitur,
1921 1103 2075 1194 nequer

628 1195 757 1314 longe
792 1197 928 1314 ipsam
963 1197 1168 1318 indigitat
1201 1199 1460 1316 Episcopus,
1498 1227 1633 1316 penes
1677 1227 1818 1317 quern
1853 1197 2001 1286 incolas
2027 1202 2076 1287 in-

625 1317 784 1410 stitisse
826 1318 882 1408 ad
925 1321 1007 1410 hoc
1053 1321 1206 1410 asserit
1255 1323 1488 1414 Paroclrus.
1538 1323 1590 1410 Et
1633 1335 1755 1410 certe
1806 1319 1984 1407 inveniri
2019 1353 2075 1410 no-

627 1441 752 1560 quit,
790 1473 888 1532 cum
924 1441 1041 1532 locus
1075 1444 1156 1534 iste
1205 1444 1309 1564 ipsis
1359 1444 1633 1534 commodior
1664 1459 1749 1532 est.
1795 1441 1866 1530 Ad
1904 1471 1986 1530 rem
2014 1446 2074 1533 Ca·

627 1563 829 1684 pilularis
867 1565 1063 1654 Vicarins
1098 1567 1140 1654 in
1190 1568 1394 1686 superius
1438 1567 1629 1658 recitatis
1677 1563 1849 1654 literis:
1891 1602 1906 1639 ι
1941 1565 2073 1676 Quanto

635 1728 652 1765 ι
692 1685 873 1776 allerma
908 1687 937 1776 il
979 1690 1137 1808 Signor
1181 1691 1389 1780 Provosto
1429 1689 1766 1780 relativamentc
1808 1685 1892 1774 alla
1933 1688 2073 1805 Burgata

633 1850 651 1888 ι
688 1814 855 1902 llasero
887 1811 911 1898 e
943 1811 1249 1902 contraddetto
1276 1812 1346 1902 dai
1379 1811 1576 1932 seguenti
1614 1811 1712 1902 latti
1747 1806 1896 1901 durati
1931 1813 2070 1898 costanti

632 1975 650 2013 ι
689 1933 746 2024 da
792 1933 904 2022 dieci
937 1966 961 2023 e
996 1934 1071 2052 piis
1106 1935 1226 2024 antri:
1264 1936 1310 2022 l⁰
1345 1937 1403 2026 La
1439 1941 1623 2056 Borgata
1669 1937 1842 2024 ¹llasero
1883 1959 1963 2016 non
1991 1961 2071 2019 raa

631 2094 650 2136 ι
689 2059 969 2175 Scarmagno,
1006 2087 1078 2146 ma
1109 2057 1150 2148 al
1193 2059 1367 2148 Bessolo
1407 2089 1485 2177 per
1534 2059 1574 2147 la
1624 2056 1852 2176 prorvista
1888 2051 1930 2140 di
1960 2053 2067 2142 salec

632 2217 650 2256 r
692 2179 870 2270 tabacco
913 2179 958 2270 di
992 2181 1062 2270 cui
1096 2180 1355 2302 abbisogna:
1390 2184 1438 2272 2⁰
1463 2179 1624 2274 Mando
1645 2179 1731 2271 alla
1754 2175 1901 2268 sruola
1923 2171 2071 2262 dclBea·

632 2339 650 2377 ι
690 2303 784 2392 solo
817 2335 841 2389 e
875 2333 962 2391 nun
1006 2305 1052 2394 di
1102 2307 1368 2423 Scarmagno
1402 2307 1414 2396 i
1449 2303 1538 2424 ligli
1570 2335 1596 2392 e
1629 2303 1671 2393 le
1704 2301 1848 2421 figlie:
1883 2294 1927 2386 3⁰
1956 2298 2071 2384 Nona

634 2462 651 2502 ι
690 2425 972 2546 Scarmagno,
1012 2459 1084 2516 ma
1116 2427 1156 2517 al
1190 2429 1457 2548 Coppellano
1491 2427 1566 2518 del
1600 2427 1780 2516 Bessolo
1802 2417 2068 2510 cbicdeicon·

636 2586 652 2624 ι
692 2547 791 2636 lorti
825 2549 1017 2668 religiosi
1061 2551 1176 2640 uelle
1208 2552 1331 2669 gravi
1382 2550 1605 2642 inlermitai
1633 2587 1651 2629 a
1678 2547 1775 2667 qui,
1812 2559 1861 2634 ut
1891 2552 2068 2658 exponunt

630 2669 799 2760 incolae
831 2674 1052 2778 Oratores,
1086 2715 1102 2752 c
1131 2675 1334 2763 comecclui
1365 2708 1446 2763 nou
1468 2671 1681 2792 obblipoto
1704 2667 1835 2760 rende
1859 2665 1943 2752 loro
1972 2660 2067 2748 uolr-

629 2793 731 2882 lieri
757 2793 841 2883 tali
876 2795 1101 2912 spirituali
1127 2798 1287 2914 scruipi
1313 2839 1351 2884 ι,
2032 2901 2039 2918 ⁰

755 2919 883 3008 llisce
915 2919 1139 3040 expositis,
1177 2918 1356 3012 rideant
1386 2923 1471 3010 ΕΕ.
1498 2919 1593 3008 VV.
1617 2948 1669 3008 ca
1701 2947 1791 3042 qua
1816 2919 2015 3046 praestant
2029 2931 2069 3042 rt·

627 3039 687 3130 ria
719 3041 934 3160 sapientia
969 3059 1012 3132 et
1046 3041 1257 3166 religione
1289 3073 1487 3163 quonam
1510 3071 1717 3160 responso
1739 3061 1928 3157 sequens
1955 3032 2063 3119 drmit

628 3162 814 3255 tendum
847 3165 902 3255 sit

1282 3289 1502 3380 DUBlUll

753 3531 827 3621 Aa
865 3551 904 3624 rt
945 3533 1148 3652 quomodo
1186 3537 1241 3625 sit
1265 3535 1377 3624 locus
1404 3531 1775 3624 dismemdrctr'om'
1798 3523 1942 3620 ueteris
1965 3528 2066 3605 cler*

631 3657 763 3746 ctiori
785 3689 913 3746 nonae
933 3657 1164 3746 Poroeciue
1195 3660 1241 3746 ia
1267 3689 1378 3746 coar.

750 3987 895 4078 Dilata
928 3989 985 4078 ad
1017 3989 1278 4108 proximam.

199 4645 565 4768 Seu.220ap.9
686 4741 693 4756 ,
761 4543 1210 4746 Aeneadarum
1245 4655 1852 4749 reaccenduntur-:tu
1875 4667 1977 4788 terra
2002 4633 2063 4720 Au·

199 4775 256 4866 de
288 4775 525 4899 deformat.
630 4781 680 4870 tii
712 4778 1039 4868 Acheruntinae
1070 4779 1414 4869 Archidioecesis
1445 4781 1564 4869 duae
1597 4797 1751 4870 extant
1777 4793 1969 4902 canonici}
1994 4775 2064 4896 Ψ

625 4919 723 4994 ctae
744 4901 1136 4992 confraternitates
1162 4902 1350 5008 laicales,
1393 4933 1582 5024 quarum
1604 4903 1742 4993 altera
1786 4937 1809 4992 a
1836 4894 2062 4994 santissimo

626 5029 950 5130 Sacramento,
992 5025 1126 5114 altera
1172 5055 1274 5114 vero
1318 5058 1344 5114 a
1380 5025 1426 5116 S.
1469 5027 1604 5117 llario
1646 5027 1856 5116 Dolorosa
1889 5019 2051 5113 auncurt

411 5237 415 5246 .
506 5165 510 5170 ’
627 5167 719 5239 tur.
755 5147 1060 5238 Controversia
1104 5147 1161 5236 de
1194 5147 1501 5266 praecedentia
1530 5151 1573 5237 in
1610 5147 1839 5238 luncribus
1875 5140 2061 5252 etprocts‘

626 5269 824 5362 sionibus
856 5270 972 5360 inter
1004 5271 1178 5360 easdem
1215 5273 1363 5388 paucis
1394 5271 1555 5361 abhinc
1586 5273 1715 5361 annis
1748 5285 1914 5367 exorta,
1946 5250 2061 5357 ,dpa-

627 5392 812 5484 randam
846 5423 1003 5482 causae
1035 5391 1347 5482 discussionem
1371 5393 1760 5513 Archiepiscopalis
1788 5372 2061 5485 curiadelett·

635 5518 699 5604 vit
720 5517 1159 5635 Archipresbyterum
1179 5515 1293 5605 illius
1327 5517 1453 5606 loci:
1466 5547 1493 5606 c
1503 5517 1712 5636 prendere
1740 5511 1962 5634 copuiziom
1978 5480 2030 5580 tltl
