4530 6336
525 309 617 399 346
1025 303 1105 390 Dia
1136 304 1197 390 26
1232 301 1335 420 lolii
1371 303 1507 420 4879:

521 433 634 521 corsi
668 443 812 516 contro
851 423 899 510 di
939 423 1001 510 lai
1044 458 1063 511 e
1100 425 1401 541 precisarnente
1445 441 1589 513 contro
1629 425 1673 512 lo
1711 455 1783 510 sna
1823 415 2079 510 moralitd

526 551 601 643 dal
624 585 695 641 sno
733 549 942 636 Porroco.

547 747 551 757 ,
647 673 798 764 Rebus
832 670 876 756 in
910 669 993 756 hoe
1027 685 1140 758 statu
1176 671 1543 787 permanentibus
1560 666 1773 762 Sacerdos
1797 665 1932 756 nano
1977 693 2082 750 no-

373 765 379 780 '
524 828 624 888 vam
650 799 695 886 s.
724 798 778 883 n.
804 793 858 880 0.
892 790 1053 880 obruto
1088 793 1459 882 renunnnnnem
1493 795 1579 882 sua
1612 793 1686 884 on
1720 789 1867 878 siun
1908 786 2077 875 osas

524 925 568 1010 in
601 951 689 1040 qua
723 915 965 1006 declaravit
1013 915 1085 1001 alie
1139 918 1336 1003 rinuncia
1382 915 1673 1036 sormalmcnta
1711 912 1801 1000 olla
1842 938 2078 1028 procura

523 1043 592 1132 del
645 1043 802 1157 Sipnor
844 1037 1000 1124 Enrico
1038 1037 1185 1126 Solari
1221 1069 1303 1155 per
1333 1041 1398 1126 eid
1433 1040 1504 1126 elie
1559 1069 1753 1126 concerno
1805 1035 1848 1122 la
1874 1035 1933 1122 di
1992 1032 2075 1119 tui

527 1166 709 1285 pastione
747 1159 861 1278 nepli
894 1157 1028 1281 affari
1065 1159 1133 1249 del
1184 1162 1422 1250 modesinro.
1460 1163 1556 1276 Qua
1591 1176 1769 1277 accepta
1818 1157 1902 1246 sub
1975 1154 2072 1246 die

524 1287 681 1377 alulit
720 1285 841 1373 1878
874 1313 1063 1400 sequens
1098 1283 1216 1374 edidi
1266 1285 1497 1374 decretum
1550 1283 1911 1397 Arcliepiscopo,
1978 1281 2073 1395 qai

527 1417 716 1528 inspecto
760 1437 866 1494 noca
901 1407 1226 1495 renuntiationis
1258 1406 1543 1495 declaratione
1584 1407 1744 1527 reserat
1780 1437 1834 1491 an
1866 1401 2069 1490 sublata

526 1535 666 1656 faerit
715 1527 994 1646 suspensionis
1042 1561 1164 1616 causa
1207 1531 1428 1650 simulque
1473 1545 1765 1648 'praeceptum
1817 1527 1924 1616 dedi
2009 1540 2066 1612 ut
2119 1595 2121 1599 .

528 1654 905 1746 transmitteretur
924 1649 980 1738 ad
998 1651 1387 1770 archiepiscopum
1408 1654 1534 1772 copia
1558 1650 1911 1740 renuntiationis.
1942 1647 2064 1738 Sub

527 1781 601 1868 die
635 1779 695 1865 25
730 1774 829 1863 tulii
865 1773 1012 1860 retulit
1035 1775 1403 1894 archiepiscopus
1427 1775 1545 1866 haud
1572 1774 1789 1892 Angelum
1815 1770 2064 1862 destitisse

526 1898 774 2020 egerenda
809 1895 1116 2014 procuratione
1167 1897 1359 1988 lamiliae
1399 1899 1539 1991 Solari
1586 1895 1868 1985 continuando
1905 1893 2062 1982 anche

526 2024 778 2141 oppipiorno
813 2051 838 2104 a
876 2017 1086 2106 conditore
1122 2022 1164 2108 in
1203 2053 1297 2108 casa
1327 2019 1472 2108 Solari
1499 2053 1518 2107 e
1543 2021 1684 2136 perire
1711 2021 1728 2106 i
1758 2019 1849 2105 loro
1878 2018 2053 2138 affari.

527 2147 667 2238 Addit
701 2159 928 2262 praeterea
962 2139 1033 2227 cte
1072 2141 1182 2229 altre
1208 2176 1341 2241 cansa,
1369 2144 1478 2232 altra
1517 2143 1770 2230 l'accennata
1805 2144 1864 2227 mi
1898 2140 2057 2228 obbli-

528 2301 688 2388 parona
727 2299 752 2353 a
786 2261 1085 2379 sospenderlo:
1136 2265 1178 2351 la
1219 2263 1414 2354 cartdotta
1449 2266 1505 2354 da
1542 2265 1604 2352 lai
1639 2281 1778 2352 taranta
1808 2266 1852 2350 in
1897 2264 2056 2380 questi

532 2393 673 2478 ultimi
713 2389 816 2476 anni
853 2385 964 2472 nella
1003 2387 1261 2501 parroechia
1309 2388 1358 2474 di
1401 2389 1444 2478 S.
1483 2391 1615 2478 Rocco
1658 2421 1730 2476 aaa
1766 2418 1949 2502 possano
2013 2387 2054 2472 le

526 2515 651 2612 notti,
668 2513 685 2598 i
701 2510 815 2598 modi
832 2511 1070 2624 sprezzonti
1090 2513 1203 2598 usati
1218 2543 1290 2597 con
1308 2543 1370 2598 nse
1387 2513 1438 2600 ed
1454 2511 1546 2598 alla
1565 2513 1650 2598 rnio
1661 2541 1881 2626 presenza,
1908 2509 2049 2626 pl'in·

533 2636 669 2753 tripli
689 2633 862 2751 indepni
897 2631 945 2719 di
967 2633 1176 2720 notorietcl
1197 2631 1396 2749 pubblica
1431 2636 1639 2752 suppositi
1659 2633 1705 2720 al
1725 2666 1796 2720 sao
1824 2633 2044 2721 cliente...

529 2759 685 2880 [sirano
719 2789 805 2874 par
847 2787 970 2842 conso
1001 2754 1071 2842 alre
1115 2757 1174 2842 mi
1205 2755 1467 2844 risolocttero
1504 2757 1561 2844 ad
1591 2772 1777 2844 emettere
1804 2755 1840 2842 il
1875 2755 2046 2842 decreto

530 2898 673 2984 contro
712 2879 748 2966 il
784 2879 905 2996 quala
943 2876 1141 2964 reclama.
1196 2879 1361 2967 Verum
1413 2879 1707 2968 animadverti
1755 2878 1893 2968 debet
1940 2896 2042 2966 tum

530 3007 633 3110 hae,
685 3019 779 3090 tum
829 3001 934 3089 alias
981 3001 1183 3120 Episcopi
1219 3003 1385 3108 litteras
1419 3003 1647 3090 brevitatis
1680 3002 1817 3120 gratia
1860 3002 2041 3090 concin-

530 3158 657 3216 nasse
690 3153 798 3244 quas
832 3123 1000 3240 integre
1034 3124 1261 3242 perlegere
1295 3126 1620 3244 roganturErisi
1656 3129 1802 3213 Patres
1836 3125 1879 3211 in
1903 3125 2036 3214 Sum·

534 3251 676 3368 mario
710 3247 961 3337 Defensoris
995 3247 1120 3335 Ralla
1153 3249 1237 3336 sub
1271 3279 1315 3336 n.
1343 3251 1373 3338 8
1397 3265 1439 3336 et
1465 3249 1540 3336 ll.
1570 3248 1681 3366 typis
1707 3251 1921 3365 impresso
1945 3275 2036 3334 una

532 3401 632 3460 cum
666 3371 931 3489 allegatione
974 3369 1313 3475 distribuenda,
1351 3372 1473 3460 cuius
1505 3401 1692 3490 sequens
1726 3387 1792 3460 est
1840 3398 2033 3458 summa.

658 3495 913 3584 Nullitatem
963 3489 1327 3598 decretiCuriae
1382 3493 1776 3614 archiepiscopalis
1827 3483 2036 3582 evincere

533 3634 714 3706 conatur
746 3614 991 3709 Sacerdotis
1024 3615 1176 3735 Angeli
1213 3616 1416 3705 defensor
1450 3617 1612 3735 duplici
1666 3633 2032 3734 argumentorum

531 3771 707 3858 genere.
753 3738 889 3828 Aliud
924 3767 1084 3856 nempe
1128 3739 1187 3825 ab
1230 3739 1476 3828 extrinseco
1515 3739 1755 3829 deductum
1781 3771 1835 3828 ex
1859 3737 2029 3828 delectu

536 3893 697 3978 nempe
731 3860 963 3950 canonicae
997 3861 1190 3964 formae,
1228 3864 1285 3950 ab
1320 3861 1552 3952 intrinseco
1593 3863 1713 3952 aliud
1756 3895 1810 3952 ex
1858 3859 2033 3950 delectu

534 4015 689 4072 causae
724 3985 1005 4103 proveniens.
1027 3987 1079 4071 Et
1113 3983 1169 4071 ad
1204 3983 1425 4074 deiectum
1451 3985 1572 4104 quod
1606 3985 1761 4073 attinet
1795 3973 2032 4096 canonicae

536 4105 703 4194 formae
737 4105 918 4194 sustinet
949 4107 1069 4224 quod
1102 4137 1284 4196 censura
1319 4125 1363 4196 ut
1399 4108 1545 4196 valide
1580 4107 1718 4226 infligi
1752 4110 1897 4197 valeat
1935 4133 2033 4195 cori·

540 4229 731 4318 tumacia
764 4229 906 4319 clerici
940 4228 1179 4352 requiritur
1211 4231 1319 4318 Rota
1362 4230 1449 4317 dec.
1494 4233 1583 4318 t07
1623 4263 1666 4318 n.
1703 4233 1749 4318 2.
1786 4245 1906 4348 part.
1956 4229 2029 4315 49.

537 4369 633 4439 tom.
673 4353 837 4458 trec.
876 4353 1159 4476 Contumacia
1194 4369 1340 4442 autem
1382 4385 1466 4441 non
1516 4385 1597 4473 per
1646 4384 1777 4442 unam
1826 4355 1905 4443 sed
1954 4381 2030 4468 per

539 4475 700 4564 trinam
735 4475 1023 4564 monitionem
1060 4475 1284 4565 inducitur
1315 4493 1359 4565 et
1403 4476 1586 4596 quidem
1633 4477 1861 4566 intervallo
1910 4473 2030 4566 adhi-

537 4597 632 4685 hito
667 4599 710 4685 in
745 4629 1008 4717 unaquaque
1050 4631 1203 4688 earum
1253 4628 1411 4688 novem
1455 4597 1629 4690 dierum
1663 4630 1688 4687 a
1720 4601 1926 4690 citatione
1978 4595 2034 4684 ad

536 4721 905 4838 comparendum.
931 4722 1090 4812 citatio
1124 4723 1244 4842 enim
1267 4722 1534 4811 contumacis
1558 4737 1601 4810 et
1622 4722 1804 4842 quidem
1829 4725 1872 4811 in
1897 4721 2033 4842 ipsius

539 4858 990 4963 personamtpropter
1036 4847 1300 4964 gravitatem
1350 4843 1607 4964 praeiudicii
1656 4846 1876 4964 explenda
1921 4845 2030 4960 Gap.

538 4966 692 5054 Sacro·
721 4967 786 5054 Da
828 4984 929 5057 sent.
980 4999 1231 5057 excommun.
1278 4995 1557 5058 censurarum
1612 4969 1866 5086 irrogationi
1910 4995 2034 5086 prae-

540 5089 657 5177 mitti
707 5090 885 5194 debet,¹
909 5108 957 5180 ut
990 5123 1090 5181 reus
1123 5091 1235 5181 tueri
1268 5122 1313 5180 se
1345 5092 1491 5180 valeat
1525 5091 1645 5180 iuxta
1700 5094 1816 5182 Text.
1852 5093 1897 5180 in
1934 5121 2029 5206 cap.

544 5211 620 5300 Ad
630 5201 893 5334 ''petitionern
916 5213 944 5338 S
973 5213 1077 5302 Cain
1101 5217 1236 5331 ipitar
1255 5213 1306 5303 de
1330 5217 1498 5322 Acras,
1522 5215 1711 5331 Fopnan.
1729 5217 1772 5302 in
1796 5248 1889 5333 cap.
1917 5215 2029 5325 Qua·

551 5335 649 5454 liter
683 5353 722 5455 et
753 5337 919 5456 qaorsdo
946 5337 992 5460 2.
1033 5371 1076 5426 n.
1118 5339 1179 5426 49
1212 5354 1251 5427 ct
1285 5371 1398 5460 seqq.
1435 5335 1527 5428 eod.
1581 5341 1647 5428 tit.
1698 5335 2028 5458 Atque'adeo,

543 5476 688 5576 urget,
726 5460 832 5550 haec
864 5460 1002 5550 forma
1036 5459 1241 5552 canonica
1288 5459 1565 5552 observanda
1610 5477 1699 5568 est,
1739 5479 1785 5550 ut
1831 5461 1864 5551 si
1913 5487 2035 5549 secus
