4558 6340
538 325 632 416 260
900 393 902 399 2
1035 319 1117 406 Dic
1147 318 1200 406 2l
1240 315 1358 406 lanii
1391 316 1534 406 tere.

539 485 562 536 a
597 445 965 536 occurrerobbcro
987 440 1104 530 delle
1135 439 1332 559 indagini
1366 440 1423 529 ed
1459 470 1545 528 una
1567 438 1711 556 specie
1733 438 1779 527 d’
1799 438 2033 560 investiga-

541 609 561 660 c
596 569 719 658 aione
752 567 891 683 legale
924 563 1242 681 computistica,
1270 593 1295 651 e
1326 562 1439 651 lorse
1471 593 1553 682 per
1590 563 1649 652 tal
1694 561 1826 650 modo
1864 563 1898 650 si
1943 566 2032 656 rin.

541 732 563 778 o
598 691 866 781 verrebbero
904 686 1118 776 elementi
1148 685 1206 774 da
1236 714 1365 801 porse
1401 683 1445 771 in
1472 685 1619 773 chiara
1652 683 1693 772 le
1714 713 1829 774 cose.

665 851 683 892 ι
723 814 810 900 Pur
841 801 997 927 troppo
1030 838 1155 896 verso
1189 806 1218 894 il
1251 807 1374 897 1859
1398 806 1558 894 ritenni
1587 803 1632 893 di
1667 805 1868 922 disporre
1899 805 1981 896 cha
2003 811 2039 900 si

541 973 562 1018 ι
599 933 870 1048 redigessero
902 932 914 1018 i
945 929 1044 1020 stati
1074 929 1146 1017 dei
1177 929 1282 1018 beni
1315 959 1340 1017 e
1371 929 1492 1045 degli
1525 927 1589 1018 nsi
1620 928 1794 1018 relativi
1828 927 1868 1017 ai
1898 930 2040 1020 Cano·

542 1093 565 1136 0
598 1057 727 1146 oicati
759 1087 784 1144 e
818 1052 1023 1158 Beoclizi,
1049 1051 1130 1140 che
1162 1082 1299 1140 erano
1328 1050 1372 1138 in
1406 1054 1452 1143 S.
1480 1050 1724 1156 Eustachio,
1767 1049 1948 1140 affincbe
1985 1084 2032 1142 se
2076 1077 2081 1086 ’

545 1217 562 1261 ι
601 1209 657 1266 ue
689 1205 964 1268 conservasse
998 1176 1038 1264 la
1072 1176 1286 1263 memoria
1320 1171 1377 1261 ed
1410 1173 1584 1262 avendo
1634 1173 1773 1264 inteso
1814 1173 1932 1262 delle
1967 1205 2038 1263 vn.

544 1342 562 1382 ι
597 1299 683 1419 gbe
716 1299 811 1388 voci
845 1299 954 1386 sulla
984 1328 1091 1414 poco
1125 1311 1324 1386 accurata
1356 1294 1753 1384 amministracione
1786 1293 1858 1384 dei
1894 1297 2034 1413 tempi

543 1463 561 1504 ι
600 1422 763 1540 passati
796 1451 821 1510 e
860 1419 904 1509 di
932 1422 1087 1508 alcuna
1123 1419 1202 1506 che
1240 1447 1329 1506 non
1368 1439 1444 1507 era
1487 1418 1564 1535 piir
1592 1415 1659 1504 ira
1700 1419 1713 1506 i
1755 1416 1939 1506 viventi.
1980 1419 2065 1532 lli

544 1585 563 1628 ι
599 1544 756 1632 lurono
793 1541 939 1632 esibiti
972 1541 1046 1631 dei
1079 1539 1181 1656 logli
1214 1539 1386 1628 relativi
1419 1571 1445 1627 a
1479 1539 1552 1626 tali
1586 1540 1702 1646 stati,
1729 1540 1808 1628 che
1842 1541 2038 1630 sembra·

545 1707 566 1746 ι
602 1668 664 1754 mi
702 1695 832 1753 avere
875 1663 1091 1754 restituito
1131 1693 1208 1779 par
1258 1691 1400 1750 essere
1441 1661 1683 1750 conservati
1735 1663 1778 1749 in
1830 1661 2039 1752 Archivio

544 1825 563 1870 ι
603 1787 912 1902 nell'allegato
951 1817 995 1873 n.
1021 1787 1049 1872 3
1076 1784 1162 1872 alle
1194 1783 1410 1872 memorie
1454 1783 1708 1872 Cioccbetti.
1750 1785 1810 1874 So
1855 1784 1899 1871 in
1934 1785 2041 1902 quel

544 1949 565 1990 ο
603 1927 752 2025 tempo
779 1941 804 1996 e
832 1911 876 1994 in
906 1907 1052 2026 quella
1078 1906 1341 1996 circostanza
1384 1907 1418 1993 si
1461 1903 1625 1994 lossero
1668 1935 1810 1995 masse
1848 1906 1889 1994 le
1931 1936 2042 2023 que·

544 2071 562 2112 ι
600 2031 729 2120 stioni
754 2029 920 2132 attuali,
947 2029 1135 2118 sarebbe
1156 2043 1267 2117 stato
1289 2030 1424 2116 molto
1449 2026 1526 2144 piis
1548 2027 1672 2116 lacile
1694 2029 1723 2116 il
1746 2025 1949 2119 definirle
1967 2068 2008 2116 ι.

663 2156 754 2240 lloc
786 2151 936 2239 habito
969 2181 1194 2266 responso,
1210 2151 1294 2237 sub
1316 2149 1389 2238 die
1422 2149 1472 2239 3t
1515 2150 1774 2239 Decembris
1806 2150 2044 2266 superioris

543 2275 647 2364 anni
695 2304 883 2392 sequens
930 2273 1053 2364 edidi
1102 2271 1398 2389 rescriptum:
1449 2311 1466 2350 ι
1512 2275 1706 2360 Ponatur
1757 2271 1800 2360 in
1852 2271 1956 2360 lolio
1998 2285 2044 2362 et

546 2437 564 2477 ι
603 2394 851 2485 notificetur
883 2397 991 2486 llrito
1026 2395 1221 2484 Diacono
1254 2393 1328 2512 qui
1364 2409 1540 2482 moneat
1573 2411 1719 2510 partes
1763 2424 1937 2482 causam
1974 2393 2043 2484 di·

548 2558 566 2598 ι
603 2518 890 2635 sceptandam
912 2549 1004 2608 esse
1028 2516 1071 2604 iu
1097 2515 1292 2634 plenario
1314 2515 1399 2604 ΕΕ.
1423 2519 1507 2604 PP.
1523 2546 1723 2606 consessu
1740 2516 1890 2634 eisque
1915 2546 2041 2632 prae·

549 2681 566 2718 ι
605 2639 711 2758 figat
742 2671 985 2757 congruum
1020 2640 1256 2727 terminum
1292 2639 1348 2728 ad
1380 2637 1692 2727 deducendum
1737 2637 1831 2726 iura
1864 2667 1958 2741 sua,
1996 2669 2045 2729 ac

547 2801 568 2846 ι
604 2761 662 2853 de
694 2762 1005 2850 resultantibus
1027 2761 1246 2850 certioret.
1279 2799 1296 2840 ι
1323 2761 1542 2850 Omnibus
1565 2760 1712 2878 itaque
1735 2759 1816 2848 rite
1838 2760 2040 2876 expletis,

541 2914 642 2974 cum
676 2915 803 2972 causa
838 2885 882 2971 in
917 2883 1140 2973 hodiernis
1172 2882 1379 2998 plenariis
1411 2881 1596 2972 comitiis
1628 2883 1907 2976 discutienda
1940 2914 2043 2998 pro·

542 3021 732 3124 ponatur
763 3008 847 3095 sub
880 3005 1119 3095 dubiorum
1152 3003 1345 3094 lormnla
1378 3005 1422 3092 io
1459 3006 1575 3094 calce
1612 3007 1783 3108 relata,
1824 3005 1914 3094 mei
1948 3033 2046 3095 mu·

543 3128 659 3218 neris
692 3127 803 3216 ratio
837 3128 1043 3246 postulat,
1070 3141 1117 3214 ut
1150 3127 1368 3214 rationum
1402 3141 1628 3216 momenta
1660 3158 1896 3242 exponam,
1933 3157 2046 3244 quaa

544 3248 717 3366 scriptis
749 3267 926 3338 exarata
959 3281 984 3338 a
1017 3249 1215 3366 partibus
1245 3248 1426 3338 seorsim
1461 3249 1570 3338 mibi
1617 3250 1813 3339 exhibita
1847 3250 2041 3356 luerunt,

546 3372 769 3462 nonnullis
801 3371 1024 3462 interdum
1061 3372 1106 3458 in
1139 3371 1233 3460 iure
1266 3403 1321 3459 ex
1353 3367 1500 3460 olficio
1532 3371 1868 3462 animadversis.

670 3493 742 3582 Ad
764 3495 960 3611 primum
984 3493 1171 3582 dubium
1194 3493 1313 3610 quod
1336 3509 1499 3610 spectat
1521 3521 1676 3612 preces
1697 3494 1908 3584 Ganonici
1926 3494 2047 3586 Cioc·

545 3613 677 3704 cbetti
710 3617 877 3732 optimo
912 3617 1006 3718 iure
1038 3614 1170 3704 inniti
1204 3613 1424 3705 videntur.
1453 3617 1678 3731 Exptlorati
1723 3617 1943 3735 siquidem
1981 3617 2045 3705 la·

545 3737 606 3825 cti
639 3754 719 3843 est,
746 3739 869 3855 quod
902 3738 1144 3829 Canonicus
1177 3736 1431 3841 llluminati,
1465 3737 1541 3858 qui
1572 3740 1785 3828 curatoris
1831 3738 2045 3860 pecuniae

546 3859 801 3976 capitularis
835 3891 994 3949 munus
1027 3861 1178 3948 obibat
1211 3877 1344 3978 atque
1375 3862 1668 3952 Canonicatus
1712 3863 1916 3980 Magnoni
1963 3863 2040 3952 ad·

546 3979 858 4069 ministratore
879 3981 1079 4097 Capitulo
1099 3983 1257 4070 iterum
1281 3982 1517 4101 deputatus
1551 3982 1694 4072 luerat
1709 3984 1766 4072 ab
1784 4015 1899 4076 anno
1919 3984 2043 4090 t836

548 4099 605 4189 ad
640 4131 802 4188 anuum
838 4105 958 4194 1843
990 4119 1210 4192 scutorum
1245 4106 1305 4194 88
1338 4133 1556 4194 summam
1589 4137 1703 4222 quae
1736 4107 1792 4196 ad
1815 4107 2049 4197 Cataonica·

549 4236 645 4310 tum
680 4225 884 4343 lllaguoni
918 4227 1170 4343 pertinebat
1199 4259 1225 4315 a
1256 4225 1525 4345 quibusdam
1567 4229 1796 4319 Canonicis
1845 4229 2042 4347 recepit,

549 4344 627 4461 qui
661 4345 914 4436 huiusmodi
946 4379 1165 4438 summam
1220 4348 1413 4438 intense
1459 4345 1660 4440 indebite
1714 4351 2044 4441 distribuerant.

546 4469 972 4587 Exploratipariter
1023 4469 1124 4558 lacti
1161 4486 1254 4577 est,
1314 4472 1434 4589 quod
1476 4473 1676 4589 demptis
1723 4475 1856 4563 scutis
1901 4475 1964 4562 26
2001 4489 2046 4562 et

546 4589 693 4677 obulis
725 4593 801 4692 80,
828 4593 996 4710 reliqua
1027 4623 1200 4682 samma
1232 4609 1342 4682 scut.
1369 4595 1420 4683 6t
1452 4595 1509 4683 ab
1531 4595 1686 4686 eodem
1711 4594 1929 4686 Canomm
1961 4593 2051 4686 Ad·

550 4711 864 4815 ministratore,
891 4715 1040 4803 lavore
1086 4717 1380 4806 Cataonicatus
1428 4717 1633 4833 Magnoui
1676 4719 1795 4808 baud
1844 4719 2048 4808 investita

548 4829 698 4934 luerit,
726 4833 825 4923 liccat
859 4835 904 4923 id
938 4838 981 4923 in
1017 4839 1126 4926 votis
1160 4837 1243 4956 ipsi
1277 4839 1441 4928 luisset.
1483 4843 1635 4928 Patent
1668 4840 1776 4931 baec
1813 4841 1962 4930 omnia
1994 4869 2051 4928 ex
2098 4839 2100 4842 ’

547 4951 818 5072 quibusdam
852 4959 1028 5062 notulis,
1049 4989 1161 5076 quae
1181 4963 1292 5049 inter
1311 4977 1454 5051 cetera
1476 4960 1739 5080 documenta
1762 4963 2050 5083 capitularem

459 5153 473 5176 ,
547 5076 791 5194 gestionem
825 5081 1116 5199 respicientia,
1152 5101 1248 5198 post
1282 5101 1468 5172 mortem
1502 5085 1713 5176 Cauooioi
1757 5086 2044 5177 Administra·

548 5197 658 5287 toris
691 5218 866 5318 reperta
898 5219 1017 5292 suut.
1048 5207 1191 5294 Porro
1224 5205 1474 5296 huiusmodi
1528 5239 1749 5298 summam
1782 5241 1806 5297 n
1840 5207 2041 5327 Capitulo

548 5317 593 5406 in
639 5325 987 5437 praesentiarum
1035 5327 1368 5445 rependendam
1414 5329 1497 5418 sibi
1550 5360 1644 5422 esse
1684 5331 1745 5420 ait
1792 5331 2035 5423 Canonicus

548 5440 803 5551 Ciocchetti,
846 5447 937 5537 sive
966 5481 1018 5538 ea
1052 5450 1097 5540 io
1134 5482 1290 5570 capsae
1317 5451 1564 5574 capitularis
1603 5469 1890 5572 augmentum
1915 5483 2038 5545 versa
