4350 6326
506 379 597 468 562
1096 383 1401 470 INDEX

502 535 646 624 Oleum
669 534 877 637 Sanctum,
897 531 1219 634 Praecedentiu,
1349 537 1464 649 Quia
1496 537 1799 628 simulationes
1817 535 1929 626 liunt
1945 572 2008 630 oo·

504 657 724 758 Canonior}
762 653 1113 745 Distributiones.
1286 659 1416 764 culte,
1444 675 1487 748 et
1519 661 1631 750 alter
1652 661 1709 750 de
1743 661 1882 750 altero
1906 694 2004 752 con·

1288 780 1386 870 nu
1419 781 1528 870 thid.
1782 799 1786 808 ’

673 838 1052 930 CONTRACTUS
1200 893 1202 898 ’
1320 781 1469 994 dDuo
1504 923 1649 1009 testes,
1678 907 1746 994 vel
1770 908 1891 996 testis
1920 909 2029 998 sin-¹

592 1023 811 1112 Iniustitia
901 1024 1223 1142 cuiuscumque
1285 1030 1450 1146 gularis
1470 1028 1633 1118 sullieit
1651 1026 1706 1117 ad
1727 1030 2001 1146 probandam

501 1162 750 1237 contractus
800 1177 854 1237 ex
909 1147 1141 1263 posteriori
1176 1176 1223 1236 a·
1285 1149 1611 1241 simulationem
1628 1168 1876 1242 contractus
1898 1185 1997 1269 pop.

505 1287 635 1358 ventu
686 1268 872 1358 iudicari
940 1300 1026 1356 non
1079 1285 1223 1388 potest
1286 1273 1378 1362 402
1412 1273 1457 1396 3.
1495 1273 1613 1362 Ideo.

497 1421 603 1509 pop.
633 1392 713 1479 l2l
755 1392 801 1514 3.
837 1389 930 1478 Ad.

593 1515 655 1602 Eo
689 1513 809 1635 qnod
848 1515 1224 1631 correspectivita·
1378 1517 1491 1607 Vide
1533 1518 1797 1621 Transactio,
1836 1519 1998 1604 Laerio.

502 1640 554 1724 tis
587 1636 783 1726 delectus
816 1637 1111 1726 demonstrari
1145 1638 1222 1727 do-

500 1763 578 1850 het
611 1759 669 1846 ad
703 1789 799 1847 earn
835 1759 953 1847 diorn
989 1791 1077 1878 qua
1110 1791 1223 1848 oon·
1399 1759 1551 1848 CURA
1588 1758 1894 1847 ANllllAllUll

507 1897 669 1970 tractus
702 1881 834 1968 initus
869 1881 950 1970 luit
984 1881 1092 1969 ibid.

598 2004 883 2106 ContractuS,
938 2004 1038 2092 licet
1099 2005 1222 2094 initio
1380 2003 1463 2092 Ubi
1507 2035 1610 2090 cura
1653 2001 1904 2088 animarum
1939 2031 2003 2088 re·

501 2128 657 2230 iustuS,
684 2126 718 2214 si
755 2141 892 2213 tractu
920 2128 1130 2243 temporis
1166 2127 1222 2216 ad
1284 2127 1557 2244 sidet'prnes
1579 2123 1898 2214 monasterium
1936 2126 2003 2212 vel

501 2248 761 2336 iniustitiam
799 2249 955 2366 vergit,
989 2249 1132 2337 ollicio
1157 2250 1222 2337 iu·
1284 2250 1514 2365 collegium
1541 2247 1863 2336 Canonioorum
1884 2277 2003 2334 exer-

502 2371 611 2460 dicis
646 2371 700 2459 ad
735 2373 903 2460 honum
938 2387 982 2461 et
1030 2402 1219 2490 aequum
1285 2373 1375 2462 neri
1410 2387 1553 2490 potest
1587 2369 1657 2457 vel
1701 2400 1780 2484 per
1812 2369 2005 2458 Vinarios

502 2511 565 2584 est
583 2493 846 2611 redigendus
860 2495 1218 2616 po9.ll5§.Ast.
1287 2498 1354 2588 vel
1397 2495 1454 2582 ab
1496 2493 1599 2610 ipsis
1646 2491 1877 2580 Canonicis
1925 2521 2002 2608 per

596 2617 796 2734 lntellige
830 2617 887 2706 de
927 2619 1223 2707 contractibus
1289 2636 1467 2709 turnum
1500 2647 1601 2732 pop.
1638 2616 1730 2704 243
1773 2614 1819 2735 3.
1858 2615 1999 2702 Nullo.

504 2770 618 2857 quae
651 2739 816 2826 habent
851 2757 1036 2828 tractum
1061 2771 1224 2830 sueces—
1380 2739 1640 2830 Tridentino
1678 2737 1884 2854 Synodus
1932 2768 2002 2826 ne·

506 2863 651 2950 sivum
687 2860 796 2948 ibid.
1288 2866 1394 2954 dum
1433 2861 1726 2952 cumulativae
1759 2890 1891 2948 curae
1918 2890 2000 2947 noo

595 2985 706 3074 Cum
741 2984 787 3072 in
820 2985 1021 3103 quolibet
1051 3003 1222 3077 eontra·
1288 2989 1545 3080 adversatur
1567 2985 1644 3073 sed
1667 2985 1785 3072 illam
1809 2981 2004 3070 admittit

503 3124 573 3196 ctu
607 3135 784 3222 semper
808 3108 1077 3226 intelligatur
1110 3111 1224 3199 clau·
1289 3144 1337 3202 ao
1354 3107 1612 3229 praesumit.
1628 3105 1997 3227 pa9.3563.ttec.

503 3231 597 3320 sula
632 3228 751 3316 rebus
784 3232 844 3315 sio
865 3231 1085 3332 stantibus,
1108 3233 1218 3320 ibid.
1379 3237 1502 3322 Tune
1535 3231 1653 3320 enirn
1689 3261 1792 3318 cura
1837 3227 2002 3316 anima·

597 3351 791 3440 Variatio
822 3356 1031 3472 temporis
1065 3356 1107 3442 in
1141 3357 1224 3444 sol·
1287 3389 1386 3446 rum
1420 3355 1520 3444 lieet
1552 3371 1644 3440 actu
1678 3351 2002 3469 apudsingulos

460 3474 654 3562 -vendo
690 3506 775 3562 non
825 3495 1000 3566 excusat
1053 3496 1223 3568 coutra-
1287 3483 1343 3569 sit
1365 3479 1510 3567 habitu
1535 3495 1681 3564 tamen
1707 3475 1825 3592 apud
1852 3504 2004 3562 omnes

507 3615 628 3687 otum
652 3597 759 3685 alias
782 3598 985 3690 illicitum
1019 3604 1223 3718 popo-45
1288 3604 1329 3692 in
1380 3602 1569 3692 solidum
1619 3614 1847 3715 permanet
1894 3627 1999 3712 pap.

511 3722 554 3844 3.
595 3720 775 3808 tondum.
1289 3727 1379 3816 356
1411 3726 1457 3846 3.
1495 3726 1648 3840 Atque.

418 3879 421 3886 ·
601 3843 855 3931 Nullitatem
887 3861 1135 3935 contractus
1169 3878 1223 3934 ex
1380 3850 1493 3960 Quia
1531 3879 1617 3935 uno
1638 3847 1884 3960 incorpore
1906 3842 2002 3960 plu-

509 3965 685 4054 delectu
749 3965 1074 4056 solemnitatum
1136 4001 1222 4058 non
1287 3973 1435 4060 ralitas
1483 3972 1670 4060 existere
1720 3999 1805 4054 non
1841 3980 1996 4082 potest.

509 4087 699 4205 quilibet
732 4118 787 4176 ox
829 4093 1218 4198 contrahentibus,
1288 4095 1395 4186 ibid.

414 4211 417 4216 ’
509 4211 585 4298 sed
620 4209 694 4298 ille
741 4211 969 4302 dumtaxat
1000 4215 1123 4306 ouius
1165 4215 1225 4304 la·
1604 4251 1608 4260 ’
1864 4285 1896 4294 .-

511 4365 616 4420 vore
674 4333 971 4426 solemnitates
1021 4337 1223 4428 inductae
1473 4337 1817 4429 DlGNl'lATES

511 4455 705 4558 luerint,
743 4457 936 4548 obiicere
971 4460 1088 4548 valet
1114 4493 1218 4579 pap.

508 4579 600 4666 105
634 4575 678 4697 3.
715 4578 857 4668 lnaru'.
1370 4587 1601 4708 Duplieem
1621 4583 1895 4700 Dignitatum
1908 4611 2003 4697 spe-

600 4697 672 4788 Ad
706 4699 1018 4794 declarandum
1055 4725 1225 4796 contro·
1287 4715 1398 4803 ciem
1454 4709 1634 4827 agnovit
1686 4704 2001 4792 Tridentinum
2150 4751 2151 4777 ι

507 4840 625 4912 otum
660 4822 915 4916 simulatum
950 4860 1037 4916 non
1079 4833 1225 4950 requi·
1287 4826 2003 4943 Concilium,alteramnempeali·

506 4949 619 5036 ritur
639 4963 726 5034 tam
745 4966 896 5039 exacta
920 4953 1124 5067 probatio
1143 4955 1223 5046 sed
1288 4959 1397 5080 quid
1421 4987 1655 5048 commune
1677 4981 1778 5042 oum
1797 4951 2001 5068 Capitulo

507 5057 730 5160 sulfieiunt
746 5074 1039 5181 coniecturae,
1061 5078 1224 5168 indicia
1288 5084 1544 5184 habentem,
1563 5097 1608 5171 et
1631 5079 1811 5166 alteram
1845 5105 1870 5161 e
1903 5103 2003 5160 con·

505 5211 549 5282 et
582 5197 961 5312 praesumptiones
1001 5233 1106 5320 puy.
1134 5205 1215 5292 101
1292 5223 1358 5294 tra
1380 5203 1622 5325 quaenihil
1648 5229 1748 5288 cum
1782 5228 1836 5285 eo
1868 5195 2003 5283 habet

506 5315 553 5436 S·
590 5317 653 5405 31·
1291 5359 1527 5418 commune
1544 5357 1650 5444 pap.
1674 5320 1832 5442 2153.
1858 5321 1998 5406 Hisce.
