4530 6336
510 335 602 428 332
1004 331 1089 422 Die
1116 333 1180 421 26
1203 331 1320 422 :tcta
1352 333 1489 424 1879.

516 498 532 538 ι
571 456 692 552 mani
720 454 791 546 del
828 485 908 548 suo
938 483 1046 573 capo
1078 453 1370 574 eprincipalc
1391 469 1769 576 ropprescntanto,
1808 457 1892 545 che
1911 457 1992 548 do-

514 618 531 660 ι
570 607 683 666 vera
729 607 872 668 essere
910 578 1047 666 altura
1086 575 1116 666 il
1147 577 1238 696 Sig.
1264 579 1409 669 Pietro
1440 580 1488 670 di
1525 579 1760 683 Bosmelet‚
1790 576 1994 672 Madame

513 739 531 778 ε
569 700 617 794 di
655 700 876 790 bosmelat
912 698 1173 790 desiderare
1216 700 1399 816 dunque
1435 701 1484 791 di
1526 700 1707 790 lasciarc
1728 703 1869 792 lasua
1892 733 2002 819 pro-·

513 859 531 902 ι
571 821 764 938 pristin
802 837 958 940 questo
992 821 1160 940 nipote;
1198 821 1256 912 ed
1293 853 1386 914 essa
1430 825 1627 913 arrebbe
1669 839 1800 915 avuto
1856 827 1995 916 molto

513 981 530 1024 ι
567 941 815 1061 dispiacere
848 943 919 1034 nel
961 943 1233 1034 discredarlo
1260 985 1300 1032 ι.

637 1067 951 1185 Praesumptus
991 1081 1139 1157 autem
1186 1083 1332 1157 metus
1363 1065 1642 1186 repugnabat
1673 1069 1808 1158 etiam
1853 1067 1996 1159 indoli

509 1189 642 1296 Petri3
679 1189 984 1309 quippecuius
1017 1189 1317 1278 testimonium
1350 1211 1537 1308 apparet
1565 1220 1621 1278 ex
1652 1219 1705 1280 eo
1737 1190 1858 1307 quod
1890 1192 1999 1282 alias

510 1313 685 1431 nuptias
717 1349 743 1406 a
774 1311 1012 1402 coniunctis
1047 1312 1191 1429 prima
1225 1312 1320 1402 vice
1350 1313 1596 1432 propositas
1621 1311 1789 1430 absque
1825 1313 1915 1402 ullo
1948 1313 2005 1404 ti-

511 1465 635 1526 more
668 1450 713 1526 et
745 1433 1031 1524 haesitatione
1068 1473 1087 1514 ι
1114 1439 1301 1550 respiase
1346 1435 1660 1523 assolutamente
1687 1467 1728 1539 »3
1764 1450 1810 1522 ct
1841 1435 1877 1524 si
1899 1436 2000 1556 qni-

510 1558 613 1648 dam
647 1557 813 1646 coactio
855 1557 1000 1675 aliqua
1046 1557 1253 1645 eumdem
1293 1587 1498 1674 premere
1543 1556 1781 1660 debuisset,
1835 1557 2002 1650 laeitiur

511 1677 694 1798 quidem
728 1679 930 1770 camdem
964 1677 1213 1766 intulissent
1245 1678 1463 1768 coniuncti
1497 1679 1540 1765 in
1574 1708 1627 1766 ea
1650 1679 1792 1796 prima
1813 1679 1926 1782 viee,
1952 1682 1999 1771 iu

495 1795 598 1920 ¹qua
630 1802 841 1919 agebatur
873 1800 930 1890 de
972 1799 1252 1890 removendis
1275 1802 1438 1918 nuptiis
1453 1829 1556 1888 cnm
1581 1801 1840 1906 concubium
1860 1834 1993 1919 quam

511 1922 681 2040 nuptiis
731 1953 831 2012 cum
882 1921 1007 2025 lulio,
1060 1923 1104 2010 iu
1152 1923 1313 2042 quibus
1343 1924 1559 2042 agebatur
1600 1925 1908 2014 tantummodo
1941 1925 2001 2015 du

510 2046 630 2135 lucro
673 2041 802 2134 dotis.
848 2046 938 2138 Sed
983 2045 1064 2134 hoc
1111 2046 1244 2136 etiam
1293 2045 1341 2134 in
1388 2076 1489 2134 casu
1530 2043 1567 2134 si
1605 2045 1686 2135 hoo
1718 2077 1805 2134 uno
1839 2045 2001 2138 timore

512 2166 747 2258 amittendi
778 2166 1093 2256 haereditatem
1124 2169 1286 2258 amitae
1307 2168 1364 2258 ad
1388 2165 1542 2256 lulium
1577 2166 1827 2256 ducendam
1847 2167 2001 2259 luisset

511 2293 666 2380 Petrus
710 2289 937 2406 impulsus,
991 2289 1108 2378 haud
1154 2307 1274 2380 certo
1322 2291 1537 2379 omisisset
1579 2305 1746 2379 certam
1797 2291 1999 2410 aliquam

510 2413 759 2502 cautionem
793 2410 850 2500 dc
880 2411 1152 2502 successione
1168 2413 1251 2502 sibi
1264 2410 1535 2530 adstipulari,
1579 2443 1634 2500 ne
1665 2413 1725 2500 ob
1763 2413 2002 2533 impraevi*

511 2533 673 2648 dibilos
705 2549 887 2622 eventus
923 2549 1152 2652 cogeretur
1175 2567 1359 2624 rrxurcm
1382 2563 1559 2624 exosam
1583 2533 1793 2640 rotinere,
1819 2553 1863 2623 ct
1893 2567 1999 2625 enu-

511 2655 705 2772 cupitam
738 2653 1057 2745 haereditatem
1094 2657 1255 2746 amitae
1291 2687 1380 2744 non
1428 2656 1603 2746 lucrari.
1650 2656 1785 2776 Atqui
1832 2658 2002 2748 nullam

513 2777 665 2869 retulit
685 2778 935 2866 cautionem
963 2777 1195 2882 eiusmodi,
1222 2781 1281 2867 ita
1307 2795 1353 2866 ut
1375 2779 1547 2868 Eulasio
1565 2778 1608 2866 in
1639 2809 1718 2868 suo
1742 2794 2000 2872 testamento

511 2915 721 3017 nepotem
759 2899 1024 2990 constituens
1067 2899 1331 3006 haeredem,
1385 2932 1530 3020 neque
1570 2900 1647 2990 ulli
1705 2901 1774 2990 vel
1820 2903 2002 2994 minime

510 3019 1025 3140 obligationisatislaeere
1038 3020 1194 3128 innuit,
1225 3053 1371 3142 neque
1386 3023 1444 3112 de
1460 3023 1632 3142 nepotis
1654 3022 1902 3114 calamitate
1924 3057 2000 3116 cu·

512 3143 580 3232 ius
610 3174 742 3235 causa
785 3143 1038 3264 principalis
1066 3145 1159 3264 ipsu
1202 3145 1372 3250 luisset,
1410 3145 1644 3234 condolere
1698 3144 1911 3251 ostendit3
1954 3147 2002 3238 id

510 3266 630 3383 quod
668 3265 960 3368 demonstrat,
1008 3267 1132 3386 quod
1161 3267 1219 3358 de
1246 3267 1468 3358 coactione
1492 3265 1602 3355 nihil
1625 3281 1734 3374 erat,
1768 3265 1893 3388 quod
1912 3269 2000 3360 sibi

508 3385 661 3476 luisset
690 3387 1051 3478 succensendum.

633 3511 751 3599 llaec
773 3509 832 3600 de
868 3509 1095 3600 validitate
1137 3511 1327 3630 coniugii
1374 3509 1546 3600 disserit
1578 3511 1795 3604 Delensor
1812 3512 1994 3603 vinculi.

510 3631 747 3749 Subiungit
787 3647 1031 3752 praeterea,
1084 3632 1206 3753 quod
1247 3633 1351 3722 data
1397 3633 1539 3724 adbuc
1575 3649 1619 3724 et
1665 3667 1755 3726 uon
1794 3667 2000 3727 coracesss

512 3754 744 3873 hypothesi
766 3754 1069 3861 insoliditatis,
1114 3754 1446 3845 matrimonium
1478 3755 1761 3848 nihilomiuus
1803 3758 1894 3846 iam
1922 3787 2001 3848 rc·-

511 3875 755 3968 vatidatum
793 3876 943 3966 luisset
980 3906 1036 3964 ex
1069 3877 1392 3968 cohabitantem
1435 3895 1480 3966 et
1520 3879 1678 3996 copula
1726 3880 1889 3970 exinde
1924 3909 1992 3969 se·

512 4013 666 4120 quota.
717 3996 888 4088 Scitum
927 3997 1047 4086 euim
1083 4015 1163 4105 est,
1204 4017 1249 4091 et
1293 3999 1535 4090 nonnullae
1580 4030 1635 4090 ex
1673 4003 1991 4094 recentioribus

512 4118 649 4210 causis
672 4117 717 4206 iu
752 4120 975 4209 Thesauro
1010 4121 1175 4214 relatae
1201 4123 1245 4212 id
1266 4137 1419 4242 aperte
1439 4122 1693 4228 ostendunt,
1718 4125 1840 4244 quod
1861 4123 2003 4214 adbuc

513 4257 612 4362 post
653 4241 788 4332 Cone.
824 4241 948 4330 Trid.
983 4245 1313 4334 matrimonium
1355 4245 1525 4334 nullum
1567 4245 1823 4349 ratificatur,
1859 4247 1895 4335 ri
1926 4245 2003 4333 in-

512 4365 756 4454 tercesserit
776 4363 992 4454 habitatio
1019 4365 1193 4456 diutina
1228 4367 1299 4458 vel
1321 4367 1482 4484 copula
1501 4395 1600 4457 eum
1618 4367 1781 4460 ellectu
1808 4367 1995 4458 uruntali

512 4515 592 4574 eeu
627 4515 682 4574 er
712 4485 1220 4604 mandaueratis.
1255 4505 1418 4607 etonp.
1455 4491 1485 4579 lt
1517 4490 1593 4609 qui
1637 4492 1829 4581 rnatrim.
1859 4521 2000 4580 neate.
2143 4529 2144 4532 ¹

506 4637 625 4725 μου.
660 4609 766 4698 etsi
795 4609 1167 4727 impedimentum
1209 4611 1343 4701 luerit
1383 4613 1502 4730 parti
1543 4613 1891 4704 maurulidanti
1927 4644 2004 4702 eo·

510 4728 703 4849 gnitum,
721 4729 819 4821 aliis
840 4749 987 4822 autem
1004 4734 1242 4840 occultum,
1261 4765 1340 4824 ceu
1355 4735 1515 4825 ducent
1533 4763 1644 4852 prae
1660 4737 1754 4826 aliis
1785 4733 1998 4827 manaa

514 4867 728 4942 conrmmct.
765 4854 813 4941 in
852 4885 947 4973 cup.
988 4856 1044 4944 21
1082 4855 1134 4945 ela
1173 4856 1405 4973 sponsalib.
1436 4889 1481 4945 a.
1531 4857 1574 4945 5·
1597 4857 1783 4950 Sanclter
1815 4859 1872 4950 de
1903 4890 2002 4947 tna·
2111 4906 2112 4909 κ

514 4973 634 5063 trini.
667 4973 698 5061 l.
730 4975 760 5064 lr
798 4973 914 5095 disp.
945 4978 1006 5066 18
1024 5009 1139 5067 urna
1182 4980 1260 5070 12.
1355 5047 1356 5050 a

634 5097 853 5188 Dehisce
885 5097 1216 5192 conditionibus
1246 5101 1497 5192 nullatenus
1534 5103 1736 5195 dtrbitari
1765 5134 1895 5226 pesse
1914 5133 1985 5194 su·

512 5215 842 5313 stinutrindcr
875 5221 1056 5314 vinnuli.
1091 5223 1221 5337 Quod
1253 5253 1418 5342 nempe
1457 5225 1670 5314 habitatio
1717 5225 1889 5319 diutina
1921 5225 1994 5315 in-

515 5343 795 5448 mamete,
837 5359 960 5466 patet
1005 5377 1064 5435 ex
1104 5375 1161 5436 cu
1197 5347 1319 5468 quod
1362 5349 1478 5438 ultra
1524 5377 1695 5439 aunum
1732 5345 1997 5441 commorati

515 5458 610 5554 nint
643 5464 853 5588 oonhrgos
879 5466 1050 5590 utaque
1080 5469 1172 5559 alla
1201 5467 1523 5590 interruptione
1553 5471 1607 5560 in
1624 5472 1790 5594 oppido
1810 5471 1869 5563 de
1890 5477 1994 5563 bns·
