4530 6336
752 361 834 446 Dic
861 359 927 448 26
958 358 1065 448 Iulii
1100 359 1260 449 1879.ι
1651 360 1743 446 369
1820 454 1821 462 Ν

252 492 299 579 in
321 517 410 608 qua
432 481 977 573 subscribitur=Sorerdos
998 481 1218 571 Parorbus
1244 479 1422 572 alme
1449 483 1743 572 foramina:

254 612 455 730 ldipsum
489 621 715 726 praetcrea
749 605 993 694 ostenditur
1016 639 1070 696 ex
1105 605 1267 695 tabulis
1291 605 1602 695 nominationis
1633 605 1747 695 duo-

260 765 360 822 rum
395 732 749 819 oeconomorum
787 759 813 816 a
847 731 1067 848 praedicto
1114 731 1329 846 Episcopo
1360 728 1552 834 elicitae,
1579 729 1623 818 in
1656 759 1745 849 qun

259 860 365 947 baec
399 853 622 942 habeatur
650 893 666 930 ι
695 854 781 938 siae
798 851 1071 968 praeiudicio
1105 885 1228 940 curce
1260 851 1491 940 babiloniis
1523 851 1746 940 residentis

266 1022 281 1058 ι
324 981 577 1092 incorpore
629 974 824 1092 Capituli
859 991 902 1064 et
937 976 1098 1064 iuriam
1142 976 1243 1064 ami
1292 977 1496 1066 Canonir'i
1545 975 1752 1064 Ternarii

269 1147 285 1182 ι
323 1103 439 1188 circo
472 1131 614 1187 ruram
649 1098 866 1201 actualem,
896 1115 942 1186 ut
963 1100 1134 1187 eruitur
1168 1130 1222 1187 ex
1255 1099 1481 1218 scripturis
1514 1114 1558 1188 et
1591 1104 1748 1188 instru-

270 1269 285 1304 ι
325 1225 486 1313 montis
531 1221 734 1340 propriis
774 1224 869 1308 sive
915 1222 957 1309 in
995 1239 1070 1309 tua
1102 1223 1303 1310 absentia
1336 1225 1394 1310 ab
1429 1222 1567 1312 allicio
1599 1251 1747 1327 curae,

269 1391 286 1428 ι
323 1349 418 1435 sive
443 1347 486 1434 in
509 1345 811 1434 concurrentia
844 1344 888 1432 ia
927 1346 1086 1436 eodem
1121 1345 1269 1447 dieat
1304 1361 1505 1462 tempore
1538 1345 1754 1462 plurima-

271 1513 290 1552 «
330 1499 426 1557 rum
462 1469 776 1589 parochialium
819 1467 1110 1558 lunationum.
1160 1509 1176 1544 ι
1224 1469 1364 1555 Tertio
1397 1471 1500 1586 quia
1534 1469 1664 1554 etiarn
1711 1467 1755 1553 in

262 1593 455 1683 Ecclesia
478 1591 715 1708 Collegiata
747 1593 943 1679 eiusdem
974 1585 1073 1679 wloci
1118 1587 1358 1681 Canonici⁸
1380 1593 1421 1677 in
1460 1589 1756 1708 poenitentiae

269 1715 478 1805 tribunali
513 1713 667 1804 sedent
691 1731 890 1832 tempore
923 1715 1062 1801 divini
1097 1713 1238 1820 officii3
1265 1731 1310 1803 et
1343 1715 1631 1804 nihilomiuus
1653 1712 1761 1802 nnl-

274 1842 360 1928 lam
387 1837 550 1926 eisdem
575 1837 904 1953 suspensionem
930 1837 1090 1926 indixit
1126 1870 1320 1957 uuquam
1356 1838 1610 1954 Episcopus.

392 1965 507 2050 llaec
541 1960 596 2048 de
631 1961 741 2060 iure;
769 1961 811 2048 in
846 1962 960 2050 lacto
993 1977 1141 2049 autem
1177 1963 1258 2049 alia
1294 1963 1502 2051 nonnulla
1527 1960 1753 2062 adiiciunt,

270 2085 431 2205 quibus
465 2098 767 2202 oppurtunum
803 2101 847 2172 et
870 2085 1161 2174 necessarium
1187 2084 1417 2179 ostendere
1440 2100 1656 2174 conantur
1680 2081 1760 2172 mi·

273 2207 499 2296 aisterinm
525 2205 832 2295 Confessnrom
857 2224 1060 2325 tompore
1079 2207 1220 2295 divini
1243 2205 1391 2296 oflicii.
1418 2211 1762 2326 Praeterquam·-

271 2331 392 2452 qund
430 2329 473 2417 id
510 2331 679 2417 obtinet
712 2359 767 2418 cx
799 2330 1012 2418 diuturna
1032 2331 1328 2434 observantia,
1356 2333 1413 2418 ab
1436 2331 1656 2420 erectione
1691 2327 1758 2416 ni-

271 2447 431 2542 mirum
468 2453 732 2572 Collegiatae
766 2453 821 2541 ad
855 2455 976 2542 diem
1014 2453 1203 2541 inflictae
1237 2454 1532 2572 suspensionis
1561 2483 1617 2542 aa
1650 2453 1761 2570 qui-

272 2577 375 2667 dem
410 2577 610 2693 religiosa
646 2577 902 2693 prudentia,
930 2595 976 2664 ut
999 2605 1241 2696 numquam
1269 2578 1310 2664 ln
1334 2578 1465 2666 choro
1486 2575 1633 2665 media
1657 2605 1758 2694 pars

272 2700 594 2792 &noricorum
630 2697 856 2804 deficeret,
900 2701 980 2789 boc
1034 2713 1179 2788 autem
1230 2700 1561 2791 confessionum
1597 2700 1762 2787 exerci-

275 2826 382 2911 tium
436 2823 800 2940 percommodum
850 2853 944 2912 esse
977 2840 1178 2912 asserunt
1198 2821 1407 2912 fidelibus
1426 2823 1620 2912 distincti
1657 2853 1763 2910 roe..

273 2963 358 3050 tus,
384 2946 462 3063 qui
494 2975 599 3062 prae
632 2946 815 3034 coeteris
849 2946 1046 3036 habitant
1081 2948 1123 3034 in
1159 2947 1376 3064 paroecia,
1410 2949 1525 3036 hisce
1561 2977 1760 3065 praeser-

276 3071 354 3157 tim
388 3067 680 3186 temporibus,
707 3069 814 3158 dum
849 3102 936 3159 nnn
972 3070 1119 3159 minus
1153 3101 1284 3188 quam
1310 3071 1506 3190 quinque
1541 3069 1762 3186 religioso-

276 3223 375 3281 rum
410 3191 568 3278 domns
603 3192 713 3280 iutra
748 3193 859 3282 fines
893 3193 1092 3282 eiusdem
1128 3194 1355 3312 paroeciae
1389 3194 1622 3282 existentes
1655 3225 1761 3311 sup·-

272 3345 449 3434 pressae
481 3331 598 3418 sunt,
625 3315 668 3402 ia
702 3317 862 3436 quibus
895 3317 1145 3434 parochiani
1178 3319 1425 3406 assolebant
1461 3315 1761 3434 poenitentiae

277 3437 397 3526 ablui
447 3437 638 3526 lavacro.
663 3441 778 3528 Hora
803 3457 947 3530 autem
986 3440 1122 3559 magis
1139 3459 1405 3560 opportuna,
1434 3440 1629 3528 maxime
1651 3440 1764 3558 bye-

203 3577 205 3582 “
277 3561 379 3647 mali
415 3578 630 3678 tempore,
657 3579 722 3652 cst
754 3595 780 3649 n
811 3594 920 3651 ιιοιια
952 3561 1010 3650 cd
1043 3564 1392 3686 meridiemque
1427 3592 1588 3680 nempe
1632 3561 1766 3652 inter·

277 3683 394 3770 vallo
428 3679 615 3772 olfirsium
645 3685 850 3774 divinum
886 3686 1106 3792 recitatum
1145 3691 1202 3775 ita
1251 3706 1297 3790 ut
1331 3691 1413 3776 hoc
1455 3685 1609 3774 ultimo
1658 3702 1765 3775 tem·

278 3807 397 3927 poris
445 3805 604 3923 lap'sn,
664 3808 706 3896 in
757 3841 845 3928 qun
895 3809 957 3898 ob
1001 3841 1190 3929 poenam
1240 3810 1536 3928 suspensionis
1580 3811 1636 3898 ab
1683 3812 1766 3900 boe

278 3929 525 4017 ministerio
557 3961 651 4019 sese
686 3933 992 4021 abstinuerunt
1024 3934 1250 4039 Canonici,
1278 3933 1567 4024 consessiones
1607 3963 1761 4022 evase·

279 4070 382 4141 runt
415 4053 735 4172 infrequentes.
761 4057 988 4146 Adliciunt
1037 4073 1297 4176 praeterea,
1344 4055 1465 4178 qued
1519 4058 1764 4146 Canonicus

277 4175 648 4266 Paenitentiarius
681 4179 797 4268 ultra
830 4209 989 4268 novem
1025 4179 1186 4270 abhinc
1212 4181 1341 4269 annis
1363 4211 1489 4269 suum
1527 4180 1679 4298 nequit
1702 4181 1765 4268 nl-

285 4295 432 4384 lioium
454 4297 718 4416 adimplere,
741 4303 843 4422 quia
861 4323 1038 4422 praeter
1061 4320 1247 4394 aetatem
1266 4305 1621 4422 nctunpeanriour,
1636 4304 1763 4390 cluo·

286 4419 379 4508 nica
415 4420 585 4509 laborat
616 4423 890 4516 infirmitate.
1038 4466 1046 4509 ;

409 4541 483 4630 Ad
515 4544 625 4634 hanc
659 4565 805 4638 autam
840 4552 1202 4642 consuetudinem
1223 4547 1598 4640 cohonestandum
1618 4576 1796 4636 exem,

205 4679 207 4684 ’
286 4667 408 4783 plum
444 4667 646 4758 invocant
663 4673 715 4759 B.
740 4675 912 4761 loannis
933 4677 1157 4793 Baptistae
1178 4674 1407 4778 Dc-Rossi,
1436 4673 1509 4791 qui
1529 4703 1552 4760 a
1575 4669 1767 4762 Summis

285 4789 575 4879 Pontificibus
606 4793 832 4884 ‘Clemente
865 4799 1023 4886 Xll.et
1044 4797 1284 4887 Benedictus
1306 4799 1425 4900 xlv,
1453 4794 1766 4886 Concanonicis

280 4915 332 5005 S.
357 4913 517 5001 llariac
533 4917 574 5001 in
589 4917 821 5007 Cosmedin
839 4919 902 5008 de
919 4921 1045 5008 llrbe
1068 4921 1397 5038 plaudentibus,
1414 4919 1621 5008 altissimo
1645 4949 1767 5006 eom-

281 5037 521 5125 mendatus
555 5037 633 5128 luit
668 5043 776 5130 dnm
812 5043 870 5131 ab
900 5043 1057 5131 iisdem
1090 5044 1431 5161 deprecabatur
1462 5042 1545 5130 sibi
1579 5039 1762 5132 concedi
1877 5146 1883 5155 Ι

287 5175 334 5246 ut
366 5159 713 5254 cnnlessionibus
747 5165 1014 5282 excipiendis
1045 5183 1248 5282 tempure
1275 5166 1420 5254 :divini
1465 5163 1616 5268 olsrcii¹
1642 5195 1767 5254 raou-

283 5298 355 5371 ret
400 5313 479 5388 ne,
510 5289 829 5402 percommode
872 5289 1094 5381 occadnue
1140 5291 1454 5410 praeterlapsa,
1490 5291 1767 5408 poenitentes

277 5409 597 5496 sacramentale
632 5413 856 5500 lavacrum
886 5411 1179 5530 negligerent.
1201 5415 1262 5500 Ex
1298 5413 1413 5502 bisce
1437 5413 1643 5502 omnibns
1662 5443 1765 5500 oon-

289 5530 488 5629 eludunt,
517 5573 532 5608 ι
561 5531 641 5620 che
675 5535 732 5651 gli
783 5537 878 5624 lurni
929 5538 1207 5652 componenti
1244 5537 1283 5624 la
1322 5539 1367 5628 S.
1411 5537 1763 5657 Congrcgazinnc

1586 5687 1645 5776 47
