4530 6336
717 325 801 411 Die
832 325 883 412 ul
926 321 1041 412 lunii
1075 319 1212 410 1879.
1624 329 1716 419 319

223 452 424 552 suissen13
460 450 505 540 S.
532 453 582 542 C.
611 449 652 534 in
677 448 906 535 Borioru'eu.
933 445 1226 536 Absoluliouis
1248 465 1286 536 el
1312 448 1599 564 Excrupliouis
1618 481 1712 542 oue-

226 576 291 664 ris
325 569 534 689 implendi
577 571 706 688 lequli
749 573 808 660 27
859 570 1085 660 Februarii
1121 569 1241 661 1875
1276 569 1320 693 S
1359 573 1552 660 Orotori.
1596 575 1716 666 Hanc

225 700 360 818 igilur
373 696 432 784 ob
449 729 624 786 causam
638 695 959 784 absolutionem
974 729 999 784 a
1017 697 1261 812 praeteritis
1275 696 1581 784 omissionibus
1595 697 1718 820 largi·

225 821 460 912 laml'uisse
496 819 925 909 leslanlurCesoleu.
965 821 1023 908 l5
1056 819 1293 905 Decembris
1336 819 1473 916 1787,
1519 820 1712 912 Cosaleu.

228 941 1135 1041 2οΠ1111111113178811112,1111111111.
1174 941 1443 1030 Reducliouis
1486 944 1712 1034 Missurum

227 1085 265 1160 el
288 1065 582 1156 Absolutiouis
604 1071 665 1158 20
677 1066 915 1154 Decembris
935 1067 1055 1155 1788
1074 1065 1173 1153 dub.
1195 1071 1240 1164 2,
1278 1067 1484 1156 llluceriuu
1505 1068 1710 1182 Paeone-

225 1227 319 1282 rum
352 1193 381 1278 5
415 1192 663 1308 Seplerribre's
689 1193 808 1280 1778
833 1193 1033 1308 aliaeque
1055 1191 1411 1310 (quamplurimae
1432 1196 1708 1284 exoneratio-

227 1346 329 1406 nem
366 1329 512 1404 autem
546 1346 789 1406 concessam
827 1315 988 1433 pari-ter
1012 1315 1354 1430 luisseprobanl
1378 1316 1581 1410 Firmano
1613 1320 1713 1435 Leo.

229 1443 278 1530 31
325 1439 434 1532 Maii
470 1439 863 1556 1721111111.
891 1437 1217 1526 Exonerutiouis
1246 1438 1300 1523 15
1322 1437 1550 1525 Februarii
1574 1441 1714 1530 1879.

353 1565 448 1681 Age
482 1563 527 1652 in
561 1565 752 1652 chemate
776 1563 831 1652 de
854 1579 1112 1680 paupertate
1136 1562 1331 1650 Oratoris
1355 1563 1599 1653 nullimode
1624 1595 1717 1652 am·
1856 1609 1859 1615 ·
1926 1664 1932 1678 ,

226 1685 473 1806 bigendum
508 1718 600 1775 esse
636 1686 840 1774 videtur:
879 1684 1240 1807 quandoquidem
1276 1686 1461 1802 ipsemet
1486 1688 1715 1804 Arclriepi·

231 1841 386 1930 seopus
421 1827 601 1899 testulus
635 1827 696 1899 esl
732 1811 927 1899 Oratoris
962 1809 1169 1898 familiam
1213 1841 1265 1895 eu
1306 1809 1446 1925 yrudu
1489 1811 1720 1900 decentiori

231 1933 289 2024 ed
322 1933 504 2049 qrodum
537 1933 817 2021 miserandum
853 1933 1123 2021 descendisse.
1156 1933 1285 2044 Quod
1324 1935 1460 2052 mergis
1496 1935 1720 2054 magisque

232 2057 417 2148 suadere
457 2057 632 2146 videtur
680 2059 779 2146 hnic
812 2056 1003 2146 familiae
1037 2085 1150 2173 quae
1186 2057 1226 2142 in
1250 2057 1601 2174 impossibililale
1626 2090 1721 2148 ver·

231 2199 353 2270 salur
388 2181 633 2299 legatorum
668 2213 800 2270 onera
843 2179 1071 2301 ‘implendi
1111 2211 1164 2266 ex
1202 2178 1431 2286 Ecclesiae,
1475 2215 1585 2300 (luae
1622 2183 1724 2301 piis-

231 2307 342 2396 sima
378 2320 517 2393 mater
538 2321 618 2407 est,
647 2303 916 2426 indulgentia
937 2301 1115 2422 aliquod
1160 2302 1471 2418 praestandum
1517 2337 1609 2394 esse
1653 2307 1723 2394 le-

233 2459 410 2517 vameu.

365 2551 493 2640 Hisce
528 2551 675 2670 ilaque
709 2555 932 2670 (repudiis,
979 2567 1107 2670 alque
1153 2565 1321 2639 allento
1363 2550 1482 2671 quod
1516 2582 1569 2640 ex
1603 2583 1725 2641 more

235 2677 282 2768 S.
321 2675 372 2765 C.
414 2692 501 2763 {arn
539 2675 580 2764 in
618 2676 909 2779 absolutionc,
947 2705 1082 2792 quam
1108 2671 1363 2764 reductione
1388 2676 1730 2796 111111181Μί5-

218 2829 387 2920 ⁸surum
424 2799 736 2888 exoneratione
769 2799 992 2920 largienda
1036 2798 1215 2916 aliquod
1256 2830 1367 2888 onus
1400 2801 1504 2890 solel
1541 2800 1725 2918 imponi,

238 2923 423 3014 videam
457 2924 544 3012 EE.
583 2925 895 3042 VV.quona1n
920 2953 1126 3041 responso
1160 2918 1421 3012 diluendum
1457 2925 1511 3012 sit

872 3170 1090 3259 DUBlUM
1135 3250 1138 3258 ,

429 3419 497 3506 Au
532 3417 807 3538 ecquomodo
840 3417 1100 3507 annuendum
1139 3417 1195 3504 sil
1226 3418 1422 3532 precibus
1454 3421 1651 3513 Oculoris
1686 3424 1731 3510 iu

302 3574 415 3632 cusu.
886 3580 888 3585 ·

366 3787 637 3879 Affirmalire
670 3790 892 3878 celebrato
927 3792 1073 3911 aliquo
1110 3793 1336 3882 Missurum
1358 3821 1544 3884 numero
1566 3797 1625 3883 ab
1648 3795 1730 3885 Ar·

239 3913 515 4034 chlepiscopo
549 3913 888 4005 determinando
923 3914 1069 4033 quoad
1106 3915 1395 4036 praeteritum
1430 3915 1645 4038 sublege
1682 3932 1729 4006 ul

240 4042 275 4130 si
309 4039 589 4128 oeconomica
622 4037 819 4130 Oratoris
854 4039 1047 4126 conditio
1085 4039 1242 4129 melior
1277 4039 1318 4126 in
1346 4039 1554 4130 fusurum·
1574 4041 1735 4132 evadat

244 4197 322 4286 pro
358 4193 497 4280 aequa
532 4163 663 4252 eliam
696 4177 839 4282 parte,
877 4161 997 4250 iuxta
1031 4164 1225 4281 prudens
1274 4163 1470 4253 eiusdem
1511 4164 1737 4284 Arelriepi·

243 4286 362 4406 scopi
399 4284 626 4390 iudicium,
666 4288 786 4402 pium
821 4285 1013 4403 legatum
1049 4287 1336 4406 redintegrari
1360 4288 1522 4377 debeat
1544 4319 1645 4378 cum
1670 4289 1734 4374 in·

244 4411 481 4528 scriptione
514 4408 839 4529 hypothecaria,
878 4409 989 4498 lacto
1025 4412 1161 4500 verbo
1196 4441 1293 4500 cum
1327 4410 1480 4502 Ssffio.
