4460 6332
722 379 801 463 Die
833 376 892 462 23
929 375 1109 491 Aupusti
1145 373 1282 462 l879.
1540 365 1550 378 ¹
1654 377 1745 464 395

249 505 312 590 Dc
336 505 565 617 insepalta,
602 499 694 586 sive
712 502 786 620 qui
815 499 1049 614 collapsam
1087 499 1175 587 suis
1198 498 1449 615 sumptibus
1473 500 1662 588 restituit
1680 514 1744 589 te·

245 644 310 716 ste
345 625 490 712 Glosso
526 625 570 710 in
603 624 711 738 Cup.
754 624 958 734 eroninm
995 626 1022 710 3
1060 625 1119 708 Do
1152 625 1362 738 imepatr.
1389 623 1500 710 Cum
1527 623 1734 740 igiturde

247 751 601 866 inrepatronatns
636 748 973 835 Zambeccariae
1018 747 1159 865 gentis
1191 777 1325 864 super
1358 744 1554 864 praelata
1592 747 1735 835 Eccle-

245 877 306 962 sia
342 902 474 990 quam
510 872 599 958 suis
634 870 835 989 expensis
879 887 921 956 ct
973 871 1012 956 in
1053 872 1232 988 proprio
1267 870 1356 956 solo
1406 867 1730 974 aedificaverat,

245 1027 415 1086 necnon
442 996 498 1082 de
523 993 618 1080 inre
646 993 925 1112 proprietatis
951 994 1088 1114 (quod
1115 995 1330 1111 integrum
1359 1027 1436 1082 suo
1458 993 1637 1082 decreto
1655 1025 1744 1082 ser·

243 1123 364 1209 ravit
407 1118 614 1236 Antistcs)
642 1118 807 1236 ambigi
844 1118 961 1206 lraud
997 1149 1123 1237 posse
1159 1119 1598 1234 propugnatOrator,
1627 1118 1742 1206 colli·

244 1246 305 1359 git
338 1242 456 1360 quod
493 1273 543 1328 ea
568 1243 734 1342 omnia,
778 1271 891 1360 quae
926 1242 1042 1330 dicto
1078 1243 1214 1330 l'nndo
1259 1257 1511 1358 competere
1558 1259 1737 1356 possunt

245 1367 419 1456 ratione
453 1397 600 1454 rerum
639 1367 933 1453 materialium
979 1367 1120 1486 pretio
1165 1365 1507 1454 aestimabilium
1545 1363 1601 1452 ad
1636 1363 1774 1454 ilar?

243 1491 502 1578 chionissam
554 1489 797 1605 pertinere,
840 1492 984 1606 prouti
1021 1525 1042 1576 a
1071 1522 1116 1577 ro
1152 1489 1326 1605 propria
1361 1507 1401 1572 ct
1439 1488 1732 1578 haereditaria

244 1615 625 1734 provenientium.
761 1701 770 1732 ἵ]
830 1719 836 1726 ἱ

372 1740 529 1842 Notum
565 1737 782 1854 siquidem
820 1737 860 1823 in
898 1739 991 1825 iure
1025 1767 1117 1826 csse
1142 1755 1287 1826 tuetur
1311 1736 1433 1854 quorl
1460 1737 1625 1855 templa
1649 1767 1741 1824 ma·

246 1860 457 1950 terialitcr
506 1879 679 1978 sumpta
727 1860 874 1980 quoad
921 1863 1181 1962 materiam,
1221 1863 1360 1948 locrrm
1388 1877 1430 1948 et
1455 1880 1737 1963 ornamenta,

242 1985 402 2105 quibus
425 1999 752 2103 componuntur
770 2015 867 2073 curn
890 1986 1019 2074 rebus
1044 1985 1281 2103 prophanis
1300 1986 1591 2088 conveniunt,
1619 1983 1743 2072 idco·

245 2141 331 2230 que
367 2131 540 2224 possunt
580 2139 674 2196 esso
709 2109 750 2194 in
787 2109 1015 2196 hominum
1066 2111 1347 2198 commercio.
1387 2112 1477 2224 lpsa
1515 2107 1633 2195 enim
1670 2107 1739 2195 di·
1824 2129 1835 2152 ·

242 2251 401 2320 curritur
435 2261 527 2318 osse
564 2233 602 2317 in
640 2233 911 2321 haereditate
946 2237 1174 2350 prophana
1210 2253 1246 2318 ct
1291 2233 1453 2322 cadunt
1488 2231 1573 2318 sub
1595 2231 1742 2320 credi-

244 2373 390 2443 torum
426 2386 654 2457 coricursu,
695 2357 915 2473 condique
951 2374 1130 2474 possunt
1161 2389 1242 2471 pro
1272 2356 1412 2471 pretio
1448 2357 1580 2471 ipsius
1612 2371 1741 2442 urnte-
1863 2471 1864 2474 p

245 2483 326 2565 riis
357 2481 700 2594 proportionale.
739 2482 828 2568 lloc
863 2479 1008 2567 innuat
1051 2481 1308 2568 auctoritato
1343 2480 1406 2566 De
1441 2480 1550 2566 Luco
1576 2481 1635 2566 De
1672 2483 1738 2566 iu-

242 2617 406 2719 reputr.
445 2603 550 2688 clisc.
590 2603 649 2690 53
683 2635 796 2690 narrar.
836 2607 882 2708 3,
919 2620 956 2690 rt
989 2603 1040 2691 tle
1071 2637 1253 2718 procem.
1277 2603 1398 2692 ¹eliso.
1447 2606 1497 2690 l0
1535 2635 1647 2688 otior.
1685 2605 1729 2704 9,

242 2728 400 2814 Lotter.
439 2725 579 2812 Dore
614 2726 781 2848 benefic.
817 2725 894 2814 lili.
954 2729 982 2813 2
1038 2747 1192 2844 qrrncst.
1253 2729 1280 2813 -l
1338 2761 1457 2812 rrum
1501 2727 1574 2831 ll,
1617 2727 1734 2812 For-

137 2902 141 2908 ·
245 2882 328 2968 pne
364 2849 415 2937 tle
451 2851 663 2966 lurcpatr.
695 2881 742 2966 p.
784 2854 812 2937 2
847 2885 937 2938 carr.
978 2853 1035 2937 ll
1072 2885 1157 2938 cus.
1186 2856 1242 2940 ’13
1276 2885 1391 2938 rrrrm.
1438 2851 1512 2942 3t.
1551 2850 1657 2937 llotu
1694 2853 1737 2938 in

248 2977 433 3063 llomunu
458 2973 791 3062 fideicommissi
812 2977 873 3064 22
898 2975 1121 3063 Februarii
1147 2978 1266 3064 t7t7
1290 3009 1429 3062 corum
1462 2974 1612 3061 Cerro.

371 3099 424 3184 Ut
487 3098 646 3184 lterum
684 3129 787 3184 vero
822 3101 940 3218 quod
963 3100 1045 3188 sibi
1072 3099 1469 3189 demonstrandum
1497 3125 1740 3214 assumpse-

246 3237 311 3309 rat
348 3221 564 3323 ostendat,
605 3222 668 3307 ius
704 3252 865 3339 nempe
901 3225 1053 3312 utendi
1090 3255 1136 3311 re
1171 3225 1389 3314 destructa
1416 3252 1602 3324 cessare,
1625 3251 1744 3310 reco-

245 3345 295 3431 lit
330 3373 454 3430 usum
489 3345 654 3464 paritor
686 3377 734 3432 ac
771 3346 1090 3436 usumfructum
1126 3347 1185 3436 nil
1222 3346 1339 3436 aliud
1378 3377 1472 3435 csse
1507 3375 1640 3464 quam
1676 3347 1741 3432 itis

247 3470 292 3556 in
330 3497 522 3582 corpore,
560 3499 638 3585 quo
672 3468 850 3570 subluto,
888 3487 926 3558 ct
960 3471 1096 3586 ipsum
1133 3471 1232 3559 tolli
1264 3503 1416 3558 necesse
1461 3489 1534 3558 est.
1581 3468 1743 3558 Subin-

244 3593 389 3708 doque
424 3621 502 3707 per
538 3595 668 3680 totius
703 3593 827 3681 lunrli
865 3595 1088 3680 interitum
1124 3595 1200 3712 qui
1236 3594 1593 3711 independenter
1640 3621 1736 3680 om-

248 3715 352 3802 nino
377 3745 401 3802 a
423 3713 702 3802 concedentis
739 3712 960 3806 voluntate
994 3718 1164 3822 evenit,
1189 3719 1299 3808 adeo
1334 3719 1478 3836 ipsum
1515 3716 1743 3806 usumlru—

249 3855 369 3927 ctum
403 3838 597 3954 extingui
636 3840 808 3928 tradunt
846 3843 962 3957 leges
999 3857 1044 3928 ut
1079 3871 1132 3932 ne
1168 3844 1208 3928 in
1246 3874 1344 3931 area
1380 3841 1560 3958 quidem
1587 3841 1738 3929 duret.

248 3965 312 4052 lta
349 3963 390 4048 in
425 3963 472 4047 L.
517 3961 685 4073 Quoties
720 3965 779 4052 3-'r
811 3963 861 4085 ff.
898 3964 943 4086 S.
981 3967 1010 4053 2
1045 3967 1107 4052 De
1140 3965 1345 4086 usufruot.
1387 4007 1404 4043 ι
1449 3965 1495 4052 Si
1518 3963 1636 4052 cedes
1677 3965 1741 4050 in·
1814 4035 1816 4038 .

249 4117 385 4172 cerrsuc
417 4085 579 4206 fuerint
614 4089 870 4206 ususfructus
904 4089 1143 4204 specialiter
1165 4089 1331 4176 uerlium
1358 4088 1514 4206 leqntus
1542 4091 1633 4204 peti
1656 4118 1741 4174 iton
1780 4173 1783 4178 ,

243 4227 394 4323 potest,
434 4250 451 4286 ι
491 4225 533 4296 ct
568 4211 609 4296 in
651 4211 693 4335 g.
736 4213 879 4299 Finali
911 4231 1044 4300 niuem
1089 4217 1116 4302 3
1159 4213 1263 4300 lust.
1304 4213 1498 4332 Densus.
1539 4211 1740 4299 lustinia·

250 4361 332 4418 uris
365 4333 442 4418 ait:
484 4373 500 4408 ι
544 4333 603 4420 Eo
637 4334 819 4451 emplius
852 4354 1025 4434 constet,
1057 4337 1094 4424 si
1115 4337 1235 4424 nodos
1259 4335 1450 4422 r'nceorlio
1472 4353 1735 4450 consumptae

240 4453 420 4574 suerio&
454 4457 520 4541 nel
553 4460 676 4543 etium
712 4476 976 4560 terraemotu,
1013 4461 1080 4548 uel
1116 4463 1217 4548 oitio
1241 4491 1312 4546 suo
1336 4461 1573 4546 corruerint
1596 4459 1734 4546 eortiu-

246 4580 320 4694 pui
355 4579 652 4699 usumfructum
688 4601 724 4670 ct
746 4617 794 4672 ne
817 4615 937 4670 ureae
975 4585 1142 4703 periclem
1186 4584 1486 4706 usumfructum
1521 4581 1664 4670 deberi
1698 4625 1735 4668 ι.

247 4703 447 4794 Concinit
466 4705 515 4788 L.
544 4704 687 4821 Repeti
707 4723 841 4822 potest
862 4709 891 4796 5
915 4707 959 4828 S.
987 4712 1016 4798 2
1037 4709 1088 4830 ff
1119 4710 1277 4821 Quibus
1293 4706 1428 4828 modis
1450 4707 1581 4827 ususf.
1610 4707 1733 4792 omit.

246 4826 400 4918 sedin
427 4826 536 4914 lacto
563 4831 732 4918 csseait
761 4833 995 4920 Ecclesiam
1029 4834 1105 4924 SS.
1148 4835 1329 4924 Cnsmac
1364 4847 1408 4919 et
1441 4829 1645 4920 Damiaui
1668 4829 1742 4917 do·

246 4966 454 5038 structam
491 4951 619 5040 luisse
665 4955 866 5073 publicae
915 4959 1115 5046 utilitatis
1150 4987 1277 5045 causa
1313 4957 1355 5042 in
1392 4957 1478 5042 vim
1518 4953 1623 5071 regii
1660 4951 1738 5040 tle-

247 5073 384 5178 creti,
420 5077 487 5164 oui
514 5078 817 5167 llarolrionissa
842 5080 1026 5168 minime
1058 5083 1263 5169 resistere
1286 5079 1474 5167 valebat.
1513 5079 1623 5168 Cum
1660 5075 1739 5163 ita-

244 5229 332 5318 que
365 5201 425 5287 rei
451 5199 629 5288 interitu
653 5234 756 5289 usus
778 5203 926 5292 lavoro
950 5201 1329 5312 Conlratcrnitatis
1353 5234 1494 5292 cessus
1529 5199 1740 5290 manserit

244 5323 477 5426 extinctus,
515 5325 633 5411 nulla
653 5327 840 5442 pretiosa
874 5328 1237 5445 ratiosuppetcre
1272 5358 1394 5442 posse
1418 5327 1595 5444 colligit,
1634 5355 1740 5442 quo-

243 5446 388 5534 minus
423 5447 729 5538 llarclrionissa
752 5449 1052 5569 obstringatnr
1086 5449 1140 5538 ad
1176 5449 1389 5540 Ecclesiae
1423 5447 1738 5539 reaedificatio·

245 5599 366 5674 nem,
392 5568 575 5687 utpium
601 5571 861 5666 Sodalitium
888 5605 1138 5664 concessum
1164 5587 1207 5661 et
1229 5574 1313 5662 iam
1333 5575 1573 5664 extinctum
1612 5600 1739 5688 usum

245 5695 451 5813 prosequi
481 5697 640 5785 valeat.
785 5709 786 5712 ‘
