4482 6350
642 364 723 450 Die
754 347 820 452 20
846 363 1096 482 Septembris
1131 365 1266 457 l879.
1609 375 1702 464 485
1756 283 1764 306 ¹

219 493 335 582 tario
366 519 448 576 non
481 488 837 575 communicantur
881 519 959 604 per
1008 492 1326 608 apprcpationes
1360 493 1705 614 Confratcrnito-

220 633 303 704 tnm
338 630 377 702 et
403 611 755 727 participationes
789 609 1154 728 Indnlpentiarnm
1193 653 1231 698 ι.
1269 617 1419 704 Restat
1471 634 1519 704 ut
1561 617 1708 738 aliqua

220 737 429 826 adnotent
465 733 577 820 circa
610 732 998 852 participationem*
1026 729 1424 853 indulgentiarum·
1446 739 1629 858 agendo
1652 743 1708 828 si·
1849 796 1855 808 ·
1926 741 1930 748 ’

219 859 401 978 quidem
436 856 492 944 de
526 848 745 944 lucrnlldis
778 855 1059 974 indulgentiis
1093 857 1221 947 altari
1256 859 1298 945 in
1341 889 1429 978 quo
1473 861 1707 950 fundatum

219 995 285 1070 cst
315 977 578 1073 Sodalitium
612 977 809 1080 adnexis,
833 978 1059 1068 videretur
1088 980 1206 1097 quod
1230 981 1480 1072 confratres
1512 1011 1583 1073 eas
1616 985 1709 1073 mi-

221 1104 340 1192 nime
390 1101 545 1190 lucrari
595 1115 785 1218 possent.
838 1101 1210 1221 Quandoquidem
1260 1132 1339 1222 per
1378 1103 1710 1195 translationem

220 1223 415 1314 sodalitii·
441 1223 483 1310 in
517 1223 647 1312 aliam
681 1223 915 1312 Ecclesium
950 1223 1106 1314 lactum
1142 1225 1259 1314 haud
1303 1249 1469 1315 cessare·
1502 1227 1710 1318 videntur

219 1347 449 1466 privilegia
483 1347 612 1436 alicui
631 1345 756 1433 altari
779 1377 978 1435 concessa
1002 1347 1135 1435 etium
1160 1348 1292 1465 ipsius
1316 1349 1495 1435 intuitu.
1519 1349 1585 1439 Ad
1611 1367 1705 1440 reru

219 1472 453 1560 Parachus:
483 1509 501 1548 ι
529 1469 906 1586 L’Aggregazione
940 1469 983 1556 in
1019 1469 1207 1559 discorso
1231 1501 1317 1558 non
1343 1483 1502 1584 potera
1521 1489 1711 1590 permet-

228 1635 244 1671 ι
285 1609 376 1682 tere
410 1593 454 1682 di
491 1591 639 1680 ledere
674 1591 686 1676 i
720 1591 858 1678 diritti
891 1589 960 1680 dei
996 1591 1099 1680 terri
1122 1592 1214 1681 cioe
1236 1592 1369 1712 quelli
1394 1591 1465 1680 dcl
1500 1597 1705 1700 Parnaco,

228 1757 244 1792 ι
283 1715 339 1803 nie
375 1712 593 1803 traslerire
626 1713 638 1800 i
672 1713 872 1832 privilegi
906 1716 1094 1803 concessi
1116 1715 1171 1804 ad
1192 1741 1250 1802 un
1275 1713 1479 1802 altstedi
1504 1745 1590 1804 nna
1610 1717 1712 1807 datu

226 1879 243 1915 ι
283 1837 436 1928 Chiesa
471 1865 495 1923 a
528 1835 678 1954 quello
710 1835 754 1924 di
791 1867 847 1924 un
883 1837 1083 1925 Oratorio
1125 1879 1163 1925 ι.

345 1960 472 2048 Hisce
505 1959 636 2075 igitur
676 1959 882 2047 breviter·
917 1959 1171 2076 ponderatis
1216 1959 1452 2078 dignentur
1483 1959 1568 2047 ΞΕ.
1605 1958 1703 2050 VV.

220 2083 446 2202 sequentia
479 2081 651 2170 diluere
1303 2123 1318 2146 κ

873 2317 1050 2414 Dtttttn

345 2575 379 2661 l.
416 2571 488 2658 An
521 2569 791 2692 Pontificinm
826 2571 957 2658 Breve
989 2569 1078 2658 dici
1108 2571 1170 2658 24
1186 2570 1437 2689 Septembris
1461 2573 1582 2662 4875
1605 2601 1699 2660 esec-

222 2695 416 2813 qnntioni
447 2693 781 2783 demandandum
816 2694 934 2780 sitin
967 2725 1078 2780 casn.

453 2905 522 3029 'ln
556 2959 769 3060 qnatenus
803 2937 1060 3030 affirmative

354 3187 409 3272 ll.
447 3184 518 3272 An
545 3186 609 3273 ins
640 3199 842 3303 competat
865 3185 1222 3306 Consrotmnitati
1244 3185 1496 3288 ennrrciatcs,
1524 3182 1714 3299 aliosque

226 3306 523 3396 ecclesiasticas
555 3307 786 3428 sancctiones
818 3339 899 3396 non
927 3308 1196 3424 parochiales
1229 3310 1271 3395 in
1299 3307 1487 3426 propria
1524 3303 1716 3392 Ecclesia

227 3429 430 3548 explendi
462 3431 587 3519 etiam
619 3463 707 3519 carn
740 3431 994 3548 expositione
1024 3429 1144 3520 ssai
1174 3430 1433 3520 Socransenti
1456 3431 1501 3515 in
1533 3459 1643 3514 casn.
1786 3424 1792 3429 ’

358 3613 450 3767 llli
470 3677 542 3764 An
571 3676 769 3798 praefato
794 3675 1006 3766 Sodalitio
1039 3677 1084 3763 in
1123 3678 1207 3764 nim
1238 3673 1572 3795 Apprepationis
1607 3701 1717 3758 com-

227 3816 350 3917 petat
381 3798 515 3890 altare
541 3799 864 3918 priuilepiatnm
899 3803 941 3886 in
976 3831 1084 3888 casn.

352 4049 426 4136 tv.
465 4047 536 4134 An
569 4045 743 4135 Sodales
776 4045 981 4162 explendo
1005 4049 1206 4136 exercitio
1224 4045 1403 4165 pietatis
1439 4043 1482 4128 in
1507 4057 1614 4127 nonu
1640 4038 1720 4127 Ec·

229 4169 357 4258 clusio
391 4170 529 4259 adana
564 4169 726 4256 lucrari
756 4171 923 4258 ualeant
955 4167 1244 4288 lndnlpcntias
1262 4171 1305 4258 in
1328 4196 1440 4254 cases.

355 4533 515 4638 Dilata,
554 4553 597 4625 et
631 4538 834 4626 audiatur
867 4565 1006 4624 novus
1039 4533 1420 4652 Archiepiscopns.
