4558 6340
580 325 673 418 2l2
1046 320 1128 407 Dic
1159 319 1220 406 26
1253 318 1425 436 Aprilis
1462 321 1598 410 1879.

589 491 607 528 ι
645 465 690 536 et
723 443 1037 562 pertinentium
1074 443 1252 546 lructus,
1307 444 1503 546 reditus,
1541 461 1795 561 proventus,
1837 443 1949 554 iura,
1988 447 2072 535 ob-

584 611 601 649 «
643 568 868 658 ventiones
900 585 944 654 et
975 566 1274 656 emolumenta
1305 569 1509 655 universa
1545 585 1633 656 tam
1677 586 1794 656 certa
1822 599 1957 687 quam
2007 568 2076 657 in-

586 735 602 772 «
642 711 759 780 certa
793 691 923 778 ctiam
959 689 1127 778 ratione
1160 689 1355 778 exercitii
1390 721 1521 780 curae
1567 689 1816 778 animarum
1861 690 2074 780 lucrifieri

584 855 601 894 ι
642 831 686 904 et
719 814 883 931 percipi
901 813 1025 900 solita
1064 879 1073 899 .
1114 877 1124 900 .
1167 878 1177 900 .
1215 829 1427 928 perpetuo
1460 813 1717 932 appliceset
1741 813 2003 929 appropries
2033 855 2072 902 ι.

706 941 772 1025 De
804 936 1077 1054 quaestione,
1114 935 1225 1024 circa
1260 937 1326 1022 ios
1362 935 1599 1052 peragendi
1630 927 1772 1024 sacras
1804 934 2072 1043 functiones,

582 1061 689 1150 uibil
723 1091 769 1148 se
803 1059 967 1146 addere
1000 1058 1168 1148 debere
1204 1059 1363 1176 inquit,
1401 1061 1502 1176 quia
1534 1092 1635 1149 cum
1670 1059 1922 1176 Capitulum
1957 1081 2078 1150 acto·

582 1186 642 1272 ris
677 1201 822 1300 partes
855 1182 1092 1298 susceperit
1140 1200 1289 1269 contra
1338 1181 1624 1270 Ordinarium
1660 1183 1971 1300 prohibentem
2012 1181 2078 1271 iu-

582 1307 640 1394 ris
673 1305 925 1394 exercitium
980 1305 1317 1392 immemorabili
1370 1307 1638 1422 possessione
1689 1305 1945 1410 munitum,
1987 1306 2074 1394 sibi

581 1461 662 1549 pro
697 1427 838 1516 lubitu
876 1429 1065 1516 liberum
1098 1427 1170 1530 sit,
1209 1427 1386 1546 quando
1422 1429 1650 1542 placuerit,
1690 1445 1841 1544 petere
1888 1446 1933 1514 ut
1972 1461 2077 1544 pro-

582 1569 790 1669 ponatur.
828 1553 979 1668 ltaque
1013 1551 1068 1638 acl
1117 1549 1254 1638 dubia
1304 1553 1482 1638 rescribi
1531 1554 1717 1667 postulat
1756 1591 1773 1628 ι
1812 1551 2076 1666 Capitulum

589 1714 606 1754 t
645 1677 690 1764 S.
728 1675 903 1791 Georgii
939 1673 1257 1784 absolvendum
1293 1705 1386 1762 esse
1420 1677 1476 1762 ab
1510 1673 1789 1764 observantia
1824 1674 1977 1760 iudicii
2006 1705 2080 1762 su-

591 1837 608 1875 «
649 1828 725 1913 per
758 1797 1181 1901 dismembrationc,
1218 1798 1337 1884 salvo
1381 1797 1526 1888 cidem
1578 1799 1670 1886 iure
1706 1811 1838 1911 prout
1870 1795 2075 1902 libuerit,

590 1959 608 2000 ι
647 1919 950 2036 quaestionem
999 1951 1145 2008 coram
1196 1922 1240 2010 S.
1277 1919 1445 2011 Ordine
1489 1919 1763 2038 proponendi
1810 1949 1942 2036 super
1979 1921 2078 2010 iur'e

588 2081 606 2122 c
645 2045 887 2160 peragendi
927 2075 1072 2132 sacras
1108 2045 1415 2131 lunationes».

710 2167 1025 2254 Verumtamen
1059 2166 1095 2254 si
1128 2167 1213 2254 BE.
1252 2171 1346 2257 VV.
1385 2167 1427 2254 in
1461 2167 1726 2255 contrariam
1759 2165 1921 2255 abeant
1974 2197 2075 2253 seu·

585 2288 769 2376 tentiam
805 2289 1017 2380 instanter
1049 2286 1204 2378 causae
1238 2289 1494 2378 dilationem
1520 2291 1783 2408 expostulat,
1813 2305 1860 2376 ut
1882 2287 2078 2406 Capituli

587 2411 682 2498 iura
716 2413 910 2529 protueri
947 2414 1095 2529 possit,
1133 2413 1352 2532 simulque
1395 2414 1676 2515 documenta,
1715 2412 1879 2530 quibus
1926 2412 2081 2530 ipsum

587 2533 804 2640 innititur,
844 2537 1049 2626 lidelibus
1085 2539 1169 2625 EE.
1200 2541 1294 2624 VV.
1321 2536 1456 2624 oculis
1495 2535 1731 2624 subiicere.

711 2661 835 2748 Hisce
871 2662 1078 2777 utrinque
1111 2659 1320 2776 expositis
1353 2659 1457 2777 quid
1484 2660 1530 2746 in
1557 2661 1748 2748 themate
1770 2657 2073 2761 sentiendum,

587 2779 800 2874 definient
835 2786 917 2871 ΕΕ.
954 2787 1040 2871 PP.
1077 2785 1238 2902 quibus
1271 2815 1351 2900 pro
1377 2813 1475 2872 meo
1531 2813 1714 2872 munere
1764 2780 1972 2870 diluenda
2011 2811 2080 2869 re·

586 2905 715 2993 mitto
741 2905 1003 2995 concordata

1239 3153 1419 3242 DUBlA

712 3401 747 3486 l.
782 3397 854 3487 Aa
887 3403 942 3488 sit
976 3400 1087 3489 locus
1122 3397 1484 3488 dismembratloai
1513 3399 1732 3515 paroeciae
1765 3399 1812 3486 iu
1844 3427 1957 3484 casa.

710 3649 765 3735 ll.
803 3648 872 3734 fla
905 3661 1057 3734 constet
1090 3645 1266 3733 deirae
1294 3641 1530 3761 parapsidi
1577 3675 1718 3732 sacras
1757 3643 1990 3765 {nactioacs
2029 3643 2078 3729 in

587 3766 773 3860 Ecclesia
803 3769 847 3859 S.
870 3769 1040 3856 loannis
1072 3770 1290 3884 Baptistae
1323 3770 1369 3856 ia
1400 3798 1514 3854 casa.

713 4065 782 4154 Ad
818 4065 852 4150 l.
891 4057 1180 4151 Affirmativo.

712 4187 784 4277 Ad
817 4187 871 4274 ll.
908 4187 1060 4276 Sacras
1093 4183 1339 4275 lunationes
1371 4219 1396 4274 a
1428 4185 1634 4310 Capitulo
1670 4187 1945 4310 peragendas
1982 4214 2070 4275 non

588 4341 699 4400 csse.
1148 4349 1151 4354 ·

597 4829 600 4836 ·
715 4667 1070 4873 NOVAROEN.
1107 4783 1602 4872 Puauceoasrntn.
1637 4825 1670 4860 =
1703 4786 1739 4872 Α
1774 4786 2075 4876 remotissimis

191 4909 298 5002 Scss.
329 4909 381 4998 2l
433 4923 472 5000 ct
503 4910 564 5000 22
589 4919 735 5026 'usquc
771 4908 1044 5025 temporibus
1071 4905 1306 4993 incivitate
1325 4907 1959 5000 lntriNovariensisDiocccsis
1981 4912 2078 5000 Col·

163 5031 560 5157 cap.3‹lellcsorm.
597 5033 755 5151 legiata
790 5045 909 5118 extat
933 5029 1117 5118 Ecclesia
1142 5033 1198 5118 Ι).
1234 5029 1394 5116 Victori
1429 5030 1590 5134 dicata,
1631 5031 1701 5118 cui
1729 5033 2006 5150 Praepositus
2038 5047 2079 5122 et
2201 5029 2203 5032 ’

586 5155 1017 5275 quinqueCanonici,
1050 5153 1124 5276 qui
1153 5151 1287 5240 ctiam
1322 5153 1504 5241 Parocbi
1534 5169 1651 5258 sunt,
1678 5153 1950 5245 deserviunt.
1977 5161 2080 5246 Ere·

588 5280 673 5368 ctio
708 5302 860 5366 verum
899 5299 984 5366 tam
1025 5273 1374 5368 canonicatuum
1417 5305 1549 5394 quam
1585 5278 1920 5398 Praepositurae
1963 5311 2077 5400 quae

527 5387 543 5404 ⁸
587 5401 707 5487 'inibi
737 5393 939 5519 biyntaa
967 5397 1223 5518 principalis
1247 5415 1286 5486 ct
1310 5400 1435 5487 unica
1467 5401 1626 5500 existit,
1665 5401 1708 5488 io
1745 5402 1938 5490 tenebris
1968 5404 2079 5496 deli·

594 5525 737 5613 tcscit.
758 5523 873 5616 lllud
900 5543 1042 5614 tamen
1065 5539 1232 5613 certum
1257 5535 1321 5613 cst
1343 5523 1463 5644 quod
1477 5553 1565 5614 non
1584 5555 1683 5614 raro
1702 5523 1899 5644 Dignitas
1917 5525 2076 5622 isthaec
