4460 6332
621 414 713 504 456
1041 403 1217 499 136620
1248 400 1497 520 Septembris
1530 403 1670 494 4879.
1892 495 1898 503 ,

619 551 762 657 potest
793 529 1075 634 Petroniiiae,
1109 553 1223 646 quae
1255 528 1378 647 virgo
1413 553 1499 616 non
1533 543 1644 630 erat,
1681 525 1766 616 sed
1802 525 1938 617 vidua
1967 529 2007 620 iu
2027 566 2079 624 se

621 655 779 750 enodis
813 653 990 772 nuptiis3
1026 681 1115 742 non
1152 647 1305 740 aderat
1338 651 1419 767 ipsi
1464 647 1710 764 perieulum
1759 647 1971 740 infamiae
2012 655 2081 748 sine

621 781 767 897 eulpa,
803 809 904 868 eum
937 773 1104 866 conseia
1153 771 1286 862 inerit
1334 772 1390 862 de
1437 771 1779 886 impedimento,
1840 791 1888 860 ut
1932 774 2081 890 ipsamet

622 901 818 992 ‹euniessa
840 917 921 988 est.
946 897 992 990 Si
1014 895 1205 1016 denique
1228 911 1324 1014 post
1345 905 1618 983 contractum
1642 893 1984 984 matrimonium
2006 933 2081 990 cou-

621 1024 821 1116 iessarius
853 1051 878 1110 a
899 1023 1028 1112 Sacra
1048 1017 1386 1126 Paenitentiaria
1411 1017 1688 1131 impetrasset
1707 1015 2077 1132 dispensationem

622 1143 1056 1266 praeterquamquod
1107 1139 1356 1230 huiusmodi
1405 1139 1678 1254 dispensatio
1746 1139 1927 1256 respicit
1970 1143 2079 1236 iarun

622 1267 915 1358 conscientiae
950 1281 1117 1366 tantum
1151 1281 1195 1352 et
1229 1293 1353 1352 veras
1398 1261 1587 1350 rationes
1631 1260 1813 1379 exigit,
1871 1263 2082 1360 mutierde

622 1407 832 1490 consensu
866 1388 1051 1505 repetito
1098 1385 1355 1476 memorari·
1383 1383 1591 1486 debehat,
1645 1401 1689 1474 et
1726 1383 2075 1502 dispensationem

622 1513 772 1602 saitem
805 1542 829 1597 a
861 1510 1018 1599 marito
1036 1511 1260 1598 obtentum
1284 1507 1533 1596 meminisse
1555 1508 1813 1624 oportebat,
1842 1537 2023 1624 eumque
2043 1513 2081 1600 de

621 1650 796 1752 recepta
829 1633 1052 1724 sanatione
1085 1629 1366 1746 redarguere:
1403 1644 1609 1716 econtra
1646 1629 1826 1716 nultum
1863 1629 1920 1718 de
1952 1631 2008 1718 his
2034 1633 2076 1721 iu·

624 1755 808 1861 dicium,
843 1753 1089 1844 imosnam
1122 1751 1433 1842 confessionem
1468 1766 1511 1838 et
1545 1749 1588 1838 in
1623 1779 1777 1839 errore
1827 1751 2076 1867 pertinaciam

624 1907 883 1999 eprocessu
914 1875 1088 1966 deduci.
1128 1874 1334 1996 Denique
1367 1873 1557 1960 habetne
1594 1870 1760 1966 mulier
1814 1873 1879 1960 ius
1927 1878 2074 1992 eogendi

619 2001 823 2090 maritum
859 2015 906 2087 ut
945 1997 1216 2088 sanationem
1249 1995 1457 2116 quaerat?
1491 1993 1591 2083 Mihi
1614 1995 1799 2084 videtur
1819 2025 1905 2082 non
1930 1997 2073 2096 hahere:

622 2123 786 2220 volenti
808 2123 927 2210 enim
950 2139 993 2210 et
1015 2120 1302 2213 consentienti
1328 2117 1445 2206 nulla
1483 2117 1640 2206 iniuria
1664 2115 1781 2206 iacta
1808 2133 1891 2218 est,
1918 2121 2073 2238 eoquod

619 2247 771 2336 sciens·
799 2241 1183 2361 impedimentum,
1229 2240 1419 2382 parocho
1462 2239 1741 2344 adhortante,
1783 2238 1985 2328 maritum
2014 2272 2073 2329 nou

619 2368 771 2470 suasit,
808 2365 884 2456 sed
918 2363 1106 2484 parocho
1140 2360 1314 2466 restitit,
1336 2393 1385 2451 ac
1403 2361 1591 2480 proinde
1624 2362 1667 2450 in
1702 2362 1861 2450 iiiieito
1894 2364 2070 2450 consortio

622 2490 771 2578 vivere
803 2485 1068 2605 patiebatur;
1106 2487 1230 2576 uuila
1263 2484 1423 2578 iniuria
1456 2483 1696 2603 virginitati
1730 2485 1821 2573 fuit
1856 2484 1966 2571 iliata
1998 2486 2069 2604 quia

622 2610 744 2729 virgo
777 2639 865 2698 nou
899 2624 1007 2714 erat3
1045 2609 1226 2726 longum
1261 2623 1433 2726 tempus
1455 2606 1495 2696 ei
1520 2637 1607 2696 non
1642 2605 1979 2724 suffragaturas
2000 2607 2065 2692 iure

620 2731 682 2850 (in
705 2761 799 2848 cap.
822 2733 927 2820 sne
948 2763 1059 2820 cona.
1079 2745 1117 2818 et
1134 2726 1274 2852 affin.)
1293 2761 1381 2848 quo
1413 2729 1619 2822 statuitur
1646 2769 1663 2808 ι
1694 2747 1742 2818 ιιι
1777 2729 1813 2818 si
1849 2728 1942 2846 quis
1957 2745 2066 2816 eontra
2136 2767 2137 2812 r

622 2895 640 2934 «
679 2851 1081 2972 prohihitionem...
1119 2849 1462 2971 praesumpserit
1478 2849 1689 2970 copulari,
1706 2853 1830 2941 nulla
1864 2849 2067 2968 longinqui·

623 3018 640 3061 ι
680 2993 769 3066 tate
795 2974 1057 3076 defendatur
1089 3003 1322 3064 annorum.
1366 2975 1615 3062 »Potestne
1648 2971 1875 3065 declarata
1903 2972 2063 3058 nuditate

618 3097 886 3188 matrimonii
910 3129 935 3186 a
957 3095 1131 3188 duobus
1153 3096 1284 3184 curiis
1318 3095 1483 3184 hahere
1518 3096 1583 3184 ius
1611 3094 1793 3213 petendi
1813 3091 2060 3211 dispensatio

619 3221 744 3310 uem?
776 3223 1077 3342 Nequaquam
1126 3233 1278 3344 petere
1325 3217 1443 3308 euim
1490 3217 1868 3338 dispensationem
1923 3209 2058 3304 tametsi

617 3373 704 3432 uon
729 3341 946 3432 inficiatur
967 3341 1211 3446 sententiis,
1232 3357 1380 3430 manet
1402 3339 1612 3430 tamenin
1635 3356 1852 3458 potestate
1875 3336 2060 3450 utriusque

615 3465 829 3584 coniugis,
860 3495 948 3554 non
983 3463 1109 3555 unius
1148 3463 1217 3558 vel
1264 3460 1456 3568 alterium
1488 3463 1566 3552 sed
1617 3462 1684 3552 vir
1720 3487 1996 3581 perseverans
2024 3453 2053 3538 iu

612 3585 864 3678 huiusmodi
890 3617 1019 3680 causa
1054 3585 1323 3674 voluntatem
1342 3583 1588 3702 negativam
1606 3583 1770 3674 habere
1795 3583 2048 3676 demonstrat

616 3739 694 3800 nee
723 3709 990 3828 dispensatio
1023 3709 1144 3798 iuxta
1167 3706 1323 3796 divum
1372 3705 1646 3795 Bernardum
1687 3705 1855 3796 aliusve
1893 3706 2055 3796 doctores

614 3831 709 3920 sine
732 3830 988 3948 gravissima
1010 3845 1221 3920 causaest
1242 3827 1514 3946 elargienda:
1547 3829 1591 3918 in
1618 3859 1719 3918 casu
1735 3828 1901 3918 nuliam
1919 3843 2056 3914 causan

613 3981 806 4046 tuvenro.
843 3997 846 4002 ·

736 4075 859 4186 Quae
892 4074 1040 4162 omnia
1075 4072 1209 4162 relata
1241 4073 1428 4164 suadent
1460 4073 1789 4166 matrimonium
1839 4076 1947 4162 inter
1985 4060 2053 4156 Sal·

615 4211 811 4292 vaterem
845 4195 1002 4316 Grippi
1019 4215 1078 4286 ct
1101 4195 1382 4286 Petroniliam
1405 4194 1649 4314 Caugiatesi
1671 4195 1954 4296 celebratum,
1985 4179 2055 4276 nul·

614 4317 704 4416 ium
740 4347 790 4406 ae
823 4317 998 4414 irritum
1032 4347 1142 4414 esse.

735 4441 849 4530 Haec
881 4440 1036 4530 omnia
1067 4441 1385 4558 sapientissimo
1418 4447 1504 4534 ΕΕ.
1541 4445 1637 4536 VV.
1674 4441 1836 4534 iudicio
1877 4427 2051 4532 submitte

612 4591 778 4664 sueram
810 4561 1059 4660 humillime
1091 4566 1346 4686 Purpuram·
1372 4565 1648 4666 deosculans.

1298 4944 1523 5042 Gustata
1554 4944 1631 5036 DE
1665 4947 1821 5039 hUlSE

969 5153 972 5160 .
1068 5063 1426 5200 congregationis
1459 5063 1637 5167 Piorum
1687 5067 1997 5191 operariorum·

1222 5470 1470 5506 νιν-*ὴ
