4530 6336
753 361 837 452 nn
866 360 929 451 26
961 359 1070 455 Iulii
1102 345 1242 455 1879.
1655 365 1745 460 377

254 486 333 608 qui
355 485 530 578 acburo
547 489 767 593 abessent,
793 500 843 574 ut
860 485 906 576 in
924 485 1080 603 pluteis
1101 502 1146 574 et
1163 484 1269 580 vicis
1282 507 1518 609 vagentur.
1543 490 1595 578 Et
1612 487 1746 608 siqni-

254 612 360 703 dem
395 613 690 728 privationem
724 608 1087 698 distributionum
1109 608 1260 704 miuus
1282 613 1498 730 proficere
1532 629 1747 730 expertus

252 751 380 837 esset,
408 749 512 825 tunc
545 733 655 824 uibil
672 732 925 839 obstitisset,
950 731 1195 851 quominus
1212 725 1269 826 ad
1287 737 1537 855 graviorem
1558 765 1744 856 suspen·

251 857 386 946 sionis
420 888 613 976 poenam
648 857 925 974 procederet.

214 1053 217 1058 .
377 981 505 1072 llisce
539 978 780 1100 perpensis
808 981 1063 1096 exploratae
1093 980 1335 1101 sapientiae
1372 985 1459 1074 1111.
1491 983 1587 1070 77.
1627 1011 1744 1074 nunc

253 1103 337 1192 erit
369 1101 697 1223 infrascriptum
731 1101 925 1192 enodare

892 1349 1108 1438 DUBlUll

380 1597 448 1684 An
480 1615 520 1685 et
552 1595 756 1716 quuruodo
788 1596 1039 1685 sustineatur
1069 1629 1204 1715 poena
1232 1598 1495 1715 privationis
1541 1591 1745 1688 distribu-

253 1719 413 1808 tionum
446 1718 683 1808 clsorolium
716 1737 754 1807 et
787 1721 1066 1837 suspensionis
1098 1723 1143 1808 in
1175 1724 1311 1812 casu?

378 2201 651 2292 Affirmative
672 2203 819 2321 quoad
843 2201 1136 2322 privationem
1158 2203 1524 2296 distributionum
1550 2214 1741 2293 tantum.

380 2700 736 2900 Mutantur.
782 2809 1261 2902 CONTlllBU'l'IONlS
1304 2811 1554 2900 ONERUM.
1591 2853 1621 2886 =
1656 2813 1739 2899 llo·
1770 2823 1959 2917 8111,ῇή
1985 2828 2162 2946 captia

250 2934 370 3051 gauri
420 2934 529 3024 mihi
578 2935 621 3022 iu
671 2932 1022 3051 congregatione
1068 2932 1157 3022 diei
1202 2932 1262 3020 tt
1310 2932 1572 3024 Decembris
1617 2933 1740 3026 1878
1774 2947 2026 3072 deitassui-m,

249 3058 285 3145 1.
327 3056 400 3144 An
439 3072 479 3146 et
520 3055 723 3174 quomoda
765 3056 822 3144 sit
872 3056 983 3144 locus
1024 3055 1326 3146 contributioni
1368 3088 1536 3146 onersnn
1585 3057 1742 3144 misso-

250 3209 362 3278 rum,
397 3210 552 3267 necnon
580 3180 793 3295 pensionis
825 3211 1045 3268 uncearnm
1067 3183 1129 3268 50
1163 3195 1204 3266 et
1242 3179 1504 3268 emolumenti
1525 3178 1742 3270 Procura-

250 3302 356 3392 turis
389 3299 446 3390 ad
479 3301 725 3420 enipendum
768 3304 814 3390 in
853 3335 968 3398 casu:
1004 3303 1058 3392 ll.
1085 3301 1156 3392 An
1187 3319 1226 3391 et
1258 3303 1463 3421 quomodo
1501 3300 1743 3392 reddendae

250 3424 336 3514 sint
367 3427 550 3516 rationes
580 3457 661 3541 pro
698 3429 867 3514 summis
904 3424 1240 3541 incaipibilibus,
1276 3429 1400 3516 itaut
1430 3427 1488 3514 sit
1522 3424 1635 3514 locas
1670 3457 1745 3516 so·

252 3545 408 3636 lutioni
435 3551 480 3636 in
515 3581 630 3650 casm
661 3551 735 3638 111.
773 3551 847 3637 An
879 3551 934 3638 sit
964 3549 1075 3636 locus
1113 3549 1440 3649 contributioni,
1487 3580 1557 3636 seu
1593 3549 1743 3666 potius

248 3673 510 3760 restitutioni
540 3673 690 3793 souare
726 3673 1033 3764 Canonicornm
1069 3671 1450 3788 praebendularum
1472 3671 1543 3761 del
1567 3673 1745 3762 10111-

249 3823 332 3882 non
368 3795 440 3886 del
473 3797 504 3883 ls
535 3827 616 3911 per
647 3810 772 3884 cento
807 3797 852 3884 in
893 3827 1006 3895 casm·
1042 3797 1126 3884 En.
1178 3798 1275 3886 VV.
1324 3795 1594 3913 respondere
1641 3823 1741 3884 cen·
1802 3851 1806 3858 ·

248 3937 451 4008 suerunt:
477 3917 552 4006 Ad
571 3917 611 4004 Ι.
652 3917 804 4030 Quoad
818 3950 946 4007 onera
983 3917 1208 4006 Missurum
1236 3936 1275 4008 et
1307 3921 1546 4035 pensionem
1579 3919 1737 4033 nepoti·

247 4071 311 4138 11.
349 4073 539 4158 quouero
561 4042 619 4132 ad
640 4042 951 4130 emolumentum
969 4041 1269 4130 Procuratnris
1291 4039 1560 4165 affirmative.
1585 4040 1659 4130 Ad
1680 4041 1737 4130 11.

248 4161 475 4254 Provisum
501 4193 583 4280 per
609 4167 825 4254 cessionem
857 4165 947 4254 diei
979 4167 1039 4253 l0
1061 4163 1237 4280 Aprilis
1260 4167 1398 4256 1877.
1436 4162 1514 4254 Ad
1547 4166 1623 4252 lll.
1661 4163 1745 4252 Ne·
1815 4263 1819 4268 ,

249 4285 390 4400 potine
419 4287 479 4376 od
505 4293 696 4405 primam
724 4306 905 4404 partem,
942 4285 1194 4412 affirmative
1239 4287 1296 4376 nd
1337 4287 1572 4406 meandum,
1625 4284 1742 4372 saluo

249 4422 384 4496 tamen
416 4409 565 4530 sonore
593 4411 907 4502 Arabidiaconi
939 4410 1106 4502 iuread
1129 4412 1317 4500 tramites
1341 4409 1496 4503 decreti
1520 4410 1628 4498 Cum
1651 4436 1742 4494 nu·-

250 4529 458 4647 perrimis
491 4566 629 4621 coram
664 4567 742 4651 qao
775 4551 812 4623 et
845 4551 1041 4652 quatenns
1074 4532 1125 4620 de
1158 4537 1268 4622 iure.

373 4656 569 4746 Obtento
602 4657 716 4748 inlra
750 4659 852 4748 iuris
884 4661 1095 4752 terminus
1130 4688 1269 4748 uuvue
1302 4653 1557 4744 audientiae
1605 4653 1741 4742 bene-

247 4773 365 4879 ficio,
401 4782 663 4870 Procurator
695 4780 1000 4872 Archidiaeoui
1035 4781 1235 4898 lngianni
1269 4780 1401 4870 aliam
1425 4775 1625 4866 exhibuit
1662 4803 1738 4890 pe·

249 4898 469 5010 titionem,
522 4935 655 5023 quum
706 4905 749 4992 in
796 4921 993 4999 anteana
1041 4903 1311 4998 discussione
1374 4899 1531 4990 acriter
1579 4926 1743 5016 propu-

249 5045 476 5141 gnaverat,
526 5027 640 5116 idest
677 5068 695 5107 ι
735 5023 915 5116 affiucbie
968 5027 1131 5145 piaccia
1171 5026 1255 5116 1111
1301 5029 1349 5120 S.
1386 5020 1742 5141 Congregasiune

252 5183 272 5222 ι
311 5145 551 5254 dearctare,
570 5150 707 5240 abela
741 5149 953 5266 pensione
993 5190 1010 5228 ι
1051 5147 1185 5268 (quae
1211 5179 1327 5238 nuuc
1344 5145 1610 5265 persolvitur
1640 5158 1738 5232 actu

248 5267 473 5362 Cunouieis
513 5273 556 5362 iu
592 5271 843 5393 quantitate
904 5272 967 5360 50
1021 5301 1259 5362 nncearum
1296 5283 1503 5364 monetae
1553 5262 1738 5411 siculae)

251 5430 270 5472 ι
310 5393 373 5482 sia
405 5395 567 5485 ridotta
604 5396 687 5486 1111
718 5425 795 5486 suu
827 5395 968 5511 giusta
1001 5395 1201 5514 quantita
1231 5393 1281 5487 di
1314 5392 1438 5482 uncie
1470 5391 1547 5494 to,
1597 5387 1740 5480 cum'e

252 5551 269 5593 ι
307 5517 505 5608 stabilito
538 5518 653 5610 dallo
687 5517 810 5610 111111
843 5517 1071 5634 pontilicis
1105 5557 1149 5624 ι,
1187 5516 1332 5609 deleto
1363 5513 1585 5724 nimirupg
1635 5541 1741 5631 uug-
