<?xml version="1.0" encoding="UTF-8"?>
<!DOCTYPE html PUBLIC "-//W3C//DTD XHTML 1.0 Transitional//EN"
    "http://www.w3.org/TR/xhtml1/DTD/xhtml1-transitional.dtd">
<html xmlns="http://www.w3.org/1999/xhtml" xml:lang="en" lang="en">
 <head>
  <title>
</title>
<meta http-equiv="Content-Type" content="text/html;charset=utf-8" />
  <meta name='ocr-system' content='tesseract 3.04.00' />
  <meta name='ocr-capabilities' content='ocr_page ocr_carea ocr_par ocr_line ocrx_word'/>
</head>
<body>
  <div class='ocr_page' id='page_1' title='image "./thesaurusresolu00churgoog_0194.png"; bbox 0 0 4558 6340; ppageno 0'>
   <div class='ocr_carea' id='block_1_1' title="bbox 725 320 1736 410">
    <p class='ocr_par' dir='ltr' id='par_1_1' title="bbox 725 320 1736 410">
     <span class='ocr_line' id='line_1_1' title="bbox 725 320 1736 410; baseline 0.002 -2"><span class='ocrx_word' id='word_1_1' title='bbox 725 323 810 410; x_wconf 88' lang='lat' dir='ltr'><strong>Dic</strong></span> <span class='ocrx_word' id='word_1_2' title='bbox 845 323 901 410; x_wconf 89' lang='lat' dir='ltr'><strong>l3</strong></span> <span class='ocrx_word' id='word_1_3' title='bbox 937 321 1090 410; x_wconf 88' lang='lat' dir='ltr'><strong>Martii</strong></span> <span class='ocrx_word' id='word_1_4' title='bbox 1124 320 1261 410; x_wconf 70' lang='lat'><strong>4879.</strong></span> <span class='ocrx_word' id='word_1_5' title='bbox 1649 321 1736 410; x_wconf 88' lang='grc'><strong>183</strong></span> 
     </span>
    </p>
   </div>
   <div class='ocr_carea' id='block_1_2' title="bbox 140 441 1746 4102">
    <p class='ocr_par' dir='ltr' id='par_1_2' title="bbox 140 441 1746 4102">
     <span class='ocr_line' id='line_1_2' title="bbox 250 441 1745 567; baseline -0.003 -29"><span class='ocrx_word' id='word_1_6' title='bbox 250 447 514 567; x_wconf 78' lang='lat' dir='ltr'><strong>dignitatem</strong></span> <span class='ocrx_word' id='word_1_7' title='bbox 548 441 715 536; x_wconf 91' lang='lat' dir='ltr'><strong>deinde</strong></span> <span class='ocrx_word' id='word_1_8' title='bbox 749 478 774 534; x_wconf 94' lang='lat' dir='ltr'><strong>a</strong></span> <span class='ocrx_word' id='word_1_9' title='bbox 807 443 978 535; x_wconf 86' lang='lat' dir='ltr'><strong>Christo</strong></span> <span class='ocrx_word' id='word_1_10' title='bbox 1012 442 1313 562; x_wconf 72' lang='lat' dir='ltr'><strong>Redemptor-e</strong></span> <span class='ocrx_word' id='word_1_11' title='bbox 1340 457 1542 534; x_wconf 89' lang='lat' dir='ltr'><strong>evectum</strong></span> <span class='ocrx_word' id='word_1_12' title='bbox 1587 473 1745 563; x_wconf 91' lang='lat' dir='ltr'><strong>quam-</strong></span> 
     </span>
     <span class='ocr_line' id='line_1_3' title="bbox 252 566 1738 688; baseline -0.002 -29"><span class='ocrx_word' id='word_1_13' title='bbox 252 571 364 659; x_wconf 82' lang='lat' dir='ltr'><strong>libet</strong></span> <span class='ocrx_word' id='word_1_14' title='bbox 397 569 623 688; x_wconf 75' lang='lat' dir='ltr'>politicam</span> <span class='ocrx_word' id='word_1_15' title='bbox 656 584 700 656; x_wconf 92' lang='lat' dir='ltr'><strong>et</strong></span> <span class='ocrx_word' id='word_1_16' title='bbox 730 567 909 658; x_wconf 92' lang='lat' dir='ltr'><strong>civilem</strong></span> <span class='ocrx_word' id='word_1_17' title='bbox 943 566 1293 656; x_wconf 87' lang='lat' dir='ltr'><strong>iurisdictionem</strong></span> <span class='ocrx_word' id='word_1_18' title='bbox 1336 567 1511 684; x_wconf 90' lang='lat' dir='ltr'><strong>penitus</strong></span> <span class='ocrx_word' id='word_1_19' title='bbox 1548 569 1738 672; x_wconf 77' lang='lat' dir='ltr'><strong>excedit,</strong></span> 
     </span>
     <span class='ocr_line' id='line_1_4' title="bbox 248 689 1746 812; baseline -0.001 -30"><span class='ocrx_word' id='word_1_20' title='bbox 248 693 417 812; x_wconf 93' lang='lat' dir='ltr'><strong>pluries</strong></span> <span class='ocrx_word' id='word_1_21' title='bbox 450 691 651 810; x_wconf 83' lang='lat' dir='ltr'>Episcopi</span> <span class='ocrx_word' id='word_1_22' title='bbox 684 691 848 811; x_wconf 91' lang='lat' dir='ltr'><strong>aliique</strong></span> <span class='ocrx_word' id='word_1_23' title='bbox 881 689 1131 779; x_wconf 90' lang='lat' dir='ltr'><strong>animarum</strong></span> <span class='ocrx_word' id='word_1_24' title='bbox 1174 705 1370 809; x_wconf 89' lang='lat' dir='ltr'><strong>pastores</strong></span> <span class='ocrx_word' id='word_1_25' title='bbox 1405 689 1464 778; x_wconf 90' lang='lat' dir='ltr'><strong>ab</strong></span> <span class='ocrx_word' id='word_1_26' title='bbox 1496 691 1746 806; x_wconf 81' lang='lat' dir='ltr'><strong>Apostolica</strong></span> 
     </span>
     <span class='ocr_line' id='line_1_5' title="bbox 252 812 1744 930; baseline -0.002 -23"><span class='ocrx_word' id='word_1_27' title='bbox 252 813 369 908; x_wconf 83' lang='lat' dir='ltr'>Sede</span> <span class='ocrx_word' id='word_1_28' title='bbox 402 814 520 902; x_wconf 91' lang='lat' dir='ltr'><strong>auxii</strong></span> <span class='ocrx_word' id='word_1_29' title='bbox 555 813 845 930; x_wconf 87' lang='lat' dir='ltr'><strong>postularunt,</strong></span> <span class='ocrx_word' id='word_1_30' title='bbox 873 843 930 902; x_wconf 91' lang='lat' dir='ltr'><strong>an</strong></span> <span class='ocrx_word' id='word_1_31' title='bbox 952 845 1006 902; x_wconf 92' lang='lat' dir='ltr'><strong>ex</strong></span> <span class='ocrx_word' id='word_1_32' title='bbox 1029 829 1127 902; x_wconf 87' lang='lat' dir='ltr'><strong>actu</strong></span> <span class='ocrx_word' id='word_1_33' title='bbox 1154 812 1286 916; x_wconf 91' lang='lat' dir='ltr'><strong>civili,</strong></span> <span class='ocrx_word' id='word_1_34' title='bbox 1324 813 1399 930; x_wconf 92' lang='lat' dir='ltr'><strong>qui</strong></span> <span class='ocrx_word' id='word_1_35' title='bbox 1435 813 1744 904; x_wconf 89' lang='lat' dir='ltr'><strong>honorandum</strong></span> 
     </span>
     <span class='ocr_line' id='line_1_6' title="bbox 252 935 1746 1056; baseline -0.001 -29"><span class='ocrx_word' id='word_1_36' title='bbox 252 953 437 1055; x_wconf 89' lang='lat' dir='ltr'><strong>usurpat</strong></span> <span class='ocrx_word' id='word_1_37' title='bbox 470 935 740 1024; x_wconf 70' lang='lat' dir='ltr'><strong>matrimonii</strong></span> <span class='ocrx_word' id='word_1_38' title='bbox 776 967 953 1039; x_wconf 86' lang='lat' dir='ltr'><strong>nornen,</strong></span> <span class='ocrx_word' id='word_1_39' title='bbox 991 935 1365 1056; x_wconf 78' lang='lat' dir='ltr'><strong>impedimentum</strong></span> <span class='ocrx_word' id='word_1_40' title='bbox 1391 935 1579 1025; x_wconf 88' lang='lat' dir='ltr'><strong>iustitiae</strong></span> <span class='ocrx_word' id='word_1_41' title='bbox 1601 937 1746 1055; x_wconf 92' lang='lat' dir='ltr'><strong>publi-</strong></span> 
     </span>
     <span class='ocr_line' id='line_1_7' title="bbox 248 1056 1741 1176; baseline 0 -25"><span class='ocrx_word' id='word_1_42' title='bbox 248 1092 328 1152; x_wconf 89' lang='lat' dir='ltr'><strong>cae</strong></span> <span class='ocrx_word' id='word_1_43' title='bbox 371 1059 609 1148; x_wconf 90' lang='lat' dir='ltr'><strong>honestatis</strong></span> <span class='ocrx_word' id='word_1_44' title='bbox 652 1059 836 1148; x_wconf 90' lang='lat' dir='ltr'><strong>oriatur.</strong></span> <span class='ocrx_word' id='word_1_45' title='bbox 883 1061 1009 1172; x_wconf 86' lang='lat' dir='ltr'><strong>Quae</strong></span> <span class='ocrx_word' id='word_1_46' title='bbox 1053 1056 1369 1176; x_wconf 73' lang='lat' dir='ltr'><strong>postulationes</strong></span> <span class='ocrx_word' id='word_1_47' title='bbox 1411 1089 1513 1146; x_wconf 89' lang='lat' dir='ltr'><strong>curn</strong></span> <span class='ocrx_word' id='word_1_48' title='bbox 1559 1061 1741 1150; x_wconf 80' lang='lat' dir='ltr'><strong>iteratae</strong></span> 
     </span>
     <span class='ocr_line' id='line_1_8' title="bbox 248 1181 1744 1303; baseline 0.001 -30"><span class='ocrx_word' id='word_1_49' title='bbox 248 1185 482 1303; x_wconf 79' lang='lat' dir='ltr'><strong>postremis</strong></span> <span class='ocrx_word' id='word_1_50' title='bbox 514 1181 630 1272; x_wconf 93' lang='lat' dir='ltr'><strong>hisce</strong></span> <span class='ocrx_word' id='word_1_51' title='bbox 652 1183 925 1298; x_wconf 87' lang='lat' dir='ltr'><strong>temporibus</strong></span> <span class='ocrx_word' id='word_1_52' title='bbox 943 1181 1139 1284; x_wconf 87' lang='lat' dir='ltr'><strong>luissent,</strong></span> <span class='ocrx_word' id='word_1_53' title='bbox 1166 1183 1374 1272; x_wconf 89' lang='lat' dir='ltr'><strong>Summus</strong></span> <span class='ocrx_word' id='word_1_54' title='bbox 1399 1181 1599 1270; x_wconf 76' lang='lat' dir='ltr'><strong>Pontifex</strong></span> <span class='ocrx_word' id='word_1_55' title='bbox 1620 1213 1744 1274; x_wconf 87' lang='lat' dir='ltr'><strong>mnu·</strong></span> 
     </span>
     <span class='ocr_line' id='line_1_9' title="bbox 248 1303 1739 1422; baseline -0.001 -27"><span class='ocrx_word' id='word_1_56' title='bbox 248 1307 389 1409; x_wconf 89' lang='lat' dir='ltr'><strong>davit,</strong></span> <span class='ocrx_word' id='word_1_57' title='bbox 428 1323 476 1394; x_wconf 90' lang='lat' dir='ltr'><strong>ut</strong></span> <span class='ocrx_word' id='word_1_58' title='bbox 508 1305 758 1394; x_wconf 92' lang='lat' dir='ltr'><strong>huiusmodi</strong></span> <span class='ocrx_word' id='word_1_59' title='bbox 795 1305 1018 1422; x_wconf 78' lang='lat' dir='ltr'><strong>negotium</strong></span> <span class='ocrx_word' id='word_1_60' title='bbox 1042 1334 1067 1391; x_wconf 87' lang='lat' dir='ltr'><strong>a</strong></span> <span class='ocrx_word' id='word_1_61' title='bbox 1088 1305 1133 1394; x_wconf 92' lang='lat' dir='ltr'><strong>S.</strong></span> <span class='ocrx_word' id='word_1_62' title='bbox 1155 1303 1502 1422; x_wconf 75' lang='lat' dir='ltr'><strong>Congrcgatione</strong></span> <span class='ocrx_word' id='word_1_63' title='bbox 1526 1309 1739 1396; x_wconf 76' lang='lat' dir='ltr'><strong>Effiorum</strong></span> 
     </span>
     <span class='ocr_line' id='line_1_10' title="bbox 248 1426 1736 1520; baseline -0.001 -1"><span class='ocrx_word' id='word_1_64' title='bbox 248 1462 299 1519; x_wconf 91' lang='lat' dir='ltr'><strong>ac</strong></span> <span class='ocrx_word' id='word_1_65' title='bbox 322 1433 536 1520; x_wconf 76' lang='lat' dir='ltr'><strong>limorum</strong></span> <span class='ocrx_word' id='word_1_66' title='bbox 560 1430 606 1518; x_wconf 89' lang='lat' dir='ltr'><strong>S.</strong></span> <span class='ocrx_word' id='word_1_67' title='bbox 631 1431 684 1518; x_wconf 81' lang='lat' dir='ltr'><strong>ll.</strong></span> <span class='ocrx_word' id='word_1_68' title='bbox 714 1431 762 1516; x_wconf 83' lang='grc' dir='ltr'><strong>Ε.</strong></span> <span class='ocrx_word' id='word_1_69' title='bbox 789 1427 1092 1516; x_wconf 86' lang='lat' dir='ltr'><strong>Cardinnlium</strong></span> <span class='ocrx_word' id='word_1_70' title='bbox 1117 1426 1300 1516; x_wconf 77' lang='lat' dir='ltr'><strong>Consilii</strong></span> <span class='ocrx_word' id='word_1_71' title='bbox 1322 1426 1570 1516; x_wconf 83' lang='lat' dir='ltr'><strong>Tridentini</strong></span> <span class='ocrx_word' id='word_1_72' title='bbox 1598 1431 1736 1518; x_wconf 88' lang='lat' dir='ltr'><strong>inter·</strong></span> 
     </span>
     <span class='ocr_line' id='line_1_11' title="bbox 252 1549 1739 1670; baseline 0.001 -31"><span class='ocrx_word' id='word_1_73' title='bbox 252 1567 430 1670; x_wconf 91' lang='lat' dir='ltr'><strong>pretum</strong></span> <span class='ocrx_word' id='word_1_74' title='bbox 465 1551 548 1640; x_wconf 90' lang='lat' dir='ltr'><strong>rite</strong></span> <span class='ocrx_word' id='word_1_75' title='bbox 582 1581 630 1638; x_wconf 88' lang='lat' dir='ltr'><strong>nc</strong></span> <span class='ocrx_word' id='word_1_76' title='bbox 662 1549 815 1639; x_wconf 91' lang='lat' dir='ltr'><strong>sedulo</strong></span> <span class='ocrx_word' id='word_1_77' title='bbox 850 1550 1191 1668; x_wconf 84' lang='lat' dir='ltr'><strong>expenderetur.</strong></span> <span class='ocrx_word' id='word_1_78' title='bbox 1217 1549 1349 1638; x_wconf 92' lang='lat' dir='ltr'><strong>Sacra</strong></span> <span class='ocrx_word' id='word_1_79' title='bbox 1372 1567 1523 1638; x_wconf 92' lang='lat' dir='ltr'><strong>autem</strong></span> <span class='ocrx_word' id='word_1_80' title='bbox 1545 1553 1739 1670; x_wconf 79' lang='lat' dir='ltr'><strong>Congre-</strong></span> 
     </span>
     <span class='ocr_line' id='line_1_12' title="bbox 140 1672 1742 1793; baseline 0 -29"><span class='ocrx_word' id='word_1_81' title='bbox 140 1687 148 1704; x_wconf 88' lang='lat'>&#39;</span> <span class='ocrx_word' id='word_1_82' title='bbox 244 1677 382 1793; x_wconf 80' lang='lat' dir='ltr'><strong>gatio,</strong></span> <span class='ocrx_word' id='word_1_83' title='bbox 405 1673 634 1792; x_wconf 90' lang='lat' dir='ltr'><strong>exquisitis</strong></span> <span class='ocrx_word' id='word_1_84' title='bbox 647 1674 845 1762; x_wconf 86' lang='lat' dir='ltr'><strong>virorum</strong></span> <span class='ocrx_word' id='word_1_85' title='bbox 861 1675 904 1760; x_wconf 92' lang='lat' dir='ltr'><strong>in</strong></span> <span class='ocrx_word' id='word_1_86' title='bbox 929 1672 1181 1791; x_wconf 75' lang='lat' dir='ltr'><strong>theologicis</strong></span> <span class='ocrx_word' id='word_1_87' title='bbox 1194 1691 1236 1759; x_wconf 91' lang='lat' dir='ltr'><strong>et</strong></span> <span class='ocrx_word' id='word_1_88' title='bbox 1260 1673 1476 1761; x_wconf 90' lang='lat' dir='ltr'><strong>canonicis</strong></span> <span class='ocrx_word' id='word_1_89' title='bbox 1498 1672 1742 1792; x_wconf 92' lang='lat' dir='ltr'><strong>disciplinis</strong></span> 
     </span>
     <span class='ocr_line' id='line_1_13' title="bbox 248 1794 1742 1916; baseline -0.001 -29"><span class='ocrx_word' id='word_1_90' title='bbox 248 1799 494 1916; x_wconf 85' lang='lat' dir='ltr'><strong>peritorum</strong></span> <span class='ocrx_word' id='word_1_91' title='bbox 527 1795 947 1900; x_wconf 87' lang='lat' dir='ltr'><strong>consultationibus,</strong></span> <span class='ocrx_word' id='word_1_92' title='bbox 986 1827 1035 1886; x_wconf 87' lang='lat' dir='ltr'><strong>ac</strong></span> <span class='ocrx_word' id='word_1_93' title='bbox 1069 1825 1116 1884; x_wconf 92' lang='lat' dir='ltr'><strong>re</strong></span> <span class='ocrx_word' id='word_1_94' title='bbox 1149 1811 1319 1882; x_wconf 86' lang='lat' dir='ltr'><strong>mature</strong></span> <span class='ocrx_word' id='word_1_95' title='bbox 1359 1794 1553 1885; x_wconf 90' lang='lat' dir='ltr'><strong>discussa</strong></span> <span class='ocrx_word' id='word_1_96' title='bbox 1587 1797 1632 1884; x_wconf 92' lang='lat' dir='ltr'><strong>in</strong></span> <span class='ocrx_word' id='word_1_97' title='bbox 1664 1829 1742 1915; x_wconf 83' lang='lat' dir='ltr'><strong>ge-</strong></span> 
     </span>
     <span class='ocr_line' id='line_1_14' title="bbox 248 1918 1742 2037; baseline 0 -28"><span class='ocrx_word' id='word_1_98' title='bbox 248 1921 387 2009; x_wconf 86' lang='lat' dir='ltr'><strong>nerali</strong></span> <span class='ocrx_word' id='word_1_99' title='bbox 421 1919 599 2008; x_wconf 88' lang='lat' dir='ltr'><strong>comitio</strong></span> <span class='ocrx_word' id='word_1_100' title='bbox 636 1919 725 2010; x_wconf 91' lang='lat' dir='ltr'><strong>diei</strong></span> <span class='ocrx_word' id='word_1_101' title='bbox 769 1920 828 2008; x_wconf 70' lang='lat'><strong>43</strong></span> <span class='ocrx_word' id='word_1_102' title='bbox 870 1918 1013 2008; x_wconf 90' lang='lat' dir='ltr'><strong>lllartii</strong></span> <span class='ocrx_word' id='word_1_103' title='bbox 1048 1919 1169 2006; x_wconf 81' lang='grc'><strong>1879</strong></span> <span class='ocrx_word' id='word_1_104' title='bbox 1203 1919 1455 2037; x_wconf 91' lang='lat' dir='ltr'><strong>propositae</strong></span> <span class='ocrx_word' id='word_1_105' title='bbox 1495 1918 1620 2008; x_wconf 93' lang='lat' dir='ltr'><strong>dubii</strong></span> <span class='ocrx_word' id='word_1_106' title='bbox 1653 1921 1742 2009; x_wconf 92' lang='lat' dir='ltr'><strong>lor·</strong></span> 
     </span>
     <span class='ocr_line' id='line_1_15' title="bbox 248 2041 1740 2160; baseline 0 -28"><span class='ocrx_word' id='word_1_107' title='bbox 248 2043 444 2133; x_wconf 81' lang='lat' dir='ltr'><strong>mulae:</strong></span> <span class='ocrx_word' id='word_1_108' title='bbox 460 2042 531 2131; x_wconf 79' lang='lat' dir='ltr'><strong>Au</strong></span> <span class='ocrx_word' id='word_1_109' title='bbox 549 2058 679 2142; x_wconf 83' lang='lat' dir='ltr'><strong>actus,</strong></span> <span class='ocrx_word' id='word_1_110' title='bbox 701 2043 775 2160; x_wconf 86' lang='lat' dir='ltr'><strong>qni</strong></span> <span class='ocrx_word' id='word_1_111' title='bbox 796 2041 922 2158; x_wconf 80' lang='lat' dir='ltr'><strong>culpo</strong></span> <span class='ocrx_word' id='word_1_112' title='bbox 945 2041 1068 2129; x_wconf 84' lang='lat' dir='ltr'><strong>audit</strong></span> <span class='ocrx_word' id='word_1_113' title='bbox 1091 2043 1403 2128; x_wconf 81' lang='lat' dir='ltr'><strong>matrimonium</strong></span> <span class='ocrx_word' id='word_1_114' title='bbox 1427 2042 1568 2141; x_wconf 87' lang='lat' dir='ltr'><strong>ciuile,</strong></span> <span class='ocrx_word' id='word_1_115' title='bbox 1585 2045 1740 2158; x_wconf 82' lang='lat' dir='ltr'><strong>periet</strong></span> 
     </span>
     <span class='ocr_line' id='line_1_16' title="bbox 250 2163 1737 2284; baseline 0.001 -30"><span class='ocrx_word' id='word_1_116' title='bbox 250 2165 592 2282; x_wconf 83' lang='lat' dir='ltr'><strong>impedimentum</strong></span> <span class='ocrx_word' id='word_1_117' title='bbox 624 2166 813 2254; x_wconf 85' lang='lat' dir='ltr'><strong>iustitiae</strong></span> <span class='ocrx_word' id='word_1_118' title='bbox 842 2163 1037 2282; x_wconf 85' lang='lat' dir='ltr'><strong>publicae</strong></span> <span class='ocrx_word' id='word_1_119' title='bbox 1068 2164 1295 2252; x_wconf 80' lang='lat' dir='ltr'><strong>lcouestutis</strong></span> <span class='ocrx_word' id='word_1_120' title='bbox 1317 2165 1582 2284; x_wconf 86' lang='lat' dir='ltr'><strong>:rescripsit</strong></span> <span class='ocrx_word' id='word_1_121' title='bbox 1606 2209 1637 2242; x_wconf 88' lang='lat'><strong><em>=</em></strong></span> <span class='ocrx_word' id='word_1_122' title='bbox 1658 2166 1737 2256; x_wconf 83' lang='lat' dir='ltr'><strong>Ne·</strong></span> 
     </span>
     <span class='ocr_line' id='line_1_17' title="bbox 247 2285 1741 2406; baseline 0.001 -30"><span class='ocrx_word' id='word_1_123' title='bbox 247 2290 420 2406; x_wconf 57' lang='lat' dir='ltr'><strong>petiam</strong></span> <span class='ocrx_word' id='word_1_124' title='bbox 453 2305 491 2377; x_wconf 89' lang='lat' dir='ltr'><strong>et</strong></span> <span class='ocrx_word' id='word_1_125' title='bbox 532 2287 827 2378; x_wconf 86' lang='lat' dir='ltr'><strong>consulendum</strong></span> <span class='ocrx_word' id='word_1_126' title='bbox 865 2288 1013 2387; x_wconf 79' lang='lat' dir='ltr'><strong>Ssno,</strong></span> <span class='ocrx_word' id='word_1_127' title='bbox 1057 2304 1102 2374; x_wconf 86' lang='lat' dir='ltr'><strong>ut</strong></span> <span class='ocrx_word' id='word_1_128' title='bbox 1136 2286 1185 2375; x_wconf 85' lang='lat' dir='ltr'><strong>id</strong></span> <span class='ocrx_word' id='word_1_129' title='bbox 1218 2285 1437 2376; x_wconf 86' lang='lat' dir='ltr'><strong>declarare</strong></span> <span class='ocrx_word' id='word_1_130' title='bbox 1481 2321 1528 2375; x_wconf 87' lang='lat' dir='ltr'><strong>nc</strong></span> <span class='ocrx_word' id='word_1_131' title='bbox 1560 2305 1741 2378; x_wconf 82' lang='lat' dir='ltr'><strong>statuere</strong></span> 
     </span>
     <span class='ocr_line' id='line_1_18' title="bbox 249 2412 1738 2530; baseline 0 -30"><span class='ocrx_word' id='word_1_132' title='bbox 249 2412 465 2529; x_wconf 81' lang='lat' dir='ltr'><strong>dr&#39;pnetur.</strong></span> <span class='ocrx_word' id='word_1_133' title='bbox 490 2413 822 2530; x_wconf 83' lang='lat' dir='ltr'><strong>:Quapropter</strong></span> <span class='ocrx_word' id='word_1_134' title='bbox 843 2412 1005 2502; x_wconf 80' lang='lat' dir='ltr'><strong>SSriius</strong></span> <span class='ocrx_word' id='word_1_135' title='bbox 1036 2413 1162 2500; x_wconf 84' lang='lat' dir='ltr'><strong>Drius</strong></span> <span class='ocrx_word' id='word_1_136' title='bbox 1193 2413 1353 2500; x_wconf 88' lang='lat' dir='ltr'><strong>Noster</strong></span> <span class='ocrx_word' id='word_1_137' title='bbox 1375 2414 1462 2500; x_wconf 88' lang='lat' dir='ltr'><strong>Leo</strong></span> <span class='ocrx_word' id='word_1_138' title='bbox 1491 2414 1608 2528; x_wconf 90' lang='lat' dir='ltr'><strong>Papa</strong></span> <span class='ocrx_word' id='word_1_139' title='bbox 1633 2415 1738 2500; x_wconf 89' lang='lat' dir='ltr'><strong>Xlll</strong></span> 
     </span>
     <span class='ocr_line' id='line_1_19' title="bbox 249 2533 1732 2626; baseline -0.001 0"><span class='ocrx_word' id='word_1_140' title='bbox 249 2535 400 2626; x_wconf 90' lang='lat' dir='ltr'><strong>audita</strong></span> <span class='ocrx_word' id='word_1_141' title='bbox 431 2533 637 2624; x_wconf 85' lang='lat' dir='ltr'><strong>universa</strong></span> <span class='ocrx_word' id='word_1_142' title='bbox 671 2536 734 2624; x_wconf 88' lang='lat' dir='ltr'><strong>rei</strong></span> <span class='ocrx_word' id='word_1_143' title='bbox 768 2533 979 2624; x_wconf 92' lang='lat' dir='ltr'><strong>relatione</strong></span> <span class='ocrx_word' id='word_1_144' title='bbox 1002 2534 1045 2622; x_wconf 92' lang='lat' dir='ltr'><strong>iu</strong></span> <span class='ocrx_word' id='word_1_145' title='bbox 1081 2533 1306 2624; x_wconf 89' lang='lat' dir='ltr'><strong>audientia</strong></span> <span class='ocrx_word' id='word_1_146' title='bbox 1338 2535 1427 2624; x_wconf 88' lang='lat' dir='ltr'><strong>dici</strong></span> <span class='ocrx_word' id='word_1_147' title='bbox 1451 2535 1508 2622; x_wconf 87' lang='lat' dir='ltr'><strong>l7</strong></span> <span class='ocrx_word' id='word_1_148' title='bbox 1531 2533 1732 2624; x_wconf 91' lang='lat' dir='ltr'><strong>eiusdem</strong></span> 
     </span>
     <span class='ocr_line' id='line_1_20' title="bbox 248 2656 1732 2775; baseline 0.001 -29"><span class='ocrx_word' id='word_1_149' title='bbox 248 2660 410 2748; x_wconf 90' lang='lat' dir='ltr'><strong>mensis</strong></span> <span class='ocrx_word' id='word_1_150' title='bbox 443 2660 505 2748; x_wconf 86' lang='lat' dir='ltr'><strong>in.</strong></span> <span class='ocrx_word' id='word_1_151' title='bbox 522 2673 626 2747; x_wconf 87' lang='lat' dir='ltr'><strong>voto</strong></span> <span class='ocrx_word' id='word_1_152' title='bbox 659 2660 706 2750; x_wconf 90' lang='lat' dir='ltr'><strong>S.</strong></span> <span class='ocrx_word' id='word_1_153' title='bbox 732 2660 782 2748; x_wconf 89' lang='lat' dir='ltr'><strong>C.</strong></span> <span class='ocrx_word' id='word_1_154' title='bbox 816 2658 1056 2747; x_wconf 87' lang='lat' dir='ltr'><strong>concedens</strong></span> <span class='ocrx_word' id='word_1_155' title='bbox 1078 2689 1158 2775; x_wconf 93' lang='lat' dir='ltr'><strong>per</strong></span> <span class='ocrx_word' id='word_1_156' title='bbox 1181 2687 1385 2773; x_wconf 89' lang='lat' dir='ltr'><strong>praesens</strong></span> <span class='ocrx_word' id='word_1_157' title='bbox 1407 2656 1632 2746; x_wconf 89' lang='lat' dir='ltr'><strong>decretum</strong></span> <span class='ocrx_word' id='word_1_158' title='bbox 1655 2658 1732 2747; x_wconf 93' lang='lat' dir='ltr'><strong>de·</strong></span> 
     </span>
     <span class='ocr_line' id='line_1_21' title="bbox 249 2780 1738 2900; baseline -0.002 -29"><span class='ocrx_word' id='word_1_159' title='bbox 249 2781 385 2871; x_wconf 90' lang='lat' dir='ltr'><strong>clarat</strong></span> <span class='ocrx_word' id='word_1_160' title='bbox 419 2813 468 2870; x_wconf 91' lang='lat' dir='ltr'><strong>ac</strong></span> <span class='ocrx_word' id='word_1_161' title='bbox 500 2781 666 2885; x_wconf 87' lang='lat' dir='ltr'><strong>statuit,</strong></span> <span class='ocrx_word' id='word_1_162' title='bbox 705 2796 1107 2900; x_wconf 87' lang='lat' dir='ltr'><strong>praememoratum</strong></span> <span class='ocrx_word' id='word_1_163' title='bbox 1138 2795 1300 2884; x_wconf 89' lang='lat' dir='ltr'><strong>actum,</strong></span> <span class='ocrx_word' id='word_1_164' title='bbox 1327 2780 1402 2898; x_wconf 92' lang='lat' dir='ltr'><strong>qui</strong></span> <span class='ocrx_word' id='word_1_165' title='bbox 1428 2781 1555 2900; x_wconf 78' lang='lat' dir='ltr'><strong>vulgo</strong></span> <span class='ocrx_word' id='word_1_166' title='bbox 1579 2780 1738 2869; x_wconf 90' lang='lat' dir='ltr'><strong>dicitur</strong></span> 
     </span>
     <span class='ocr_line' id='line_1_22' title="bbox 247 2901 1732 3022; baseline 0.001 -30"><span class='ocrx_word' id='word_1_167' title='bbox 247 2904 582 2994; x_wconf 91' lang='lat' dir='ltr'><strong>matrimonium</strong></span> <span class='ocrx_word' id='word_1_168' title='bbox 607 2901 751 3009; x_wconf 90' lang='lat' dir='ltr'><strong>civile,</strong></span> <span class='ocrx_word' id='word_1_169' title='bbox 779 2905 822 2990; x_wconf 93' lang='lat' dir='ltr'><strong>in</strong></span> <span class='ocrx_word' id='word_1_170' title='bbox 846 2904 948 2994; x_wconf 91' lang='lat' dir='ltr'><strong>locis</strong></span> <span class='ocrx_word' id='word_1_171' title='bbox 972 2905 1046 2992; x_wconf 94' lang='lat' dir='ltr'><strong>ubi</strong></span> <span class='ocrx_word' id='word_1_172' title='bbox 1070 2905 1395 3022; x_wconf 76' lang='lat' dir='ltr'><strong>promulgatum</strong></span> <span class='ocrx_word' id='word_1_173' title='bbox 1419 2922 1483 2993; x_wconf 90' lang='lat' dir='ltr'><strong>est</strong></span> <span class='ocrx_word' id='word_1_174' title='bbox 1505 2902 1732 2993; x_wconf 89' lang='lat' dir='ltr'><strong>decretum</strong></span> 
     </span>
     <span class='ocr_line' id='line_1_23' title="bbox 245 3025 1726 3146; baseline -0.003 -28"><span class='ocrx_word' id='word_1_175' title='bbox 245 3029 429 3118; x_wconf 83' lang='lat' dir='ltr'><strong>Consilii</strong></span> <span class='ocrx_word' id='word_1_176' title='bbox 462 3025 710 3116; x_wconf 83' lang='lat' dir='ltr'><strong>Tridentini</strong></span> <span class='ocrx_word' id='word_1_177' title='bbox 743 3027 849 3116; x_wconf 88' lang='lat' dir='ltr'><strong>Sess.</strong></span> <span class='ocrx_word' id='word_1_178' title='bbox 887 3027 1052 3120; x_wconf 82' lang='lat' dir='ltr'><em>XXIV</em></span> <span class='ocrx_word' id='word_1_179' title='bbox 1080 3057 1172 3144; x_wconf 88' lang='lat' dir='ltr'><strong>cup.</strong></span> <span class='ocrx_word' id='word_1_180' title='bbox 1212 3029 1229 3114; x_wconf 92' lang='lat' dir='ltr'><strong>l</strong></span> <span class='ocrx_word' id='word_1_181' title='bbox 1263 3026 1313 3114; x_wconf 87' lang='lat' dir='ltr'><strong>de</strong></span> <span class='ocrx_word' id='word_1_182' title='bbox 1335 3025 1510 3146; x_wconf 75' lang='lat' dir='ltr'><strong>reform.</strong></span> <span class='ocrx_word' id='word_1_183' title='bbox 1535 3027 1726 3114; x_wconf 82' lang='lat' dir='ltr'><strong>matrim.</strong></span> 
     </span>
     <span class='ocr_line' id='line_1_24' title="bbox 249 3149 1730 3270; baseline -0.001 -30"><span class='ocrx_word' id='word_1_184' title='bbox 249 3151 341 3240; x_wconf 89' lang='lat' dir='ltr'><strong>sive</strong></span> <span class='ocrx_word' id='word_1_185' title='bbox 374 3149 527 3238; x_wconf 86' lang='lat' dir='ltr'><strong>fideles</strong></span> <span class='ocrx_word' id='word_1_186' title='bbox 561 3165 705 3238; x_wconf 90' lang='lat' dir='ltr'><strong>actum</strong></span> <span class='ocrx_word' id='word_1_187' title='bbox 741 3149 885 3268; x_wconf 92' lang='lat' dir='ltr'><strong>ipsum</strong></span> <span class='ocrx_word' id='word_1_188' title='bbox 920 3151 1146 3270; x_wconf 84' lang='lat' dir='ltr'><strong>explentes</strong></span> <span class='ocrx_word' id='word_1_189' title='bbox 1180 3149 1427 3253; x_wconf 89' lang='lat' dir='ltr'><strong>intendant,</strong></span> <span class='ocrx_word' id='word_1_190' title='bbox 1460 3149 1524 3240; x_wconf 92' lang='lat' dir='ltr'><strong>uti</strong></span> <span class='ocrx_word' id='word_1_191' title='bbox 1548 3180 1627 3268; x_wconf 90' lang='lat' dir='ltr'><strong>par</strong></span> <span class='ocrx_word' id='word_1_192' title='bbox 1648 3167 1730 3257; x_wconf 92' lang='lat' dir='ltr'><strong>est,</strong></span> 
     </span>
     <span class='ocr_line' id='line_1_25' title="bbox 249 3271 1732 3393; baseline 0.003 -34"><span class='ocrx_word' id='word_1_193' title='bbox 249 3272 553 3393; x_wconf 90' lang='lat' dir='ltr'><strong>(matrimonio</strong></span> <span class='ocrx_word' id='word_1_194' title='bbox 575 3271 860 3362; x_wconf 88' lang='lat' dir='ltr'><strong>ecclesiastico</strong></span> <span class='ocrx_word' id='word_1_195' title='bbox 883 3273 971 3361; x_wconf 90' lang='lat' dir='ltr'><strong>iam</strong></span> <span class='ocrx_word' id='word_1_196' title='bbox 995 3274 1078 3360; x_wconf 88' lang='lat' dir='ltr'><strong>rite</strong></span> <span class='ocrx_word' id='word_1_197' title='bbox 1102 3273 1336 3376; x_wconf 91' lang='lat' dir='ltr'><strong>celebrato,</strong></span> <span class='ocrx_word' id='word_1_198' title='bbox 1366 3275 1433 3362; x_wconf 87' lang='lat' dir='ltr'><strong>vel</strong></span> <span class='ocrx_word' id='word_1_199' title='bbox 1460 3303 1560 3361; x_wconf 92' lang='lat' dir='ltr'><strong>cum</strong></span> <span class='ocrx_word' id='word_1_200' title='bbox 1583 3273 1732 3363; x_wconf 91' lang='lat' dir='ltr'><strong>animo</strong></span> 
     </span>
     <span class='ocr_line' id='line_1_26' title="bbox 247 3395 1728 3516; baseline 0.001 -33"><span class='ocrx_word' id='word_1_201' title='bbox 247 3395 361 3484; x_wconf 90' lang='lat' dir='ltr'><strong>illud</strong></span> <span class='ocrx_word' id='word_1_202' title='bbox 392 3395 648 3516; x_wconf 90' lang='lat' dir='ltr'><strong>quantocius</strong></span> <span class='ocrx_word' id='word_1_203' title='bbox 681 3395 962 3515; x_wconf 88' lang='lat' dir='ltr'><strong>celebrandi)</strong></span> <span class='ocrx_word' id='word_1_204' title='bbox 986 3425 1152 3484; x_wconf 89' lang='lat' dir='ltr'><strong>meram</strong></span> <span class='ocrx_word' id='word_1_205' title='bbox 1196 3397 1517 3485; x_wconf 88' lang='lat' dir='ltr'><strong>caeremoniam</strong></span> <span class='ocrx_word' id='word_1_206' title='bbox 1552 3397 1728 3485; x_wconf 85' lang='lat' dir='ltr'><strong>civilem</strong></span> 
     </span>
     <span class='ocr_line' id='line_1_27' title="bbox 247 3517 1734 3636; baseline 0.002 -31"><span class='ocrx_word' id='word_1_207' title='bbox 247 3547 472 3636; x_wconf 80' lang='lat' dir='ltr'><strong>peragere,</strong></span> <span class='ocrx_word' id='word_1_208' title='bbox 499 3519 590 3606; x_wconf 93' lang='lat' dir='ltr'><strong>sive</strong></span> <span class='ocrx_word' id='word_1_209' title='bbox 616 3517 847 3608; x_wconf 89' lang='lat' dir='ltr'><strong>intendant</strong></span> <span class='ocrx_word' id='word_1_210' title='bbox 868 3517 1084 3636; x_wconf 89' lang='lat' dir='ltr'><strong>sponsalia</strong></span> <span class='ocrx_word' id='word_1_211' title='bbox 1106 3518 1162 3606; x_wconf 88' lang='lat' dir='ltr'><strong>de</strong></span> <span class='ocrx_word' id='word_1_212' title='bbox 1185 3519 1332 3607; x_wconf 91' lang='lat' dir='ltr'><strong>luturo</strong></span> <span class='ocrx_word' id='word_1_213' title='bbox 1365 3519 1498 3622; x_wconf 93' lang='lat' dir='ltr'><strong>inire,</strong></span> <span class='ocrx_word' id='word_1_214' title='bbox 1529 3519 1620 3606; x_wconf 90' lang='lat' dir='ltr'><strong>sive</strong></span> <span class='ocrx_word' id='word_1_215' title='bbox 1645 3535 1734 3608; x_wconf 84' lang='lat' dir='ltr'><strong>tan-</strong></span> 
     </span>
     <span class='ocr_line' id='line_1_28' title="bbox 246 3632 1733 3761; baseline 0.001 -33"><span class='ocrx_word' id='word_1_216' title='bbox 246 3640 350 3729; x_wconf 90' lang='lat' dir='ltr'><strong>dem</strong></span> <span class='ocrx_word' id='word_1_217' title='bbox 384 3673 440 3730; x_wconf 89' lang='lat' dir='ltr'><strong>ex</strong></span> <span class='ocrx_word' id='word_1_218' title='bbox 472 3641 732 3760; x_wconf 82' lang='lat' dir='ltr'><strong>ignorantia,</strong></span> <span class='ocrx_word' id='word_1_219' title='bbox 770 3632 844 3731; x_wconf 65' lang='lat' dir='ltr'><strong>au&#39;t</strong></span> <span class='ocrx_word' id='word_1_220' title='bbox 877 3642 923 3730; x_wconf 91' lang='lat' dir='ltr'><strong>iu</strong></span> <span class='ocrx_word' id='word_1_221' title='bbox 955 3657 1153 3760; x_wconf 86' lang='lat' dir='ltr'><strong>spretum</strong></span> <span class='ocrx_word' id='word_1_222' title='bbox 1176 3641 1560 3730; x_wconf 86' lang='lat' dir='ltr'><strong>ecclesiasticarum</strong></span> <span class='ocrx_word' id='word_1_223' title='bbox 1585 3643 1733 3761; x_wconf 80' lang='lat' dir='ltr'><strong>legum</strong></span> 
     </span>
     <span class='ocr_line' id='line_1_29' title="bbox 247 3763 1730 3884; baseline 0.001 -32"><span class='ocrx_word' id='word_1_224' title='bbox 247 3764 480 3854; x_wconf 87' lang='lat' dir='ltr'><strong>intendant</strong></span> <span class='ocrx_word' id='word_1_225' title='bbox 528 3763 854 3854; x_wconf 88' lang='lat' dir='ltr'><strong>matrimonium</strong></span> <span class='ocrx_word' id='word_1_226' title='bbox 905 3765 963 3854; x_wconf 93' lang='lat' dir='ltr'><strong>de</strong></span> <span class='ocrx_word' id='word_1_227' title='bbox 995 3767 1215 3884; x_wconf 90' lang='lat' dir='ltr'><strong>praesenti</strong></span> <span class='ocrx_word' id='word_1_228' title='bbox 1240 3766 1513 3870; x_wconf 87' lang='lat' dir='ltr'><strong>contrahere,</strong></span> <span class='ocrx_word' id='word_1_229' title='bbox 1543 3765 1730 3884; x_wconf 91' lang='lat' dir='ltr'><strong>impedi·</strong></span> 
     </span>
     <span class='ocr_line' id='line_1_30' title="bbox 245 3886 1733 4008; baseline 0.001 -32"><span class='ocrx_word' id='word_1_230' title='bbox 245 3905 447 3976; x_wconf 91' lang='lat' dir='ltr'><strong>mentum</strong></span> <span class='ocrx_word' id='word_1_231' title='bbox 471 3886 659 3978; x_wconf 91' lang='lat' dir='ltr'><strong>iustitiae</strong></span> <span class='ocrx_word' id='word_1_232' title='bbox 682 3889 885 4008; x_wconf 92' lang='lat' dir='ltr'><strong>publicae</strong></span> <span class='ocrx_word' id='word_1_233' title='bbox 903 3888 1136 3978; x_wconf 85' lang='lat' dir='ltr'><strong>honestatis</strong></span> <span class='ocrx_word' id='word_1_234' title='bbox 1165 3920 1248 3978; x_wconf 93' lang='lat' dir='ltr'><strong>non</strong></span> <span class='ocrx_word' id='word_1_235' title='bbox 1285 3888 1544 4006; x_wconf 85' lang='lat' dir='ltr'><strong>producere.</strong></span> <span class='ocrx_word' id='word_1_236' title='bbox 1581 3890 1733 4008; x_wconf 92' lang='lat' dir='ltr'><strong>Atque</strong></span> 
     </span>
     <span class='ocr_line' id='line_1_31' title="bbox 244 4009 423 4102; baseline 0.017 -5"><span class='ocrx_word' id='word_1_237' title='bbox 244 4009 305 4100; x_wconf 90' lang='lat' dir='ltr'><strong>ita</strong></span> <span class='ocrx_word' id='word_1_238' title='bbox 339 4027 423 4102; x_wconf 88' lang='lat' dir='ltr'><strong>etc.</strong></span> 
     </span>
    </p>
   </div>
   <div class='ocr_carea' id='block_1_3' title="bbox 0 0 2284 6340">
    <p class='ocr_par' dir='ltr' id='par_1_3' title="bbox 0 0 2284 6340">
     <span class='ocr_line' id='line_1_32' title="bbox 0 0 2284 6340; baseline 0 3"><span class='ocrx_word' id='word_1_239' title='bbox 0 0 2284 6340; x_wconf 95' lang='lat' dir='ltr'><strong> </strong></span> 
     </span>
    </p>
   </div>
  </div>
 </body>
</html>
