4516 6318
657 495 740 583 ota
773 497 832 585 aa
866 457 1088 585 natrano
1123 497 1260 588 tara.
1646 501 1706 594 ar

222 661 238 696 ι
278 617 411 736 pliccs
445 651 519 708 sen
555 621 821 740 parochiales
856 622 1064 710 Ecclesias
1098 623 1139 709 iu
1178 621 1436 739 Collegiatas
1469 623 1702 744 erigere.»
1790 725 1797 734 ¹

213 747 325 832 Cum
363 745 491 860 igitur
527 747 736 833 llazareni
773 746 985 833 Ecclesiae
1020 747 1183 834 tributa
1221 747 1384 833 luerint
1417 747 1474 832 ab
1507 749 1707 837 Ordina-

215 866 276 951 rio
301 867 622 984 collegialitatis
645 869 781 986 signa,
798 869 980 956 indubie
1004 871 1238 957 tenendum
1263 867 1481 956 concludit
1505 873 1707 963 eamdem

212 1019 315 1076 vere
350 991 635 1108 Collegiatam
671 1023 780 1079 esse
809 993 1034 1112 Minusque
1068 992 1196 1080 obiici
1234 1007 1376 1110 posset
1408 993 1526 1112 quod
1563 993 1702 1112 sigua,

210 1143 328 1229 quae
346 1133 587 1202 memorata
607 1114 738 1202 lrabet
759 1117 960 1219 Ecclesia,
975 1117 1106 1204 etiam
1126 1113 1494 1204 communitativis
1513 1117 1709 1208 Ecclesiis

209 1238 495 1340 couveuiuut3
522 1239 687 1353 reponit
707 1239 822 1328 euim
842 1271 940 1326 cum
968 1239 1071 1326 Rota
1097 1239 1141 1324 in
1162 1238 1411 1326 Placentino
1433 1235 1705 1329 Purocliiolia
1770 1246 1776 1256 '

209 1359 268 1442 27
305 1359 425 1445 Iunii
460 1363 581 1448 t636
614 1360 642 1483 S
674 1361 754 1447 Sed
777 1361 887 1478 quod
911 1364 954 1446 in
970 1365 1046 1482 fin.
1073 1394 1160 1448 cor:
1182 1358 1417 1449 Pouzirolo
1437 1361 1543 1448 -ibi
1567 1417 1592 1432 -
1618 1365 1701 1451 col·

212 1481 371 1596 lcpr'utn
406 1515 486 1569 uon
519 1483 737 1571 indicatur
769 1517 794 1570 o
827 1487 992 1571 nornine
1013 1483 1084 1572 scd
1124 1518 1149 1572 n
1186 1483 1469 1571 substantioe!
1491 1483 1697 1606 affcctn-.

209 1605 319 1692 Cum
359 1607 488 1724 igitur
519 1607 836 1723 collegialitatis
870 1609 990 1724 sigua
1025 1609 1192 1724 optime
1225 1607 1436 1695 Ecclesiae
1486 1612 1703 1698 llazareui

210 1746 438 1842 aptentur,
461 1761 649 1850 cumque
668 1731 897 1848 collegium
917 1731 1174 1820 universitas
1197 1749 1239 1818 ct
1272 1731 1566 1820 communitas
1586 1731 1704 1828 idem

212 1850 452 1968 importent
495 1871 601 1943 teste.
632 1857 822 1970 Fapnnn.
861 1857 903 1940 in
947 1887 1039 1970 cup.
1089 1855 1293 1969 Responsa
1337 1855 1397 1940 43
1433 1855 1494 1940 De
1539 1853 1707 1943 Senten-

210 1974 269 2058 tia
303 1973 618 2065 Excurrrnnuu'c.
655 2009 698 2064 n.
735 1979 794 2064 35
827 1995 945 2068 certo
978 1977 1198 2065 concludit
1238 1978 1277 2063 iu
1316 1978 1509 2066 themata
1541 1979 1610 2093 agi
1646 1979 1703 2066 de

209 2095 481 2215 Collegiata,
522 2119 565 2189 et
611 2103 820 2189 llazareui
855 2101 1225 2190 Communitatem
1271 2131 1424 2188 verram
1469 2101 1702 2219 collegium

210 2224 495 2311 constituere.

335 2347 435 2457 Quo
471 2347 608 2462 posito
645 2347 947 2464 laudamento,
975 2347 1030 2438 ad
1053 2347 1221 2466 singula
1255 2347 1392 2436 dubia
1427 2347 1699 2442 enucleanda

207 2464 501 2572 descendens,
539 2472 718 2558 sustinet
753 2503 837 2558 uou
872 2501 996 2592 posse
1031 2470 1269 2559 Paraclrum
1305 2471 1584 2562 Sacerdotem
1618 2473 1700 2560 sibi

209 2589 470 2678 benevisum
504 2595 720 2712 deputare
753 2594 806 2681 ad
842 2625 980 2682 sacras
1015 2589 1257 2682 functiones
1291 2594 1576 2710 peragendas,
1608 2611 1696 2682 tam

210 2712 241 2796 si
276 2729 501 2829 spectetur
524 2721 593 2806 lex
617 2717 899 2818 fundationis,
924 2747 1055 2836 quam
1089 2717 1374 2840 cousuetudo,
1402 2748 1517 2836 (puae
1541 2719 1700 2810 ambae

210 2835 402 2925 militant
426 2839 574 2929 lavore
597 2839 959 2930 Hebdomadarii.
978 2843 1065 2926 Lex
1099 2841 1214 2926 euim
1248 2837 1518 2928 laudationis
1551 2858 1702 2958 aperte

210 2961 471 3074 praescribit
502 2966 544 3050 iu
581 2965 761 3052 articulo
795 2963 986 3051 secundo
1020 2961 1222 3080 operando
1256 2963 1583 3053 barrcParoclrus
1617 2995 1697 3050 raon

209 3080 361 3168 volesne
394 3117 417 3171 ο
450 3119 531 3172 non
560 3105 716 3203 pulcrae
748 3085 842 3206 serre
866 3087 902 3172 lc
925 3087 1032 3175 datto
1063 3087 1274 3206 funzioni,
1313 3085 1444 3173 locclti
1467 3085 1696 3174 att'Etdo-

210 3203 405 3292 nrudorio
439 3242 459 3295 e
491 3243 568 3296 non
604 3211 854 3297 ultr-iuranti.
891 3212 960 3299 nit
996 3209 1156 3298 mirum
1192 3207 1378 3330 perinde
1411 3209 1462 3312 si,
1503 3212 1693 3307 excitata

211 3327 291 3414 hac
322 3357 456 3448 super
489 3363 535 3422 re
568 3365 680 3426 anuo
715 3335 836 3423 1869
869 3335 1138 3451 quaestione,
1178 3331 1406 3421 Platieusis
1439 3333 1570 3422 Curia
1601 3331 1698 3420 luu-

209 3449 397 3541 datiouis
433 3455 514 3574 legi
549 3457 816 3547 inhaerendo
839 3457 1038 3546 camdem
1063 3457 1240 3545 diremit
1262 3455 1604 3544 Hebdomadarii
1638 3457 1700 3544 la·

212 3601 316 3660 vore
354 3617 370 3653 c
409 3579 489 3668 clre
523 3581 561 3668 le
594 3599 852 3670 succeunate
884 3581 1073 3671 lunziani
1110 3578 1156 3667 di
1181 3583 1330 3680 llesse,
1359 3578 1618 3695 processioni
1641 3577 1699 3668 ed

215 3735 231 3770 ι
273 3697 382 3786 altro
416 3701 836 3794 devouocelchrarsi
872 3707 1192 3794 uellavacauza
1226 3703 1298 3792 del
1320 3705 1567 3806 Parrocato,
1604 3701 1698 3789 dal·

216 3859 231 3893 ·
272 3821 299 3908 l'
320 3823 647 3916 Ebdoruudario
667 3827 1053 3942 beneficialedella
1080 3827 1293 3915 Cumania
1330 3861 1367 3932 »3
1401 3825 1509 3914 etsi
1549 3841 1697 3912 aetua-

211 3941 261 4029 lis
293 3943 488 4038 Antiates
519 3951 591 4038 die
626 3953 685 4039 l2
718 3951 991 4074 Septembris
1025 3951 1146 4038 4876
1168 3950 1274 4038 dum
1301 3950 1693 4069 appositudecreto

211 4071 449 4156 reservavit
499 4075 693 4164 Parocho
745 4077 1008 4192 paroeciales
1057 4071 1314 4176 functiones
1353 4072 1528 4162 addidit
1561 4073 1605 4158 iu
1638 4069 1687 4158 di

214 4189 281 4272 cui
308 4221 533 4282 marrcnuzo
566 4200 664 4286 aurci
690 4228 848 4313 acrrrpre
875 4195 1539 4314 anrroyetodall'Ebdomudurio
1566 4193 1618 4281 cd
1647 4196 1693 4280 iu

209 4309 257 4396 di
291 4312 353 4398 tui
384 4349 609 4406 auuncuuzn
657 4319 732 4408 dat
780 4319 951 4410 Sant'orc
1000 4319 1117 4407 della
1164 4321 1398 4408 acttiruunu.
1436 4323 1488 4407 Et
1519 4317 1692 4436 optimo

209 4433 385 4550 quidem
422 4441 532 4532 iure:
568 4443 716 4533 subdit
748 4445 865 4534 euim
900 4444 1019 4564 quod
1054 4443 1307 4536 exordium
1342 4443 1556 4532 dictarum
1594 4439 1692 4528 luu-

208 4558 401 4646 ctiouum
440 4583 618 4655 eatenus
662 4569 853 4656 Paroclro
895 4580 1167 4685 competunt,
1193 4581 1410 4682 quatenus
1453 4579 1584 4683 caput
1627 4578 1691 4650 est

209 4681 403 4800 Collegii,
458 4689 501 4774 iu
552 4691 672 4779 cuins
702 4692 844 4779 locum
896 4693 1155 4782 substitutus
1202 4689 1320 4776 veuit
1375 4684 1696 4782 Hebdomada-„-

209 4801 310 4892 rius.
363 4811 422 4897 At
471 4843 524 4900 ex
575 4813 668 4902 iure
706 4815 894 4904 habetur
940 4817 1057 4935 quod
1100 4813 1361 4901 substitutus
1406 4808 1600 4912 succedit
1648 4807 1691 4894 in

208 4928 352 5017 omnia
401 4933 496 5022 iura
545 4955 587 5024 et
635 4939 1001 5056 praeeminentias
1044 4925 1287 5054 subrogati.
1327 4936 1525 5054 Spectata
1560 4931 1695 5050 igitur

209 5049 470 5146 fraudationis
520 5059 617 5176 lege
666 5061 857 5151 Parocho
901 5061 966 5152 ius
1010 5077 1192 5166 nonest
1229 5059 1361 5148 alium
1406 5055 1687 5154 Sacerdotem

209 5191 379 5287 praeter
397 5181 801 5274 Hebdomadarium
825 5184 1039 5304 deputare
1071 5184 1125 5272 ad
1159 5203 1298 5272 sacras
1330 5181 1571 5270 [unctiones
1594 5205 1692 5296 per-

207 5299 408 5426 agendas.
432 5307 519 5394 Nec
542 5307 667 5398 aliter
688 5307 973 5398 statuendum
991 5309 1110 5396 veuit
1139 5323 1193 5396 ex
1219 5304 1550 5406 consuetudine,
1574 5329 1689 5421 quac

206 5421 411 5542 cuiusque
443 5429 935 5552 dispositionisoptima
976 5447 1178 5521 censetur
1210 5432 1424 5546 interpres
1478 5445 1523 5514 ct
1550 5423 1689 5542 'magi-

206 5558 305 5651 stra,
342 5581 612 5676 omnemque
633 5555 742 5644 tollit
782 5556 1363 5674 dubitationem'51amvcro
1400 5551 1584 5642 testibus
1618 5579 1692 5635 aea

206 5663 338 5758 diluis
369 5675 516 5764 dictae
546 5677 780 5784 hebeno,
816 5679 885 5766 cui
919 5675 1258 5771 ulterioserviit
1294 5703 1375 5795 por
1405 5676 1593 5882 spatilum
1627 5671 1690 5778 26
