4482 6350
544 423 637 510 464
969 417 1053 504 Dte
1084 418 1145 505 20
1176 412 1424 532 Septembris
1459 413 1595 500 4879.

546 543 745 634 remedio
763 540 936 635 Summi
956 539 1190 628 Pontifices
1204 537 1268 626 usi
1287 553 1388 625 sunt
1406 534 1642 657 atiquando
1668 551 1853 654 utroque
1875 543 2006 632 conia
2020 595 2039 612 -

548 701 617 789 ga,
644 683 715 755 aut
739 666 878 754 altero
896 663 1049 752 saltem
1077 662 1224 763 inscio,
1251 661 1474 749 autetiam
1502 679 1598 777 post
1633 657 1862 778 utriusque
1877 666 2038 754 coniu-

547 793 611 910 gis
645 790 833 890 obitum,
871 803 918 874 ιιι
951 787 1095 905 protes
1131 785 1255 874 fieret
1291 785 1501 902 legitima.
1540 787 1627 872 Nec
1668 811 1842 872 neeesse
1874 803 1953 888 est,
1984 811 2038 878 ut

549 915 671 1032 prior
693 942 928 1028 consensus
962 911 1186 998 moraliter
1208 925 1474 1024 perseveret:
1502 936 1602 994 nam
1638 904 1903 996 Benedictus
1931 913 2037 1002 XIV

549 1034 798 1125 huiusmodi
837 1033 1105 1120 sanationem
1142 1031 1353 1121 concessit
1387 1031 1492 1118 dum
1529 1031 1639 1118 ulter
1670 1029 1903 1148 coniugum
1944 1065 2039 1123 ma-

549 1158 743 1248 trimonii
777 1157 1037 1245 solutionem
1072 1155 1323 1244 sollicitaret
1359 1153 1445 1274 (ι).

673 1281 782 1369 Mala
817 1278 925 1367 fides
959 1278 1088 1365 etiam
1124 1277 1300 1366 atterius
1350 1295 1516 1364 tantum
1569 1275 1779 1394 coniugis,
1817 1280 2033 1369 sanationi

549 1438 635 1494 non
672 1405 797 1492 obest
830 1401 935 1491 Vid.
971 1401 1175 1500 Perrone,
1214 1399 1263 1486 de
1302 1402 1488 1486 Mutrim.
1515 1399 1676 1487 Christ.
1716 1398 1792 1486 tit.
1816 1400 1862 1501 2,
1889 1409 2027 1490 seced

551 1561 644 1644 ceap,
684 1529 728 1614 4.
1447 1563 1450 1570 ·

676 1653 824 1766 Atque
843 1649 944 1735 haee
984 1647 1131 1770 omma
1170 1647 1437 1766 castigationi
1467 1647 1924 1736 Eminentissimorum
1958 1653 2041 1737 Pa·

554 1792 671 1861 trum
708 1773 952 1860 committo.

799 1900 965 1986 Romae
999 1894 1059 1979 24
1094 1893 1322 1982 Februarii
1359 1895 1498 1982 4879.

1113 2247 1161 2331 r.
1188 2195 1447 2334 canorus
1482 2245 1751 2334 sroamn
1778 2250 1967 2336 numu.

1421 2397 1657 2486 Consultor.

659 2649 742 2658 ιιι-...ιη
748 2649 826 2658 φοι--
890 2649 1020 2660 -u---n—-a
1028 2647 1357 2660 ιυ-ο--ῡ--ιι-

874 2795 1717 2929 ANIMADVERSIONES

760 3055 1105 3146 arnuausoms
1139 3057 1475 3146 uuarumoun
1510 3061 1586 3144 ax
1621 3061 1842 3148 oratoru

1108 3257 1423 3290 Quaeso-u·-
1437 3271 1544 3278 ·----
1567 3285 1570 3289 .

812 3455 1142 3542 Eminentissimi
1175 3469 1212 3540 et
1247 3455 1594 3544 Rumemttsstmi
1629 3457 1777 3546 Patres

687 3827 731 3912 ι.
770 3711 936 3911 Dum
972 3825 1136 3914 bellum
1170 3827 1377 3912 acerbum
1401 3845 1444 3915 et
1479 3829 1679 3946 iniquom
1715 3825 1966 3947 legislativis
1999 3823 2045 3912 in

488 3971 491 3981 ’
561 3949 668 4038 aulis
704 3966 796 4034 tom
832 3947 950 4064 apud
986 3949 1188 4036 miseram
1224 3949 1332 4036 trane
1366 3969 1557 4040 nostram
1593 3951 1779 4057 ltaliam,
1803 3968 1893 4039 tum
1928 3945 2049 4065 apud

562 4087 731 4160 exteras
763 4085 913 4190 gentes
947 4101 1104 4189 magno
1140 4073 1401 4164 Matrimonii
1437 4077 1719 4164 Sacramento
1765 4091 1958 4192 paratur,
1996 4085 2046 4156 ut

562 4193 722 4283 divinis
755 4191 914 4282 exinde
948 4195 1134 4286 vinculis
1167 4197 1386 4288 dissolutis
1418 4215 1547 4316 atque
1571 4197 1776 4300 disiectis,
1805 4199 2046 4285 humanum

563 4317 827 4408 consortium
850 4320 1021 4406 nonnisi
1045 4349 1180 4438 quum
1211 4353 1263 4409 ex
1289 4321 1624 4408 inconstantiae
1653 4321 1819 4410 tubrioo
1851 4317 2048 4410 civilium

565 4441 892 4530 ordinat-ionum
927 4440 1238 4550 fundamento,
1264 4473 1377 4532 nova
1412 4445 1573 4550 torma,
1614 4475 1813 4562 novaque
1847 4437 2051 4532 acdifica-

564 4565 682 4652 tione
717 4595 985 4685 paganorum
1021 4567 1223 4658 institutis
1256 4585 1570 4669 consentanea,
1609 4570 1689 4656 sub
1724 4565 1888 4668 liberi,
1929 4579 1978 4652 ιιι
2010 4593 2052 4648 a·

562 4688 675 4790 inat,
714 4691 874 4780 amoris
907 4691 1002 4806 lege
1036 4709 1294 4809 consurgat,
1333 4705 1397 4778 est
1433 4691 1615 4810 quidem
1662 4721 1747 4779 non
1782 4690 1876 4778 sine
1910 4684 2046 4776 animi

566 4809 718 4900 dolore
750 4814 1069 4917 confitendum,
1086 4817 1204 4932 quod
1231 4845 1315 4902 non
1352 4843 1445 4902 raro
1480 4845 1623 4933 neque
1648 4815 1689 4901 in
1710 4812 1924 4902 Ecclesiae
1947 4837 2051 4927 pro-

565 4936 823 5054 pugnaculis
855 4937 1116 5028 sacramenti
1161 4937 1296 5056 ipsius
1343 4937 1495 5055 religio
1545 4951 1688 5026 tutum
1739 4967 1789 5026 ac
1829 4935 2053 5024 incolume

563 5057 818 5148 adinveniat
850 5059 1100 5180 diffugium.
1124 5062 1217 5148 Non
1252 5061 1387 5150 semet
1422 5063 1538 5148 enim
1565 5091 1645 5150 nec
1669 5059 1970 5178 infrequenter
2005 5052 2051 5139 in

565 5181 869 5272 Ecclesiasticis
901 5187 1059 5286 Curiis
1088 5213 1172 5272 non
1197 5184 1380 5304 quidem
1412 5184 1512 5272 novi
1547 5184 1716 5288 Mundi,
1743 5185 1820 5272 sed
1855 5181 1954 5269 huic
1988 5175 2054 5263 al·

564 5334 665 5394 mae
699 5309 806 5396 Urbi
851 5308 1090 5428 sapientiae¹
1122 5322 1166 5396 et
1212 5309 1445 5397 canonicae
1492 5307 1749 5426 praesertim
1796 5301 2057 5420 disciplinae

656 5509 660 5514 Ι
698 5554 764 5674 (t)
803 5557 930 5642 Decr.
967 5553 1063 5643 Etsi
1095 5553 1426 5642 matrimonialis
1456 5552 1567 5640 uult.
1598 5569 1628 5640 t.
1656 5555 1685 5640 [ι
1709 5553 1791 5640 sub
1822 5582 1945 5640 uum.
1974 5543 2061 5631 st.
