4516 6318
440 450 446 458 ,
513 349 603 438 432
958 343 1042 434 Dic
1075 342 1133 428 45
1167 341 1390 432 Februarii
1423 340 1563 432 t879.

511 487 730 595 perpetua
748 483 792 556 et
823 467 1038 557 solemnia
1070 467 1292 570 emittunt,
1316 498 1394 556 neo
1417 471 1501 557 sub
1526 465 1673 585 regula
1697 464 1864 570 vivant,
1897 497 2014 587 quae

513 596 640 688 Sedis
657 592 936 711 Apostolicae
953 591 1321 709 approbationem
1336 589 1502 696 retulit,
1520 590 1578 679 ita
1592 608 1638 698 ut
1652 591 1771 680 nullo
1784 609 1907 707 pacto
1922 623 2018 683 cae·

510 720 615 811 dem
638 749 742 808 vere
780 747 828 803 ac
851 717 1031 834 proprie
1068 716 1333 830 Regularem
1367 715 1599 804 Familiam
1637 714 1902 804 constituere
1925 716 2014 805 dici

516 844 701 962 possint.
738 841 931 956 lpsemet
964 837 1069 928 sane
1109 839 1347 956 Episcopus
1397 838 1684 928 virdunensis
1732 840 1775 925 in
1825 869 1906 928 sua
1954 839 2013 929 ad
2158 951 2162 958 ¹

510 969 566 1055 Η.
604 969 649 1058 S.
688 968 737 1055 C.
782 961 1092 1053 informatione
1133 959 1192 1051 de
1235 963 1351 1051 hisce
1395 962 1659 1052 lllouialibus
1703 962 1810 1055 haec
1844 962 2009 1054 refert:

517 1133 533 1170 ι
573 1118 718 1207 neque
763 1100 1075 1206 paupertatem
1113 1103 1171 1174 et·
1202 1087 1507 1175 obedientiam
1558 1115 1702 1203 neque
1747 1103 2014 1204 perpetuam

517 1255 533 1292 e
572 1213 818 1302 castitatem
860 1210 1127 1327 promittunt
1175 1239 1269 1298 sese
1309 1213 1614 1299 observaturas
1659 1209 1895 1314 absolute,
1931 1207 2013 1300 sed

516 1375 533 1415 ι
573 1368 675 1426 cum
708 1333 791 1423 ista
812 1331 1074 1448 exceptione
1098 1363 1212 1454 quae
1245 1333 1288 1420 in
1313 1333 1705 1423 Constitutionibos
1739 1335 1918 1422 illarum
1942 1333 2010 1420 in-

519 1499 536 1540 «
576 1459 800 1562 scribitur,
838 1457 1018 1544 scilicet:
1053 1455 1202 1547 -Nisi
1234 1455 1494 1546 Ordinarius
1528 1457 1853 1574 dispensaverit
1881 1511 1910 1528 -
1943 1457 2014 1546 vel

520 1623 537 1662 c
576 1581 792 1702 quamdiu
836 1609 924 1667 non
959 1579 1220 1670 iudicaverit
1253 1579 1512 1671 Ordinarius
1534 1611 1667 1698 super
1690 1577 1755 1668 his
1779 1579 1891 1668 votis
1913 1607 2016 1669 cum

518 1745 535 1784 ι
576 1707 680 1824 ipsis
714 1702 1086 1822 dispensandum.
1122 1753 1151 1770 -
1174 1707 1327 1822 ltaque
1349 1703 1671 1792 interveniente
1692 1703 1918 1796 Ordinarii
1943 1701 2014 1792 di·

518 1870 536 1909 «
575 1829 852 1950 spensatione
886 1842 1066 1945 propter
1105 1827 1198 1917 illas
1224 1857 1331 1945 quas
1359 1858 1515 1944 graves
1550 1844 1723 1944 reputat
1757 1859 1921 1932 causae,
1956 1827 2015 1915 ab

520 1993 537 2032 ι
577 1953 777 2043 omnium
811 1968 1016 2040 votorum
1051 1951 1276 2070 ipsiusque
1314 1951 1524 2039 castitatis
1550 1967 1792 2070 perpetuae
1827 1950 2016 2040 uinculis

519 2116 538 2156 c
576 2080 811 2167 solvuntur
844 2091 887 2162 et
920 2074 1148 2163 confestim
1192 2073 1248 2164 ad
1298 2073 1537 2162 saecularia
1584 2092 1682 2162 vota
1727 2076 1876 2166 redire
1920 2103 2018 2192 pos-

522 2241 539 2278 «
578 2219 695 2305 sunt,
733 2217 867 2318 atque
902 2199 1233 2286 matrimonium
1268 2199 1544 2301 contrahere,
1582 2197 1705 2286 sicuti
1737 2203 1822 2287 iam
1852 2197 2019 2316 pluries

520 2364 537 2404 ι
577 2325 784 2414 accidisse
816 2323 1143 2439 conspeximus.
1180 2322 1250 2410 An
1285 2352 1389 2410 vero
1437 2321 1538 2408 talia
1577 2337 1677 2409 vota
1720 2325 2013 2425 constituant,

519 2487 537 2528 ι
577 2449 741 2536 seclusa
773 2477 1059 2567 quacumque
1097 2443 1418 2566 approbatione
1451 2445 1626 2536 Summi
1665 2446 1907 2549 Porttifrcis,
1937 2447 2019 2534 ue-

519 2611 537 2650 «
578 2570 786 2686 ligionem
822 2569 998 2688 proprie
1032 2567 1197 2660 dictam
1247 2583 1291 2658 et
1340 2567 1642 2657 immunitates
1676 2569 1888 2659 inducant
1922 2568 2018 2684 pri·

518 2735 537 2774 ι
578 2695 823 2814 vilegiaque
844 2693 1132 2811 Regularibus
1156 2724 1180 2780 a
1204 2693 1298 2781 iure
1333 2707 1567 2795 reservata,
1590 2691 1856 2782 diiudicabit
1879 2693 2012 2782 Sacra

524 2859 540 2895 ι
580 2817 762 2906 Concilii
786 2816 1095 2933 Congregatio.
1119 2819 1262 2906 »Cum
1295 2815 1444 2934 itaque
1466 2845 1521 2902 ex
1537 2815 1617 2902 boc
1652 2818 1744 2934 ipso
1768 2831 1915 2933 pateat
1935 2817 2012 2905 So·

514 2971 636 3028 rores
670 2941 716 3032 S.
755 2939 911 3056 loseph
944 2940 1061 3028 iuter
1094 2939 1337 3058 Religiosas
1361 2938 1692 3056 propricdictas
1726 2939 2010 3028 adnumerari

514 3063 629 3151 haud
666 3093 807 3182 posse,
846 3063 1044 3180 sequitur
1076 3063 1198 3181 quod
1248 3063 1350 3180 ipsis
1398 3062 1607 3180 applicari
1641 3077 1685 3151 et
1718 3062 1898 3151 extendi
1935 3093 2012 3150 ne·
2117 3085 2120 3091 '

514 3201 682 3306 queant
721 3185 1020 3276 immunitates
1053 3203 1189 3308 atque
1211 3189 1438 3306 privilegia
1462 3216 1576 3307 quae
1599 3186 1886 3307 Regularibus
1911 3215 2013 3305 pro·

514 3310 613 3431 prie
646 3311 773 3400 dictis
808 3329 1023 3398 reservata
1058 3328 1178 3399 sum.
1231 3311 1439 3430 Sequitur
1475 3310 1604 3397 etiam
1649 3312 1769 3430 quod
1808 3309 1895 3398 frui
1930 3338 2047 3418 non,

515 3435 713 3525 debeant
746 3435 1028 3554 exemptione
1060 3435 1120 3521 ab
1162 3437 1421 3522 auctoritate
1464 3447 1509 3522 et
1543 3434 1840 3524 iurisdictione
1881 3437 2014 3520 Paro·

514 3556 599 3664 chi,
640 3557 756 3647 inter
787 3557 908 3646 cuius
932 3557 1165 3676 parochiae
1200 3558 1361 3648 limites
1405 3587 1559 3647 orarum
1608 3558 1764 3647 domus
1804 3557 2014 3648 existunt.

515 3681 649 3793 Quod
676 3699 821 3769 autem
868 3683 924 3773 de
963 3681 1198 3770 Sororibus
1230 3682 1277 3773 S.
1305 3681 1457 3802 loseph
1476 3682 1733 3799 opponitur,
1762 3680 1916 3788 maiori
1950 3709 2018 3767 ra·

516 3806 641 3892 tione
679 3805 918 3895 dicendum
944 3835 1037 3892 esse
1078 3805 1213 3924 liquet
1236 3804 1294 3893 de
1329 3807 1378 3893 iis
1413 3807 1571 3924 puellis
1612 3837 1726 3924 quae
1767 3806 1811 3893 in
1856 3832 2017 3894 carum

514 3926 725 4016 domibus
759 3927 1056 4016 instructionis
1091 3929 1158 4016 vel
1186 3927 1456 4018 educationis
1490 3929 1629 4048 gratia
1672 3929 1855 4048 degunt3
1878 3954 2018 4046 quum

516 4079 606 4138 non
634 4051 771 4171 magis
807 4050 1095 4141 tribuendum
1130 4051 1184 4140 sit
1217 4050 1301 4141 illis
1325 4053 1539 4172 personis,
1567 4084 1681 4170 quae
1717 4054 1759 4140 iu
1793 4053 1928 4142 domo
1954 4079 2019 4180 re·

515 4171 667 4292 ligiosa
717 4193 1000 4294 temporanee
1033 4192 1076 4263 et
1111 4174 1307 4294 precario
1340 4176 1595 4283 convivunt,
1635 4209 1768 4296 quam
1792 4172 2019 4294 Religiosis

514 4297 618 4416 ipsis
658 4297 824 4387 ibidem
866 4297 1070 4418 professis
1102 4317 1356 4418 competere
1389 4303 1542 4420 possit.

638 4421 695 4508 Ut
728 4421 1090 4511 consuetudinem
1126 4441 1273 4512 autom
1308 4455 1384 4512 seu
1432 4425 1758 4514 observantiam
1796 4455 1821 4512 a
1854 4419 2012 4538 Capel-

516 4541 616 4630 lauo
650 4543 885 4633 deductam
932 4545 1137 4652 refellat,
1190 4547 1300 4636 nilril
1352 4549 1540 4636 validius
1590 4549 1803 4666 proficere
1838 4546 2013 4636 videtur

514 4697 648 4787 quam
685 4668 817 4786 ipsius
840 4668 1040 4786 Episcopi
1074 4667 1365 4759 virdunensis
1411 4671 1683 4780 informatio,
1720 4705 1835 4792 quae
1869 4671 1927 4758 ita
1959 4697 2005 4758 se

508 4789 680 4880 habet:
734 4833 750 4869 α
801 4793 971 4880 Profert
1022 4793 1226 4882 laudatus
1275 4796 1535 4912 Capellanus
1589 4814 1632 4884 ct
1673 4817 1834 4916 magna
1870 4791 2008 4882 animi

382 4947 389 4958 ¹
522 4953 539 4991 ι
579 4915 856 5004 contentione
878 4917 935 5004 ad
957 4946 1084 5003 suum
1109 4947 1284 5008 sensum
1303 4919 1535 5038 detorquet
1553 4920 1779 5010 decretum
1806 4914 2008 5040 Episcopi

523 5075 540 5116 ‹
579 5039 959 5128 Alticiensisanno
983 5041 1272 5160 l665,quod,
1299 5061 1345 5132 ut
1362 5061 1570 5164 putamus
1596 5045 1806 5135 indictum
1827 5072 1914 5130 non
1939 5050 2004 5125 est
2073 5040 2075 5044 ’

403 5181 406 5187 “
523 5200 538 5238 ι
582 5163 687 5250 Urbi
720 5181 758 5252 ct
791 5163 911 5250 Orbi.
949 5167 1178 5279 Quaenam
1229 5184 1377 5256 autom
1422 5169 1531 5256 inibi
1571 5169 1798 5288 privilegiu
1845 5160 2009 5252 fuerint

521 5321 538 5361 ι
578 5285 684 5374 οΙίηι
719 5286 909 5407 irrogata
943 5321 967 5377 a
999 5292 1170 5381 Comite
1220 5292 1432 5412 Episcopo
1471 5324 1523 5380 an
1561 5293 1739 5382 facultas
1784 5288 1827 5377 in
1869 5311 2006 5372 unum

521 5445 538 5484 e
581 5409 760 5528 pacifrce
795 5412 1043 5519 babitandi,
1079 5415 1151 5504 vel
1189 5417 1322 5505 etiam
1356 5419 1512 5506 domos
1546 5435 1590 5506 et
1613 5413 1791 5534 praedia
1824 5441 1850 5500 a
1883 5407 2013 5496 vecti-
