4558 6340
719 319 803 406 Die
833 319 896 408 26
928 318 1103 434 Aprilis
1136 319 1274 408 4879.
1652 321 1745 412 246

248 443 467 538 Ecclesiae
490 441 759 530 cumulative
777 441 1082 544 exercebatur,
1101 439 1302 557 deputari
1327 441 1566 559 parocltum
1589 473 1745 561 perpe·

251 589 376 659 tuum
412 563 591 682 praevio
624 595 835 652 concursu
869 565 1138 682 eligendum.
1165 565 1213 651 Ia
1244 563 1454 654 Sarrum?
1478 565 1586 652 Iulii
1612 568 1638 652 ’4
1651 569 1736 656 734

251 687 502 787 executioni
534 687 737 776 manduci
772 687 894 776 iussit
918 687 1084 777 litteras
1115 690 1162 780 S.
1200 688 1563 806 Congregationis
1587 689 1679 778 diei
1713 693 1742 781 3

251 815 353 906 Maii
391 809 514 900 4846
547 841 655 930 quas
688 808 904 928 Episcopo
925 809 1107 900 dederat
1146 811 1187 896 in
1229 811 1548 900 haecverbazr
1585 813 1741 926 Quoad

258 981 275 1022 a
317 963 468 1028 curam
504 935 751 1024 animarum
786 933 1003 1022 Ecclesiae
1051 927 1326 1022 Catbedralis
1372 965 1457 1021 non
1503 936 1750 1050 probarunt
1884 945 1889 957 ‘

260 1105 276 1140 a
317 1063 400 1150 EE.
432 1059 517 1144 PP.
545 1056 664 1176 quod
698 1085 809 1174 vage
843 1054 1169 1170 capitularibus
1202 1055 1447 1153 immineat,
1474 1057 1751 1148 sedmanda·

256 1225 272 1264 a
315 1199 420 1274 runt
455 1179 585 1268 alicui
618 1196 764 1275 certae
799 1177 1081 1294 praebendae
1103 1179 1358 1268 deconsilio
1378 1179 1565 1298 Capituli
1589 1181 1745 1272 adiun-

258 1348 276 1388 ι
314 1308 376 1428 gt,
402 1301 473 1390 vel
507 1301 710 1390 vicariam
748 1301 855 1390 inibi
891 1300 996 1419 erigi
1032 1320 1308 1418 perpetuam,
1337 1319 1383 1388 ut
1416 1301 1637 1392 subiectus
1671 1337 1749 1422 po·-

261 1473 277 1510 ·
319 1427 451 1546 palus
483 1443 648 1516 certum
684 1443 904 1544 pastorem
940 1441 1142 1542 agnoscat
1171 1423 1371 1514 »additis
1404 1424 1537 1513 etiam
1571 1425 1748 1516 coadiu-

256 1554 429 1644 toribus
462 1579 592 1638 curae
625 1579 679 1636 ex
712 1547 955 1636 Canonicis.
996 1550 1259 1667 Perpetuam
1312 1549 1474 1664 pariter
1521 1547 1747 1641 vicarium

252 1671 436 1795 praefici
470 1670 590 1760 iussit
624 1669 665 1757 in
701 1669 978 1757 Castrimuris
1009 1702 1086 1785 per
1119 1671 1349 1758 sacracrario
1380 1703 1546 1788 precum
1580 1670 1651 1757 dic
1686 1671 1747 1762 47

253 1803 354 1888 Dec.
385 1795 505 1886 l825
532 1825 611 1911 pro
645 1825 751 1882 cura
785 1792 1034 1882 animarum
1069 1791 1333 1889 exercenda,
1355 1825 1471 1912 quae
1490 1824 1623 1910 penes
1646 1791 1749 1884 Col·
1872 1901 1874 1907 Ι

253 1921 441 2042 legistae
475 1915 725 2032 Capitulum
760 1946 814 2004 ex
850 1917 1013 2006 unione
1066 1917 1368 2041 paroeciarum
1420 1917 1615 2006 extabat.
1663 1917 1752 2006 Nec

255 2047 382 2138 aliter
415 2039 509 2130 lieri
543 2039 683 2128 voluit
715 2039 758 2125 in
809 2037 1012 2128 Narniea.
1039 2039 1175 2128 Carae
1209 2040 1443 2126 animarum
1490 2040 1520 2125 5
1567 2039 1748 2155 Septem·

256 2168 343 2256 laris
378 2165 500 2253 4846
532 2194 612 2282 pro
645 2192 747 2250 cura
779 2191 891 2282 quae
925 2161 966 2249 in
1001 2161 1233 2285 Collegiata
1268 2163 1315 2253 S.
1350 2162 1523 2254 Gemini
1574 2195 1599 2250 a
1632 2162 1756 2280 Capi·
1869 2261 1873 2274 ¹

257 2289 475 2381 tularibus
509 2316 589 2406 per
633 2302 810 2374 turnum
865 2285 1098 2375 annualem
1145 2285 1448 2378 exercebatur.
1490 2283 1610 2373 ldem
1661 2285 1756 2374 lieri

257 2411 452 2503 decrevit
485 2411 529 2497 in
564 2407 792 2499 Novaricia.
819 2403 1251 2498 Garraeaatmarame
1274 2409 1386 2496 lunii
1410 2409 1530 2498 4847
1555 2440 1635 2528 pro
1659 2407 1758 2498 Col·

256 2535 415 2656 legista
449 2534 531 2622 loci
567 2531 686 2620 Intra
718 2531 762 2618 in
797 2563 884 2650 qua
916 2563 1018 2620 cura
1055 2533 1263 2622 turbatim
1300 2531 1462 2648 pariter
1494 2563 1519 2619 a
1553 2529 1750 2622 Canoni-

257 2661 318 2750 cis
350 2655 655 2746 exercebatur.
696 2655 916 2743 Vicarium
952 2652 1129 2742 tandem
1164 2667 1427 2776 perpetuum
1463 2653 1565 2774 eligi
1597 2652 1758 2744 statuit

256 2785 301 2876 ia
336 2779 618 2897 Neapolitana
655 2775 699 2867 V
701 2777 828 2867 traria·
861 2775 1013 2866 Cureti
1048 2777 1249 2896 Perpetui
1281 2775 1351 2864 dia
1383 2777 1444 2866 26
1476 2777 1594 2866 Iunii
1627 2777 1750 2867 l875

259 2936 341 3028 pro
374 2901 564 2994 Ecclesia
597 2897 837 3018 collegiata
882 2901 927 2992 S.
960 2903 1132 2992 loannis
1179 2900 1388 3005 Maioris,
1430 2900 1475 2988 in
1517 2933 1603 3020 qua
1647 2931 1752 2993 cura

259 3030 509 3122 animarum
543 3053 622 3142 per
657 3021 877 3114 Vicariutn
912 3023 1121 3114 duratum
1158 3025 1442 3114 exercebatur
1463 3023 1644 3144 singulis
1676 3055 1752 3112 sex

259 3151 490 3244 mensibus
524 3179 549 3234 a
583 3141 811 3238 Canonicis
845 3145 1097 3266 eligendum
1133 3179 1186 3236 cx
1218 3147 1424 3236 facultate
1455 3147 1558 3265 ipsis
1593 3149 1759 3264 impar·

263 3275 344 3364 tita
375 3307 399 3363 a
428 3271 502 3367 lel.
535 3299 670 3358 mem.
699 3269 951 3360 lnnoceatio
984 3271 1066 3360 Xll
1101 3270 1144 3358 iu
1189 3270 1275 3358 vim
1327 3269 1478 3360 Bullae
1511 3269 1599 3364 diei
1632 3269 1661 3358 5
1695 3269 1759 3358 la·

263 3396 390 3486 nuari
425 3393 546 3484 4692
580 3423 692 3510 quae
728 3391 895 3513 incipit:
941 3393 991 3480 Ia
1024 3425 1239 3511 supremae
1287 3391 1555 3510 Apostolicac
1602 3389 1751 3518 dipai-

264 3519 382 3610 tutis.

386 3639 513 3731 Hisce
546 3635 751 3730 omnibus
784 3669 864 3756 pro
898 3668 997 3728 meo
1032 3669 1215 3732 munere
1255 3639 1464 3732 absolutis
1511 3639 1755 3762 dignentur

265 3767 352 3859 EE.
390 3765 486 3860 VV.
524 3791 710 3882 sequens
743 3759 954 3853 dirimere

903 4009 1123 4101 DUBlUM
1142 3939 1147 3948 ·

388 4257 457 4350 Aa
492 4275 529 4346 et
562 4255 765 4376 quomodo
799 4289 922 4346 carae
955 4257 1192 4344 animarum
1225 4253 1757 4377 exercitioprooidcadura

244 4382 324 4500 ,sit
359 4381 404 4468 in
436 4412 550 4468 caru.

395 4501 666 4598 affirmative
701 4535 779 4621 per
812 4501 1143 4621 deputationem
1177 4499 1339 4590 Vicarii
1362 4497 1564 4622 perpetui
1588 4498 1645 4593 ad
1679 4495 1764 4587 lor·

274 4658 391 4718 mam
424 4627 549 4732 iuris,
584 4625 701 4718 lactu
732 4627 871 4723 'verbo
915 4653 1015 4716 cum
1048 4621 1348 4717 sanctissimo.
1474 4621 1476 4626 ’
