4530 6336
1621 355 1712 446 333

284 606 366 695 uo
387 603 558 694 aleae
591 603 652 692 33
675 601 862 720 aqna·
892 599 1014 690 3333
1037 599 1082 686 a
1112 597 1557 716 patarenorum
1595 557 1718 692 Vae

346 787 448 844 cano
471 753 554 842 erit
574 751 706 840 Sacro
728 751 1010 870 Gongrcpntio
1033 748 1236 854 Concilii,
1264 751 1310 837 in
1332 781 1415 867 qno
1430 767 1603 867 practer
1625 752 1717 842 olio

341 921 632 1021 proponentur
665 901 950 1024 infrascripto
981 897 1150 999 Dubio,
1189 901 1309 988 iuxta
1341 933 1495 990 morem
1534 901 1716 992 eiusdem

343 1053 498 1144 Sacrae
529 1053 880 1170 Conqrcpotionis
914 1050 965 1140 de
998 1053 1091 1139 iure
1121 1051 1385 1140 resolvendo.

350 1717 697 1919 Bonoutnn'.
735 1827 1162 1920 RES'l'lTU'llONlS
1200 1827 1517 1918 ECCLESldE.
1560 1872 1591 1902 ==
1624 1825 1850 1917 11338333.
1889 1827 1940 1916 at
1982 1859 2078 1950 cop.
2113 1829 2144 1917 7

220 1953 401 2044 ineunte
437 1982 562 2054 aevo,
605 1981 692 2040 nou
726 1981 849 2040 secus
879 1983 929 2042 ac
966 1952 1010 2038 in
1044 1981 1288 2066 praesens,
1326 1951 1460 2041 133133
1502 1950 1704 2068 regiones
1738 1950 1789 2040 dc
1818 1950 2009 2074 Reform.

222 2078 264 2174 vi
298 2105 524 2195 aggressae
557 2075 697 2163 multa
730 2088 774 2163 et
808 2073 958 2191 gravia
990 2072 1105 2162 mala
1138 2090 1346 2192 expertae
1385 2074 1578 2164 fuerunt.
1628 2077 1714 2164 lle-

224 2200 481 2320 ligiosorum
532 2197 724 2287 familiae
764 2227 1025 2316 oppressae,
1066 2198 1218 2286 matris
1264 2197 1478 2288 Ecclesiae
1523 2198 1715 2286 inra.ab

222 2323 404 2442 ingratis
426 2321 527 2410 titiis
555 2321 855 2440 undequaque
889 2320 1170 2440 pessumdata
1193 2339 1237 2409 33
1268 2351 1437 2424 eversa,
1474 2319 1614 2440 ipsius
1631 2321 1713 2410 bo·

223 2477 281 2534 na
318 2447 542 2563 publicata
574 2443 750 2562 templis
788 2473 875 2532 uon
914 2445 1121 2560 exceptis,
1169 2473 1284 2562 quae
1318 2477 1342 2533 3
1382 2443 1625 2548 demanio,
1665 2460 1714 2531 33

223 2569 362 2674 aiunt,
393 2567 622 2660 divendita
656 2569 698 2655 in
730 2567 983 2685 prophanus
1007 2597 1109 2655 usus
1144 2567 1380 2657 temerario
1406 2597 1582 2684 prorsus
1605 2597 1713 2656 ausu

224 2707 494 2781 commutato
527 2692 665 2781 luere.
686 2689 944 2807 iniquarum
969 2690 1115 2809 legum
1139 2689 1181 2776 vi
1199 2692 1432 2780 succubuit
1459 2706 1502 2779 33
1521 2689 1613 2808 ipsa
1636 2693 1712 2780 Ec·

222 2813 352 2904 clesia
386 2819 451 2908 Ss.
490 2817 675 2905 Cosmae
708 2830 753 2901 et
781 2812 998 2909 Damiano
1037 2813 1212 2916 dicata,
1257 2845 1370 2932 quae
1404 2815 1462 2902 313
1494 2833 1592 2904 3333
1626 2814 1715 2902 iam

223 2939 408 3028 saeculis
441 2937 667 3028 Bononiae
694 2937 829 3025 cultui
860 2937 1071 3052 patebat,
1109 2967 1312 3054 quaeque
1350 2967 1465 3025 auno
1508 2937 1636 3024 ll'Od
1669 2937 1715 3024 in

224 3061 448 3180 publicam
484 3059 719 3166 officinam,
759 3077 804 3149 ut
836 3059 978 3162 aiunt,
1027 3057 1076 3145 di
1120 3059 1340 3175 ripcttiere
1372 3089 1582 3149 conversa
1616 3059 1711 3148 luit.

351 3187 494 3304 lpsam
512 3183 556 3272 iu
570 3199 795 3300 posterum
811 3213 925 3271 anno
938 3209 1099 3300 nempe
1113 3182 1270 3272 18083
1289 3182 1427 3272 3313111
1447 3183 1540 3271 viro
1558 3185 1717 3274 Camil·

231 3309 274 3396 lo
298 3306 607 3396 Zambeccario
628 3324 875 3424 coemptam
901 3304 1031 3394 luisse
1055 3321 1239 3410 constat,
1268 3323 1415 3396 utrum
1439 3323 1587 3396 autem
1620 3336 1715 3395 me·

228 3429 349 3519 diate
390 3430 459 3518 vel
506 3427 764 3518 immediate
809 3429 995 3546 abipso
1045 3427 1269 3533 demonio,
1323 3429 1565 3547 ignoratur.
1603 3430 1717 3520 lllud

226 3581 363 3641 unum
387 3571 557 3643 certum
596 3569 679 3656 333,
715 3552 853 3672 quod,
881 3552 983 3641 licet
1016 3552 1061 3639 in
1096 3553 1210 3642 votis
1245 3567 1340 3640 tum
1374 3553 1585 3670 emptoris
1622 3567 1718 3642 tum

222 3675 358 3796 ipsius
395 3676 624 3796 progeniei
659 3675 792 3766 luerit
826 3674 1031 3765 eamdem
1064 3705 1214 3764 rursus
1246 3676 1399 3766 divino
1432 3677 1566 3766 cultui
1590 3677 1718 3768 addi-

224 3799 370 3906 cendi,
397 3801 543 3891 clausa
568 3815 717 3887 tamen
752 3798 993 3916 permansit
1024 3797 1082 3887 ad
1103 3829 1267 3888 annum
1293 3830 1433 3918 usque
1452 3801 1591 3894 t828.
1618 3804 1718 3914 Quo

221 3921 402 4012 labente
436 3923 619 4013 Sodales
652 3955 675 4010 a
710 3922 914 4040 suffragio
946 3921 1073 4025 dicti,
1110 3922 1186 4039 qui
1211 3921 1255 4010 in
1280 3953 1416 4040 parva
1447 3923 1492 4013 S.
1521 3926 1719 4041 Agatlrae

221 4045 410 4135 Ecclesia
445 4077 545 4134 suos
560 4046 672 4134 lares
708 4045 953 4148 habebant,
992 4045 1251 4134 lllarclrionis
1275 4045 1419 4134 lacobi
1455 4047 1716 4137 Zambecca·

221 4167 258 4253 ri
288 4171 564 4286 propositum
600 4167 657 4256 de
691 4166 964 4257 restituenda
983 4167 1171 4256 Ecclesia
1195 4167 1351 4257 divino
1373 4170 1510 4258 cultui
1539 4200 1716 4260 noscen-

224 4304 306 4390 333,
328 4292 534 4381 eumdem
556 4289 799 4381 adiverunt
815 4290 1018 4409 benigne
1044 4293 1376 4408 expostulantes
1393 4325 1472 4411 pro
1499 4293 1718 4385 Sodalitio

222 4408 455 4530 ipsiusmet
490 4445 590 4502 usus
606 4415 947 4522 concessionem,
975 4429 1018 4504 ct
1041 4414 1132 4503 voti
1155 4433 1379 4533 compotes
1398 4415 1495 4504 lacti
1515 4416 1712 4506 luerunt.

222 4533 598 4654 Quandoquidem
631 4535 739 4626 inite
774 4539 888 4626 iuter
933 4539 1243 4627 contrahentes
1287 4540 1581 4628 conventione
1621 4541 1716 4657 epi·

218 4657 393 4773 scopale
433 4659 662 4748 decretum
694 4678 990 4779 provocarunt
1020 4660 1075 4750 ad
1106 4663 1188 4750 hoc
1224 4678 1287 4765 33,
1313 4661 1526 4780 appositis
1558 4662 1716 4752 condi-

220 4776 415 4870 tionibus
447 4783 505 4872 ab
538 4783 795 4873 auctoritate
820 4783 1108 4874 ecelesiastica
1139 4785 1353 4902 probatis,
1381 4785 1609 4902 publicum
1645 4819 1716 4876 ro-

219 4903 314 5019 gari
340 4923 486 5020 posset
520 4907 861 4995 instrumentum
901 4947 919 4986 ι
961 4907 1033 4996 clue
1064 4907 1253 5028 formerd
1285 4906 1378 4996 bose
1410 4905 1716 5027 del....roqito

222 5023 273 5111 di
303 5029 624 5118 concessione».

342 5151 422 5239 Pio
454 5151 556 5242 huic
589 5152 771 5272 negocio
795 5151 911 5244 ultro
945 5179 1073 5240 suum
1108 5153 1315 5271 praebuit
1348 5153 1529 5246 Praesul
1561 5187 1707 5248 asseu-

216 5297 333 5378 snm,
371 5289 503 5394 atque
529 5277 613 5365 sub
652 5277 777 5365 die2
809 5276 924 5366 lunii
952 5275 1074 5364 4828
1106 5277 1337 5368 decretum
1366 5277 1524 5385 edidit,
1552 5281 1595 5368 in
1618 5313 1708 5401 quo

220 5410 402 5487 statutas
434 5401 552 5488 inter
577 5416 723 5518 partes
755 5399 1073 5490 conventiones
1105 5402 1383 5492 confirmavit
1427 5443 1444 5478 ι
1484 5403 1605 5493 33133
1641 5422 1714 5492 33-

224 5553 243 5597 3
281 5543 386 5608 men
421 5553 469 5612 ac
502 5520 547 5610 iu
592 5539 859 5642 perpetuum
906 5540 1161 5615 conservato
1205 5527 1557 5645 iurcpatrouatus
1601 5527 1714 5620 eius-
