4558 6340
532 333 626 422 271
1028 325 1113 412 Die
1143 323 1194 414 21
1238 321 1354 409 lunii
1388 321 1525 410 1879.

533 475 601 545 tur
624 485 732 543 mens
755 448 963 539 testatoris
985 445 1202 567 fundendi
1232 445 1363 562 plura
1396 441 1593 564 beneficia
1624 473 1706 528 non
1737 441 1921 542 unicum,
1947 475 2027 537 ceu

534 608 667 696 agens
689 573 745 662 de
768 605 867 662 casu
894 589 1039 658 nostro
1073 571 1296 688 sapienter
1318 566 1446 654 docet
1469 569 1577 654 Rota
1601 563 1642 652 in
1672 563 1921 656 Melcoituno
1954 569 2027 658 Iu·

533 703 840 815 rispotronatus
865 695 926 782 30
941 691 1117 808 Aprilis
1142 691 1263 778 t660
1284 721 1423 775 corum
1445 687 1699 804 Bcoilucquu
1731 718 1845 778 orror,
1863 693 1907 778 1.
1935 693 2028 782 Huc

538 821 748 912 accedere
771 818 1052 935 prosequitur
1074 815 1313 904 decisiones
1338 809 1473 928 ipsius
1488 813 1533 902 S.
1561 813 1614 898 ll.
1637 812 1792 912 Rotae,
1810 845 1922 934 quae
1942 845 2028 904 nou

535 945 672 1034 semel
693 971 834 1059 neque
852 939 920 1028 bis
942 939 1081 1026 tenuit
1106 937 1233 1052 plura
1247 934 1289 1022 in
1311 935 1503 1022 themate
1520 962 1613 1021 esse
1631 932 1861 1040 beneficia,
1879 968 2029 1055 quem.

535 1064 795 1168 admodum,
842 1061 1027 1150 eaeteris
1064 1060 1220 1162 missis,
1254 1057 1404 1146 videre
1426 1074 1490 1146 cst
1508 1053 1815 1145 inMcleuituna
1838 1091 1939 1150 mox
1963 1091 2028 1149 re·

539 1189 687 1290 citata,
709 1206 838 1305 utque
873 1185 916 1272 in
942 1185 1077 1272 ultera
1096 1182 1348 1269 Meleeitana
1375 1180 1674 1300 Beneficiorum
1698 1179 1748 1266 de
1770 1214 1877 1269 anno
1901 1185 2021 1272 1778

536 1343 678 1398 corum
700 1307 963 1398 Rr'miualdo.
993 1307 1165 1420 Quibus
1199 1303 1418 1422 fastigium
1455 1303 1687 1418 imponunt
1716 1303 2031 1395 declarationes
2176 1355 2180 1360 ,

536 1433 674 1550 ipsius
697 1432 852 1520 Curiae
876 1429 1179 1530 Melevituuae,
1197 1457 1310 1544 quae
1328 1441 1417 1514 tam
1442 1425 1486 1512 in
1516 1425 1775 1513 executione
1797 1427 2025 1516 literarum

458 1565 462 1572 ’
538 1555 894 1671 Apostolicorum
933 1552 990 1640 de
1025 1583 1140 1638 anno
1174 1549 1296 1638 t87t
1326 1578 1462 1665 super
1502 1545 1694 1664 quadam
1734 1551 2026 1639 transactione

537 1678 649 1766 initu
673 1677 787 1764 inter
812 1673 1063 1762 Antistitem
1087 1671 1452 1775 Gaudisiensem,
1488 1670 1757 1760 Canonicum
1793 1671 1849 1760 de
1883 1675 2023 1776 Bono,

540 1817 583 1890 et
606 1800 901 1889 lllarclrionem
925 1797 1218 1886 'lestalerrata
1257 1793 1362 1882 baec
1400 1791 1614 1881 beneficia
1647 1794 1923 1911 pertingente
1958 1796 2032 1882 lra-

538 1925 617 2010 bet
649 1921 778 2008 reluta
810 1920 867 2007 ud
917 1919 1026 2006 idem
1062 1917 1297 2038 beneficium
1340 1947 1407 2004 scu
1440 1913 1579 2002 eudem
1619 1933 1798 2032 quatuor
1831 1915 2030 2037 beneficia

539 2043 611 2132 snb
634 2045 800 2130 stramine
836 2041 943 2130 detti
964 2041 1171 2157 quuoli,
1208 2069 1343 2156 quam
1378 2040 1420 2126 in
1457 2037 1668 2126 relatione
1703 2041 1780 2126 bac
1827 2071 1959 2156 super
1980 2070 2030 2127 re

540 2195 685 2282 nuper
717 2171 763 2257 S.
790 2167 844 2252 V.
870 2167 925 2254 0.
960 2165 1105 2251 oblata
1149 2162 1353 2251 enunciat
1400 2177 1590 2278 quatuor
1629 2163 1672 2248 io
1712 2161 1902 2251 themate
1935 2192 2029 2250 esse

540 2287 757 2376 beneficia
786 2341 813 2358 -
838 2287 969 2404 questi
1001 2301 1168 2403 quottro
1193 2282 1379 2403 beneficii
1395 2331 1440 2370 -.

668 2413 755 2499 Nec
793 2411 951 2511 obstat,
985 2427 1033 2498 ut
1057 2406 1190 2498 Curia
1224 2405 1501 2524 prosequitur
1523 2405 1565 2493 in
1590 2409 1682 2524 ipsa
1706 2406 1934 2510 relatione,
1963 2437 2030 2494 ea·

544 2533 648 2623 dem
682 2532 895 2620 benelicia
926 2532 984 2618 ab
1006 2527 1320 2647 antiquissimis
1343 2530 1618 2644 temporibus
1643 2530 1764 2616 unita
1799 2529 1949 2634 luisse,
1973 2529 2034 2616 ita

544 2673 592 2744 ut
625 2653 758 2741 bodie
804 2654 977 2742 unicum
1012 2652 1275 2742 beneficium
1310 2649 1559 2740 efforment.
1596 2653 1705 2742 Cum
1742 2651 1861 2739 euim
1887 2651 2034 2740 nullus

543 2777 764 2865 habeatur
803 2777 1125 2865 Ecclesiastieae
1159 2775 1382 2891 potestatis
1405 2791 1539 2872 actus,
1576 2775 1649 2896 qui
1674 2774 1878 2862 ostendat
1903 2775 2030 2862 unio·

545 2929 646 2988 nem
681 2899 950 2986 extincturum
985 2897 1301 2986 beneficiorum
1351 2912 1573 3014 peractam
1614 2897 1781 3002 luisse,
1820 2896 2026 2985 eamdem

546 3021 730 3110 minime
759 3021 955 3110 evenisse
972 3020 1156 3108 firmiter
1183 3017 1420 3106 tenendum
1445 3049 1539 3108 esse
1562 3036 1707 3136 urget.
1749 3019 1904 3136 Agitur
1925 3050 2031 3108 sane

546 3143 603 3234 de
623 3175 800 3261 requae
819 3146 860 3230 in
880 3142 974 3232 iure
993 3143 1142 3231 odiosa
1160 3157 1386 3260 reputatur
1403 3141 1468 3228 Dc
1490 3143 1599 3230 luca
1623 3145 1685 3230 De
1707 3141 1839 3262 banos.
1855 3142 2034 3229 discors.

547 3267 609 3354 to
641 3295 684 3353 n.
705 3269 733 3355 3
756 3275 859 3384 quia
884 3297 961 3382 per
985 3265 1123 3384 ipsam
1145 3294 1367 3353 sacrorum
1394 3263 1694 3356 ministrorum
1719 3295 1927 3354 numerus
1950 3294 2036 3351 non

548 3388 633 3478 levi
653 3387 834 3505 quidem
859 3390 1105 3476 animarum
1124 3387 1389 3477 detrimento
1414 3388 1551 3475 minui
1574 3390 1682 3478 solet
1705 3389 1811 3504 Cup.
1826 3387 1896 3474 Eur
1915 3401 2038 3502 parte

551 3512 609 3599 12
645 3511 706 3597 De
738 3513 915 3599 Constr't.
947 3511 1139 3596 Tolosae.
1163 3510 1228 3596 De
1260 3508 1393 3628 boues.
1420 3542 1513 3626 cop.
1537 3512 1594 3599 t3
1628 3544 1670 3598 u.
1700 3514 1717 3596 l
1759 3509 2038 3627 subindeque

548 3633 873 3752 praesumenda
897 3663 982 3720 non
1005 3647 1086 3734 est,
1104 3633 1181 3720 sed
1206 3633 1457 3720 certissimis
1480 3633 1720 3722 evincenda
1753 3631 2032 3751 argumentis.

548 3759 609 3843 Eo
645 3757 713 3842 vel
749 3755 884 3872 magis
917 3755 1018 3874 quia
1052 3753 1275 3842 defecisset
1309 3785 1434 3844 eausa
1481 3758 1742 3846 necessitatis
1777 3757 1843 3844 vel
1880 3754 2040 3842 utilita-

552 3877 603 3964 tis
622 3879 835 3966 Ecclesiae
858 3879 915 3966 ad
934 3874 1135 3966 eamdem
1162 3877 1484 3966 decernendam
1509 3911 1608 3968 cum
1638 3879 1866 3998 quodlibet
1889 3907 1944 3964 es
1965 3879 2040 3964 be-

554 3995 718 4086 neficiis
755 4001 857 4088 satis
905 4001 960 4088 sit
1011 4000 1066 4087 ad
1105 4018 1318 4088 rectorem
1361 4001 1747 4091 substentandum.
1799 4005 2038 4117 Perperam

551 4121 757 4208 obiicitur
791 4123 897 4210 lraec
930 4121 1142 4210 beneficia
1178 4123 1306 4210 unico
1341 4125 1512 4212 Rectori
1550 4143 1724 4214 tantum
1759 4125 1889 4214 luisse
1911 4121 2038 4210 colla·

557 4259 618 4330 ta:
655 4271 755 4331 narn
800 4245 840 4332 id
874 4245 1158 4334 secumlerrct
1198 4243 1405 4334 unionem
1445 4249 1717 4362 personalem
1742 4263 1786 4337 et
1819 4265 2042 4364 tempora·

555 4395 684 4452 neam
719 4383 887 4456 tanturn
921 4400 974 4456 ex
1009 4383 1291 4483 patronorum
1318 4372 1541 4458 uoluntate
1567 4371 1934 4488 proficiscentem,
1958 4365 2038 4454 mi-

555 4489 681 4575 nime
699 4519 801 4576 vcro
836 4507 1112 4608 perpetuam.

679 4613 851 4723 Quibus
874 4613 1188 4702 animadversis
1211 4614 1365 4703 subdit
1381 4616 1540 4704 Orator
1564 4614 1777 4705 notissimi
1802 4615 1907 4703 iuris
1928 4641 2037 4714 esse,

555 4730 677 4851 quod
712 4736 949 4852 Episcopus
982 4735 1210 4825 lundatam
1260 4739 1393 4826 babet
1437 4739 1725 4827 intentionem
1763 4771 1843 4856 pro
1876 4734 2041 4826 exerci-

556 4858 618 4942 tio
653 4859 935 4946 omnimodae
968 4858 1274 4948 iurisdictionis
1310 4859 1560 4952 ordinariae
1595 4865 1637 4950 iu
1671 4861 1826 4981 quovis
1873 4862 1966 4949 loeo
2000 4872 2044 4946 et

555 4981 752 5096 personis
788 4983 898 5068 intra
932 4981 1040 5072 fines
1072 5013 1178 5072 suae
1213 4984 1429 5074 Diocaesis
1475 4985 1779 5074 existentibus:
1814 4987 1861 5075 S.
1882 4986 2043 5098 Congr.

557 5103 604 5188 in
639 5103 806 5190 Lucane
837 5104 1129 5222 Earernptiouis
1154 5109 1212 5194 13
1242 5107 1536 5197 tturutt852
1569 5107 1613 5230 8.
1642 5109 1920 5224 l’erspieient.
1952 5107 2043 5190 Du·

555 5223 688 5312 bitari
735 5227 899 5342 pariter
933 5227 1053 5318 nelos
1086 5245 1151 5318 est
1198 5232 1455 5346 Episcopum
1491 5231 1657 5320 habere
1702 5231 1805 5318 iuris
1843 5231 2045 5320 assisten-

559 5346 665 5434 tium
700 5380 831 5465 super
867 5351 1139 5439 institutione
1177 5353 1491 5441 berresrciorum
1537 5385 1641 5441 suae
1689 5353 1900 5442 dioecesis
1935 5351 2042 5438 [tora

562 5465 690 5556 decis.
732 5473 823 5559 567
867 5490 988 5590 pert.
1027 5475 1086 5562 18
1112 5493 1210 5562 tom.
1237 5479 1265 5564 ‘2
1288 5509 1369 5563 rac.
1399 5481 1477 5566 Ast
1508 5476 1550 5564 in
1574 5475 1687 5566 laeto
1705 5495 1785 5582 est,
1812 5473 1933 5595 quod
1955 5473 2042 5598 tria
