4530 6336
512 350 605 440 880
1012 343 1095 434 Dia
1124 345 1187 434 26
1218 341 1327 434 Iulii
1358 343 1497 434 1879.

647 597 701 683 ΙΙ.
739 593 811 684 An
842 596 900 685 sit
930 593 1125 686 standum
1154 592 1220 682 ael
1253 592 1522 683 recedendum
1556 625 1583 681 a
1614 593 1765 684 decisis
1800 600 1847 686 in
1866 631 2006 692 recur-

523 716 580 806 do
613 717 741 808 dubio
775 721 823 812 in
853 749 965 808 casu

651 968 726 1056 ΙΙΙ.
750 967 823 1057 An
845 969 902 1058 sit
932 966 1127 1058 standum
1158 965 1225 1055 cel
1256 962 1525 1054 recedendum
1558 997 1585 1053 a
1618 963 1767 1056 decisis
1801 971 1845 1056 in
1880 973 2002 1062 tertio

522 1088 654 1180 dulia
686 1095 731 1180 in
765 1123 877 1182 casu.

651 1465 797 1554 Dilata
831 1460 887 1551 od
920 1461 1109 1580 primam
1146 1475 1243 1576 post
1274 1487 1425 1577 squas.

97 1960 205 2054 Sese.
236 1958 288 2047 21
340 1955 493 2075 cap.6
644 1851 898 2052 PINNEN.
919 1957 1577 2051 ARGHIPRESBYTERATUS
1600 1963 1671 2049 ΕΤ
1688 1961 1878 2071 CURAE
1900 1965 2013 2054 Ant-

98 2084 205 2178 Sett.
230 2083 293 2171 24
316 2111 411 2199 cop.
431 2079 492 2168 12
524 2085 745 2178 MARUM.
767 2129 799 2162 =
813 2082 1120 2174 Controversia
1143 2080 1304 2168 isthaec
1323 2081 1513 2198 primum
1538 2082 1760 2204 proposito
1777 2083 1858 2171 suit
1881 2085 1925 2173 in
1947 2119 2014 2207 ge·

100 2208 153 2298 dc
171 2205 361 2330 Resona.
523 2208 746 2300 neralibus
777 2205 963 2297 comitiis
982 2203 1070 2293 diei
1092 2205 1154 2292 26
1175 2205 1361 2293 ianuarii
1386 2205 1510 2295 4878
1531 2208 1616 2295 sub
1638 2207 1806 2296 dubiis:
1839 2249 1855 2287 ι
1885 2210 1920 2296 1.
1943 2209 2012 2298 An

523 2347 674 2422 constet
692 2330 743 2419 de
759 2327 983 2418 validitate
1004 2323 1244 2414 collationis
1267 2343 1305 2414 ct
1320 2329 1595 2443 possessionis
1618 2331 1840 2446 paroeciae
1860 2331 1905 2420 S.
1928 2333 2015 2420 An-

521 2455 607 2575 qeli
638 2455 786 2576 surore
816 2449 1055 2542 Sacerdotis
1089 2449 1247 2566 Anpeli
1279 2447 1421 2548 Calai,
1460 2453 1522 2540 ita
1541 2469 1585 2542 ut
1604 2455 1670 2541 ius
1692 2452 1839 2542 habeat
1871 2456 2014 2544 standi

520 2582 569 2668 in
602 2576 764 2666 indicio
796 2578 842 2664 in
873 2607 986 2664 casu.
1022 2576 1135 2661 -Et
1167 2589 1382 2690 quatenus
1415 2572 1823 2667 Affirmntiver-ll.
1850 2576 1923 2665 An
1955 2580 2010 2668 sit

525 2703 637 2790 locus
668 2700 891 2790 remotioni
905 2696 1143 2787 Sacerdotis
1167 2693 1295 2783 Calvi
1327 2731 1353 2786 o
1383 2696 1606 2812 praedicta
1625 2701 1826 2815 paroecia
1860 2703 1906 2789 in
1927 2704 2012 2790 uim

521 2856 736 2945 processus
768 2823 988 2911 summarii
1020 2853 1047 2908 a
1081 2818 1217 2908 Curia
1248 2819 1440 2941 consecti,
1476 2853 1545 2908 sen
1574 2824 1716 2937 potius
1739 2825 1824 2912 sint
1857 2826 2014 2913 exami-

524 2948 660 3038 nandi
693 2962 808 3036 testes
828 2977 854 3032 a
876 2943 1069 3033 Paroclro
1092 2941 1256 3030 inducti
1280 2944 1324 3029 in
1346 2973 1458 3031 casu.
1483 2991 1513 3012 ··
1534 2947 1608 3034 ΙΙΙ.
1637 2946 1707 3034 An
1739 2979 1842 3034 cura
1859 2963 2010 3034 actua-

529 3072 584 3160 lis
616 3071 853 3160 animarum
884 3065 1067 3156 resideat
1091 3095 1216 3181 peaes
1247 3065 1648 3168 omncsCanonicos,
1686 3071 1895 3186 oelpcncs
1921 3072 2015 3158 Ar-

529 3193 881 3312 olripreslyterum
913 3207 1073 3280 tantum
1110 3191 1157 3277 in
1199 3219 1309 3278 casn.
1351 3239 1382 3256 -
1419 3191 1494 3282 IV.
1533 3193 1603 3278 An
1635 3209 1673 3281 et
1700 3225 1727 3281 a
1757 3225 1836 3314 quo
1885 3194 2018 3284 cultus

531 3349 732 3436 expensae
763 3315 1025 3405 sustinendae
1056 3315 1142 3402 sint
1175 3314 1221 3400 in
1253 3345 1409 3402 casu.»

659 3441 975 3530 Verumtamen
994 3439 1186 3526 Envv.
1208 3452 1445 3555 antequam
1465 3437 1650 3555 sapienti
1668 3439 1844 3528 oraculo
1862 3439 2021 3530 exeita·

531 3582 619 3656 tom
639 3564 861 3654 diluerent
879 3560 1198 3682 quaestionem,
1221 3573 1323 3648 tune
1350 3559 1457 3647 mihi
1473 3561 1740 3652 mandarunt
1754 3561 2021 3652 informatio·

533 3719 610 3778 nes
640 3687 872 3806 exquirere
905 3688 963 3774 ab
995 3681 1335 3798 Archicpiscopo
1377 3682 1600 3801 Aquilone
1633 3684 1752 3774 edito
1786 3687 2013 3804 rescripto;

539 3853 556 3890 ι
584 3810 738 3898 Dilata
765 3827 804 3899 et
825 3810 1102 3926 exquirantur
1125 3805 1443 3924 informationes
1460 3803 1511 3893 nl
1530 3805 1863 3924 Arcltiepiscopo
1886 3809 2021 3926 Aqui·

536 3935 699 4022 lano.·
737 3933 909 4046 Quibus
929 3929 1088 4019 habitis
1122 3953 1222 4016 cum
1255 3959 1382 4019 causo
1416 3929 1503 4017 sub
1529 3961 1632 4018 mox
1654 3930 1842 4020 recitatis
1875 3931 2020 4021 dubiis

532 4056 695 4145 iterum
730 4055 954 4174 proposita
986 4053 1136 4142 luisset
1171 4052 1214 4139 in
1248 4053 1600 4170 congregatione
1636 4053 1726 4142 diei
1750 4055 1811 4142 25
1836 4054 2025 4144 Ianuarii

536 4178 727 4268 labentis
762 4176 881 4278 anni,
918 4175 1118 4296 sequenti
1153 4174 1236 4262 tuit
1270 4174 1450 4264 dimissa
1484 4205 1691 4294 responso
1729 4215 1746 4256 ι
1788 4177 1861 4265 Ad
1882 4177 1920 4265 Ι.
1948 4175 2027 4297 As·

536 4301 764 4426 firmative:
811 4297 884 4388 scd
916 4299 974 4386 ad
1006 4297 1208 4386 cautelam
1241 4297 1532 4388 consulendum
1554 4299 1682 4388 SSmo
1695 4329 1781 4416 pro
1814 4302 2027 4388 sanatione

536 4455 585 4514 ac
616 4423 945 4520 resolidatione,
982 4423 1186 4539 imposita
1224 4435 1357 4508 tamen
1389 4421 1611 4510 Sacerdoti
1653 4421 1781 4509 Calui
1803 4421 2028 4541 ollipntio·

535 4579 585 4636 ne
616 4545 833 4636 obtinendi
866 4546 1135 4662 Apostolicos
1159 4544 1342 4632 Litteras
1369 4545 1613 4634 collationis
1632 4545 1754 4667 infra
1787 4544 1890 4634 dnos
1917 4577 2027 4634 men-

537 4703 598 4760 ses
629 4719 673 4758 -.
711 4669 785 4758 Ad
816 4668 875 4756 11.
914 4669 1113 4787 Nepotiae
1148 4669 1191 4754 in
1221 4667 1408 4755 omnibns
1439 4721 1484 4756 -.
1523 4667 1596 4756 Ad
1628 4669 1711 4757 ill.
1749 4669 1950 4786 Nepotioe
1973 4667 2030 4757 ad

532 4795 723 4912 primam
754 4810 934 4909 partem,
971 4789 1224 4916 affirmative
1256 4789 1314 4878 ad
1346 4790 1594 4893 secundam,·
1628 4793 1860 4879 Gononicos
1898 4811 2031 4881 autem

539 4919 607 5006 ius
643 4915 794 5005 labere
825 4931 864 5004 et
895 4913 1191 5032 oblipotionem
1223 4913 1646 5033 Arcln'presbyterum
1678 4913 1966 5004 coadiuoandi
1988 4917 2031 5004 in

538 5070 643 5130 cura
678 5041 933 5128 animarum.
970 5087 1001 5104 -
1031 5037 1109 5127 Ad
1139 5039 1224 5130 IV.
1263 5033 1529 5162 Affirmatiue
1559 5036 1611 5125 al
1645 5036 2024 5156 Arclriprcsbytcro

539 5180 579 5254 et
613 5160 839 5250 Canonicis
865 5191 951 5278 pro
983 5175 1080 5249 rata
1111 5179 1151 5250 ct
1182 5159 1241 5248 ad
1263 5175 1449 5249 mentem.
1488 5160 1601 5248 Mens
1633 5176 1692 5248 cst
1728 5159 1840 5279 quod
1871 5161 2028 5250 scriba·

542 5303 610 5377 tur
640 5285 853 5404 Episcopo
888 5282 1158 5384 Goadiutori,
1183 5301 1244 5384 ut,
1278 5285 1465 5400 praeviis
1486 5283 1697 5372 exercitiis
1729 5283 2027 5400 spiritualibus

543 5408 800 5528 perapendis
833 5407 885 5496 ab
911 5407 1288 5525 Arclripreslrytero
1309 5425 1349 5496 et
1369 5407 1620 5506 Canonicis,
1651 5405 1942 5498 cureteosdem
1974 5405 2031 5498 ad

548 5533 927 5622 reconciliationem
959 5546 997 5619 et
1028 5530 1293 5620 concordiam
1318 5529 1607 5648 perducere.-
