4530 6336
524 345 617 438 304
1022 333 1105 426 un
1135 334 1187 426 at
1229 336 1346 423 lunii
1380 325 1518 422 tete.

526 467 763 561 definitum
794 465 874 554 luit
908 487 934 552 a
972 465 1104 554 Sacra
1136 457 1486 577 congregatione
1516 454 1557 541 in
1595 452 1823 570 sepontino
1864 453 2021 547 Cotlnt.

527 593 573 680 S.
612 589 792 679 Ordinis
825 585 901 674 lib.
939 581 988 672 ll
1019 588 1181 672 Decret.
1213 597 1318 700 pop.
1356 580 1417 668 nt
1451 575 1762 698 patrimonium
1787 577 1905 666 baud
1930 580 2025 669 lun·

529 713 623 804 duri
665 711 857 830 possein
899 707 1104 826 propriae
1137 705 1378 794 industriae
1414 701 1558 790 lucris.
1589 701 1676 788 Nec
1703 700 1746 786 in
1783 701 2021 794 mobilibus

531 853 605 925 aut
638 831 999 925 semoventibus:
1037 859 1136 917 nam
1171 829 1213 916 in
1248 827 1481 944 Sppontino
1512 824 1574 912 29
1618 820 1860 912 llluoemltrr'r
1893 825 2017 917 tutu

376 1039 381 1050 .
532 957 606 1046 tit.
641 957 705 1046 26
737 957 901 1042 Decret.
935 983 1038 1070 pop.
1074 953 1155 1039 ttt
1198 965 1237 1039 et
1268 981 1377 1067 seqq.
1415 948 1471 1037 ad
1505 945 1848 1047 dubium-Au
1889 950 2027 1066 possit

562 1078 843 1169 strimonium
885 1075 1092 1194 assignari
1127 1102 1261 1192 super
1297 1071 1540 1160 mobilibus
1572 1083 1616 1157 et
1653 1069 1779 1158 dictis
1812 1068 2017 1161 animali-

529 1112 616 1291 bus
647 1255 677 1272 -·
697 1202 744 1292 S.
771 1198 1061 1318 Congregatio
1095 1196 1286 1314 reposuit
1304 1243 1335 1260 -
1358 1194 1557 1311 ll'cpatioc
1576 1239 1622 1279 -.

658 1321 857 1412 Proiecto
892 1320 1121 1408 memorati
1142 1319 1255 1406 tituli
1274 1315 1574 1408 Ordinationis
1590 1316 1648 1402 ab
1660 1313 1876 1432 Episcopo
1897 1316 2020 1407 Cltia·

532 1447 655 1566 pensi
692 1443 919 1563 propositi,
963 1444 1081 1532 illam
1122 1441 1408 1529 stabilitatem
1456 1471 1480 1528 a
1524 1437 1785 1526 Tridentino
1835 1439 2021 1556 requisi·

535 1587 628 1659 tum
664 1569 849 1656 minime
883 1564 1197 1683 praeseferunt.
1241 1562 1358 1652 Licet
1381 1563 1499 1650 enim
1534 1589 1688 1648 verum
1721 1559 1778 1646 sit
1810 1561 1928 1678 quod
1965 1563 2022 1652 ud

538 1694 698 1784 Sacros
728 1689 920 1780 Ordines
957 1688 1030 1776 tali
1076 1685 1202 1774 titulo
1247 1685 1437 1803 promoti
1471 1684 1537 1772 ius
1569 1683 1783 1772 baberent
1834 1683 1889 1772 ad
1923 1716 2032 1802 pen-

536 1815 704 1904 sionem
741 1844 764 1900 u
806 1810 1009 1900 Puroclris
1062 1807 1347 1925 obtinendum
1403 1839 1456 1896 ex
1514 1806 1815 1896 oblationibus
1869 1837 2027 1924 prore·

544 1937 777 2036 nientem,
834 1933 914 2021 lroe
967 1933 1030 2020 ius
1079 1945 1229 2019 tamen·
1274 1947 1385 2020 esset
1432 1929 1486 2020 ad
1542 1959 1672 2034 rem,
1724 1957 1812 2014 non
1845 1932 2029 2020 veroin

535 2085 601 2163 rc,
627 2085 725 2145 cum
762 2056 1006 2146 oblationes
1039 2070 1083 2142 et
1105 2052 1434 2174 'praestationes
1479 2052 1579 2141 illae
1615 2051 1793 2140 omnino
1839 2049 2030 2142 lunden-

430 2244 432 2250 ·
537 2180 684 2271 turin
719 2178 901 2267 arbitrio
934 2195 976 2266 et
998 2177 1221 2266 voluntate
1254 2175 1468 2266 fidelium.
1489 2177 1769 2294 Quapropter
1802 2172 1836 2262 si
1874 2175 2026 2265 titulus

535 2328 623 2394 non
658 2300 876 2390 sufficiens
908 2299 965 2389 nd
998 2329 1142 2388 sacros
1164 2299 1340 2388 ordines
1361 2297 1660 2416 suscipiendos
1686 2311 1913 2416 reputetur
1945 2300 2023 2387 ob-

536 2443 659 2515 tenta
693 2422 922 2542 promissio
971 2421 1246 2511 ministrandi
1283 2423 1398 2511 ritae
1441 2421 1696 2523 necessaria,
1723 2421 1821 2509 licet
1855 2422 1960 2508 baec
1995 2451 2020 2511 a

536 2544 720 2640 ¹Summo
754 2549 1000 2662 lurpernnte
1024 2545 1250 2664 prodierit,
1277 2575 1301 2633 n
1324 2543 1490 2635 fortiori
1514 2544 1754 2634 dicendum
1780 2543 2022 2650 rideretur,

537 2671 656 2792 quod
690 2667 1078 2758 administrationis
1118 2668 1229 2757 tituli
1274 2667 1422 2785 prouti
1465 2687 1775 2787 proponuntur
1808 2667 1909 2754 satis
1945 2692 2032 2756 nou

536 2795 624 2884 sint
656 2791 712 2880 ad
745 2819 899 2880 rorum
921 2791 1221 2884 ordinationis
1245 2791 1418 2879 titulum
1443 2790 1783 2884 ellormnndum.
1808 2792 1895 2876 lam
1923 2821 2029 2878 vero

537 2917 621 3006 boc
652 2930 786 3004 scatet
820 2943 871 3002 ex
906 2913 1106 3004 doctrina
1141 2917 1361 3003 meosae
1394 2915 1436 3002 in
1472 2915 1598 3002 Cone.
1631 2913 1755 3001 Trid.
1781 2914 1886 3002 Sese.
1916 2912 2035 2998 XXI

538 3063 633 3155 cop.
661 3041 690 3126 2
722 3067 835 3139 nram.
863 3039 923 3126 36
944 3055 983 3126 et
1004 3041 1083 3139 37;
1105 3055 1146 3127 ct
1179 3037 1230 3126 tle
1261 3033 1397 3161 officio
1429 3055 1468 3126 et
1504 3052 1707 3156 potestate
1739 3037 1881 3153 Epire.
1918 3067 1965 3152 p.
2001 3035 2032 3125 2

540 3161 684 3279 Allcp.
708 3162 767 3250 ll)
800 3193 910 3248 num.
933 3164 1009 3266 73,
1049 3163 1124 3250 ubi
1159 3161 1218 3250 ait
1254 3199 1271 3238 ι
1312 3159 1366 3249 ad
1401 3161 1576 3250 ordines
1607 3191 1749 3249 sacros
1785 3160 1905 3248 illum
1943 3189 2032 3246 non

544 3328 562 3364 ι
602 3313 696 3374 osse
729 3285 1078 3390 admittendum,
1121 3281 1196 3404 qui
1230 3309 1329 3373 euru
1362 3282 1593 3373 sufficienti
1630 3285 1915 3401 patrimonio,
1955 3300 2034 3371 aut

545 3445 562 3486 r
602 3408 819 3497 beneticio
841 3425 1000 3511 carcat,
1024 3407 1228 3524 impetrat
1262 3409 1321 3495 ab
1354 3409 1493 3496 amico
1516 3407 1735 3509 cedulam,
1755 3409 1795 3495 in
1821 3438 1907 3526 qua
1929 3437 2033 3526 pro·

546 3569 565 3610 ι
606 3531 752 3630 mittit,
787 3559 833 3618 se
868 3531 926 3619 illi
963 3530 1202 3618 necessaria
1238 3527 1353 3618 vitae
1386 3531 1579 3620 subsidia
1615 3532 1965 3618 ministraturum
1989 3561 2027 3634 ²3

542 3667 661 3744 etex
692 3653 904 3742 sententia
937 3655 1034 3743 Soc.
1070 3653 1428 3770 congregationis
1463 3655 1505 3741 in
1546 3651 1791 3742 Florentino
1823 3655 1884 3741 28
1919 3651 2034 3738 lunii

542 3777 682 3864 ttut.
709 3779 821 3866 Cum
847 3775 964 3864 enim
1002 3779 1244 3894 lmperator
1266 3775 1434 3864 Clerico
1467 3776 1719 3866 Florentino
1751 3774 2033 3864 concessisset

542 3899 753 4015 Diplumu
784 3929 857 3986 seu
888 3893 1070 3986 Titulum
1097 3899 1259 3986 Meosne
1280 3929 1361 4018 pro
1383 3929 1460 3987 sun
1484 3901 1663 3988 honesta
1697 3899 2029 4002 sustentatione,

406 4097 409 4110 .
543 4043 774 4140 quousque
800 4022 1110 4138 provideretur
1142 4023 1199 4112 de
1238 4020 1467 4109 sufficienti
1517 4020 1749 4128 beneficio,
1791 4039 1834 4110 et
1868 4021 1911 4106 in
1945 4019 2030 4107 du-

543 4142 670 4231 bium
707 4157 959 4232 revocatum
996 4145 1143 4234 luisset
1182 4185 1198 4224 r
1242 4146 1310 4230 An
1343 4145 1512 4233 liciteet
1545 4143 1686 4232 aalide
1707 4142 1909 4232 ordinari
1929 4174 2025 4258 poa·

545 4267 601 4353 er't
630 4263 689 4354 od
724 4267 889 4353 titulum
927 4267 1065 4355 dietae
1087 4269 1246 4355 tllrnsue
1281 4307 1296 4342 ι
1330 4268 1493 4385 prodiit
1535 4268 1793 4383 rescriptum
1825 4319 1856 4336 -
1889 4265 2031 4382 Nepo-

546 4388 628 4475 tioe
658 4443 703 4475 -.
741 4389 858 4500 Quin
892 4421 1093 4508 regerere
1127 4393 1263 4480 lussit
1292 4390 1461 4508 praxim
1499 4390 1745 4478 llexicanne
1780 4388 2029 4507 provinciae

543 4509 768 4598 sullultum
806 4512 856 4598 iri
891 4513 1210 4602 consuetudine
1245 4514 1335 4602 lere
1369 4511 1725 4601 immemorabili.
1751 4512 1880 4626 Quod
1915 4511 2034 4597 enim

547 4647 697 4750 aperte
729 4651 880 4724 eontra
929 4635 1258 4754 dispositionem
1309 4635 1491 4724 Concilii
1534 4635 1780 4725 'tridentini
1834 4633 2034 4752 procedit

547 4757 802 4873 pracsertim
838 4757 882 4844 in
918 4789 966 4848 re
1008 4774 1097 4848 tum
1133 4758 1277 4876 grrrris
1312 4759 1557 4864 momenti,
1595 4760 1843 4876 corruptela
1883 4758 2027 4875 potius

546 4905 682 4998 quam
718 4877 914 4999 legitima
947 4883 1217 4970 consuetudo
1251 4881 1437 4970 dicunda
1473 4883 1599 4970 loret.

671 5001 735 5089 Ex
767 5004 903 5092 alteru
938 5033 1042 5092 vcro
1077 5019 1201 5122 prame
1249 5004 1356 5092 baec
1405 5005 1603 5093 adnotari
1640 5031 1764 5123 posse
1806 5004 2029 5093 ridentur.

545 5125 697 5214 Pranis
730 5153 845 5244 quae
881 5127 1022 5216 tribus
1056 5128 1216 5216 abhinc
1251 5127 1435 5215 sarculis
1470 5126 1511 5213 in
1538 5144 1625 5215 tota
1659 5127 1880 5216 lllcxicana
1903 5127 2036 5215 Diue-

548 5249 633 5336 eesi
668 5249 787 5368 viget
818 5249 1034 5339 adductae
1061 5253 1160 5342 Suc.
1197 5251 1378 5340 Concilii
1412 5251 1657 5338 Tridentini
1700 5251 1927 5340 doctrinae
1956 5279 2037 5365 op-

545 5370 688 5487 positu
725 5374 846 5461 nullo
873 5387 998 5490 pacto
1021 5373 1106 5462 dici
1143 5401 1269 5490 posse
1304 5372 1634 5463 vinciensem
1667 5371 1908 5462 Concilium
1943 5370 2037 5458 'l'ri-

543 5487 783 5583 (lentinum
816 5521 898 5615 per
927 5515 982 5585 tta
1003 5496 1266 5584 'terbaniltil
1290 5495 1408 5584 aliud
1435 5496 1616 5584 innuere
1634 5496 1799 5601 voluit,
1815 5497 1896 5586 uisi
1915 5491 2036 5616 quod
