4516 6318
486 289 579 382 l28
932 275 1014 364 Die
1049 273 1107 362 t5
1139 267 1362 360 Februarii
1396 266 1533 358 48⁷9.
1918 357 1920 362 ,

382 425 385 430 '
615 405 746 522 Quod
780 416 924 492 autem
959 400 1015 488 de
1048 394 1310 484 lllonialibus
1343 423 1393 482 ac
1425 391 1483 482 de
1514 391 1897 486 commensalibus
1920 405 1978 494 al-

488 536 654 636 firmat,
691 529 736 618 id
769 526 826 614 ad
859 523 1029 644 puellas
1052 533 1098 608 et
1119 519 1175 610 ad
1196 518 1301 608 alias
1325 545 1530 634 personas
1553 516 1728 605 extendi
1753 549 1880 634 posse
1901 559 1977 616 au.

490 671 647 760 tumat,
680 679 794 771 cquae
831 649 874 734 in
910 660 1128 736 conventu
1179 641 1402 730 ordinarie
1447 639 1613 754 degunt
1648 639 1798 758 ibique
1832 668 1982 760 postea

492 779 757 878 moriuntur,
796 771 965 860 ratione
998 767 1121 886 quasi
1156 763 1369 854 domicilii
1395 763 1561 852 ibidem
1585 765 1803 882 acquisiti.
1828 769 1907 859 Ait
1928 775 1982 862 si·

494 902 673 1024 quidem
719 894 838 1014 quod
878 891 1138 982 educandae
1187 885 1621 1006 praeterquamquod
1673 889 1984 1009 acquisiverint

495 1025 617 1146 quasi
653 1018 926 1111 domicilium
961 1016 1004 1102 in
1040 1012 1307 1102 monasterio
1359 1009 1577 1128 siquidem
1601 1009 1645 1098 in
1678 1040 1730 1099 eo
1765 1013 1984 1109 ordinarie

451 1199 452 1204 ι
495 1149 680 1265 degunt,
717 1159 761 1230 et
782 1137 1097 1238 aconlessario
1136 1135 1278 1251 depen
1316 1151 1390 1220 ent
1413 1147 1634 1250 tamquam
1661 1165 1685 1220 a
1709 1138 1886 1254 proprio
1910 1174 1985 1259 pa.

351 1321 353 1326 ·
497 1272 648 1371 rocho,
688 1295 825 1355 unum
861 1291 1016 1378 corpus
1051 1257 1215 1346 morale
1240 1258 1419 1374 insuper
1440 1289 1539 1345 cum
1566 1257 1829 1348 Menialibus
1851 1264 1981 1352 ellor-

496 1411 620 1482 mant
674 1415 918 1502 earumque
953 1382 1140 1502 proinde
1178 1381 1419 1498 privilegiis
1442 1379 1703 1497 participare
1734 1382 1916 1476 debent.
1939 1391 1984 1476 ln

497 1515 623 1605 euius
665 1513 725 1600 rei
764 1507 1144 1598 confirmationem
1192 1504 1371 1593 adducit
1418 1505 1719 1592 auctoritatem
1746 1509 1983 1616 Pelinnarii,

498 1643 574 1758 qui
599 1639 645 1724 in
668 1635 767 1722 Lib.
803 1634 866 1718 De
895 1627 1147 1718 Momalilrus
1165 1627 1339 1716 edition.
1368 1657 1456 1716 non
1472 1626 1681 1742 prohibit.
1707 1630 1757 1719 C.
1782 1630 1841 1719 ll)
1861 1636 1986 1750 puel-

500 1762 563 1850 las
596 1761 640 1846 in
677 1755 938 1846 monasterio
971 1751 1240 1842 educationis
1275 1783 1400 1840 causa
1434 1748 1643 1868 degentes
1681 1757 1988 1846 commensali-

497 1887 583 1974 bus
617 1895 841 1998 camparat
873 1877 930 1966 dc
963 1875 1125 1994 quibus
1150 1875 1227 1960 loc.
1265 1875 1338 1962 cit.
1375 1907 1418 1962 a.
1455 1873 1547 1961 233
1582 1874 1840 1982 tradiderat,
1867 1880 1989 1998 qaod

500 2001 885 2098 siCommensales
930 2014 1050 2086 extra
1097 2014 1363 2086 conventum
1396 1997 1572 2112 sepeliri
1616 1997 1819 2104 debent,
1858 2002 1985 2091 lunus

502 2159 592 2220 non
617 2160 640 2214 a
664 2123 852 2243 parocho
873 2121 950 2210 scd
975 2155 1000 2210 a
1022 2119 1267 2210 Monasterii
1291 2119 1551 2210 confessario
1575 2139 1641 2210 est
1663 2122 1934 2213 ducendam.
2027 2205 2029 2208 ,

626 2251 713 2336 Neo
759 2245 925 2364 aliquid
978 2247 1184 2332 lacessere
1234 2243 1467 2347 edisserit,
1526 2246 1693 2360 puellas
1741 2247 1990 2338 educandas

500 2369 730 2464 habendas
762 2400 854 2458 esse
891 2385 1098 2484 tamquam
1131 2365 1313 2483 hospites
1346 2367 1413 2454 uel
1442 2371 1756 2484 pereprinontes
1780 2372 1824 2457 in
1850 2403 1990 2462 rnonu·
2030 2357 2034 2375 ἴ

505 2495 652 2594 sterio;
687 2489 1054 2611 quandoquidem
1100 2491 1179 2580 etsi
1224 2490 1481 2582 educandae
1514 2489 1786 2582 domicilium
1823 2498 1864 2583 in
1899 2527 1989 2582 mo·

504 2617 695 2708 naslerio
729 2647 814 2703 non
851 2616 1033 2732 eligunt,
1064 2615 1124 2703 ibi
1150 2630 1293 2702 tamen
1328 2628 1507 2702 manent
1543 2647 1622 2731 per
1658 2633 1829 2734 tempus
1864 2631 1994 2707 nota-

502 2743 598 2832 bile
620 2755 663 2828 et
686 2739 742 2830 ad
765 2739 889 2859 quasi
913 2738 1186 2828 domicilium
1212 2738 1527 2856 acquirendum
1552 2755 1670 2826 certo
1693 2742 1850 2830 certius
1873 2739 1995 2830 sulfi-

506 2866 642 2961 ciens‚
663 2864 730 2951 cui
755 2879 1048 2950 annectuntur
1064 2861 1157 2950 iura
1177 2859 1455 2978 parochialia,
1472 2861 1527 2949 ad
1547 2861 1704 2950 tradita
1730 2894 1809 2981 per
1830 2869 1994 2982 Fagna-

507 3017 616 3080 num
641 2987 683 3074 in
707 2987 816 3101 Gap.
834 2985 1100 3107 Significavit
1122 2983 1173 3072 cle
1187 2983 1407 3100 parochiis
1430 3015 1542 3072 taum.
1569 2985 1628 3072 34
1651 2987 1726 3103 qui
1751 2988 1854 3075 uilril
1876 2984 1994 3075 aliud

502 3111 688 3228 requirit
723 3125 769 3197 ut
804 3109 900 3226 quis
936 3109 1226 3226 parochianus
1259 3108 1442 3198 alicuius
1459 3108 1674 3198 Ecclesiae
1706 3111 1880 3214 existat,
1911 3107 1990 3197 nisi

509 3250 559 3322 ut
590 3231 758 3322 ibidcm
792 3261 837 3320 se
873 3233 1142 3320 transtulerit
1174 3235 1232 3320 ob
1265 3261 1438 3322 causam
1472 3264 1584 3351 quae
1611 3233 1706 3322 talis
1740 3265 1827 3322 non
1861 3233 1914 3322 sit
1949 3247 1994 3320 ut

506 3356 642 3478 possit
675 3355 961 3472 probabiliter
1004 3387 1059 3442 ex
1091 3356 1380 3444 incontinenti
1412 3385 1596 3447 cessare.

630 3478 701 3567 Ad
735 3479 1057 3566 observantiam
1094 3481 1274 3597 posthac
1313 3478 1552 3570 deveniens
1590 3480 1885 3571 Conlessarius
1918 3478 1994 3566 de-

505 3620 750 3692 monstrare
785 3601 904 3692 idem
937 3601 1100 3706 studet,
1123 3603 1373 3692 huiusmodi
1407 3607 1732 3722 exemptionem
1768 3603 1994 3691 fulcimen-

510 3743 601 3816 tum
643 3726 807 3814 babere
842 3725 885 3814 in
929 3726 1219 3814 ducentorum
1255 3758 1472 3816 annorum
1508 3724 1839 3816 consuetudine.
1884 3729 1996 3818 Sane

505 3847 689 3938 affirmat
730 3848 1025 3940 Gonlcssarius
1071 3852 1194 3968 quod
1242 3883 1266 3938 a
1320 3851 1494 3940 duobus
1536 3851 1722 3940 saeculis
1767 3849 1823 3938 ad
1887 3851 1997 3937 hanc

511 4003 646 4088 usque
680 3971 800 4060 diem
833 3973 1109 4089 exemptione
1144 3975 1394 4090 plenissima
1415 3977 1538 4063 etiam
1571 3973 1710 4090 qrroad
1741 3974 1998 4088 sepulturam

508 4093 683 4184 realiter
717 4095 920 4182 lruuntur
953 4097 1151 4214 singulae
1184 4098 1343 4188 domus
1376 4098 1516 4187 dictae
1550 4096 1923 4216 Congregationis,
1951 4095 1994 4180 in

507 4217 670 4336 quibus
703 4217 997 4308 Conlessarius
1030 4251 1106 4308 seu
1129 4220 1389 4337 Capellanus
1414 4221 1613 4336 specialis
1635 4239 1698 4309 est
1721 4215 1993 4306 constitutus

509 4343 602 4440 lloc
635 4341 753 4428 enim
786 4341 1042 4430 verificatur
1073 4345 1337 4432 examussim
1367 4345 1410 4430 in
1433 4343 1627 4432 Familiis
1651 4341 1814 4445 Arricii,
1851 4338 1997 4431 Sancti

509 4464 644 4566 Flori,
670 4466 935 4556 Clormontis
967 4467 1011 4554 in
1058 4467 1283 4570 Alvernia,
1311 4466 1530 4586 Lugduni,
1553 4467 1685 4585 Burgi
1711 4467 1753 4552 in
1797 4459 1999 4552 Dioecesi

508 4585 771 4694 Relliciensi,
794 4587 912 4678 unde
946 4589 1026 4678 iste
1058 4607 1301 4680 conventus
1323 4591 1610 4680 virdunensis
1642 4595 1687 4681 S.
1715 4590 1869 4706 loseph
1895 4604 1995 4674 ante

509 4709 572 4801 24
606 4739 743 4800 annos
775 4713 979 4802 canonice
1001 4711 1198 4802 dellaxit.
1227 4717 1417 4802 Probata
1449 4729 1596 4803 autern
1619 4712 1868 4800 lmiusmodi
1904 4737 2003 4798 con-

511 4833 762 4939 suetudine,
790 4835 875 4926 iam
902 4835 1053 4952 liquet,
1075 4838 1378 4926 observantiae
1409 4837 1688 4928 centenariae
1717 4845 1886 4924 lanterna
1909 4832 2001 4920 vim
2092 4934 2094 4938 Α

512 4985 623 5056 esse,
651 4974 699 5044 ut
731 4957 1072 5058 immemorabili
1101 4962 1424 5080 aequiparetur,
1442 4979 1486 5052 et
1507 4963 1735 5050 meliorem
1761 4961 2000 5048 utiliorem·

510 5109 601 5198 que
636 5080 812 5171 titulum
847 5082 904 5171 de
944 5083 1108 5172 munde
1154 5085 1379 5202 praebent,
1415 5105 1465 5176 ut
1507 5085 1789 5204 privilegium
1823 5105 1999 5200 praesu·

441 5217 462 5244 ‘²
511 5233 634 5292 mere
662 5204 786 5296 saciat
818 5237 868 5296 ac
895 5237 973 5324 pro
1017 5207 1113 5325 lege
1144 5209 1381 5314 habeatur,
1416 5213 1663 5301 cui-omncs
1686 5209 1996 5320 obtemperare

511 5337 747 5431 tenentur,
785 5329 895 5418 adeo
927 5347 977 5418 ut
1010 5330 1244 5420 iustissima
1277 5331 1382 5420 iuris
1426 5333 1781 5452 praesumptione
1816 5323 1996 5414 retineri

512 5447 704 5556 debeat,
744 5455 863 5570 quod
898 5451 1118 5572 exemptio
1152 5455 1424 5562 istiusmodi,
1466 5471 1679 5576 quatenus
1712 5449 1919 5543 omnibus
1953 5457 1999 5534 et
