4516 6318
655 471 736 558 Dic
768 471 827 562 l5
860 469 1083 560 Februarii
1117 470 1254 562 t879.
1641 471 1702 562 99

226 638 240 672 ι
279 593 537 681 intervenoti
575 594 617 680 in
651 625 787 711 corpo
822 597 863 685 ia
902 594 1117 684 rocchetta
1151 627 1176 684 c
1208 609 1418 681 mametto
1453 591 1493 680 la
1526 593 1636 682 stola
1667 596 1700 685 sl

225 761 240 796 .
276 717 300 804 e
332 714 546 804 indossato
580 717 1013 808 dall’Ebdomudario
1046 717 1092 808 di
1126 715 1417 808 settimana...
1455 745 1588 804 enon
1614 713 1708 808 dol·

223 882 239 918 ι
277 839 528 928 l’Economo
566 841 837 957 provvisorio
876 886 916 930 ι.
954 841 1041 934 Sed
1075 842 1120 930 in
1152 841 1335 929 materia
1371 837 1707 958 praecedentiae

218 961 456 1052 attenditur
487 964 679 1054 locorum
728 964 996 1055 cousuetudo
1033 965 1101 1054 vel
1135 964 1256 1084 quasi
1292 959 1500 1080 possessio
1535 991 1708 1076 praece·

218 1083 364 1184 dendi3
401 1085 476 1205 qui
510 1086 630 1176 anim
664 1088 706 1174 in
743 1089 994 1176 huiusmodi
1035 1087 1303 1206 possessione
1343 1083 1576 1202 reperitur,
1616 1102 1705 1174 taru

221 1211 258 1296 iu
283 1209 632 1325 processionibus
656 1211 844 1327 publicis
865 1241 1000 1332 qoam
1026 1210 1222 1329 privatis,
1240 1207 1537 1327 appellatione
1563 1237 1707 1297 remo·

219 1351 272 1436 ta,
286 1330 549 1446 praecedere
582 1331 719 1423 debet
752 1364 805 1422 cx
838 1335 1021 1425 Constit.
1048 1333 1247 1452 Gregorii
1272 1333 1389 1432 Xlll,
1411 1359 1489 1418 cen
1515 1331 1701 1421 totidem

222 1451 362 1542 verbis
387 1453 519 1543 tradit
540 1456 754 1544 Aurouett.
775 1458 942 1548 luerit.
966 1489 1058 1574 cap.
1076 1457 1267 1547 t8.u.6.
1295 1457 1404 1545 Cum
1425 1473 1426 1476 ‘
1444 1453 1583 1570 igitur
1622 1485 1703 1572 pro

221 1574 575 1666 Hebdomadario
593 1581 936 1670 immemorabilis
953 1599 1034 1670 stct
1052 1578 1339 1680 cousuetudo,
1352 1573 1709 1666 concludendum

219 1729 308 1789 csse
332 1701 491 1817 pergit,
506 1702 623 1819 quod
646 1704 686 1788 iu
708 1703 937 1821 hypothesi
956 1705 1058 1794 licet
1076 1699 1414 1820 absurda,quod
1432 1703 1709 1790 oeconomos
1866 1771 1869 1777 -

221 1830 260 1910 in
285 1822 446 1912 iarael
471 1825 837 1940 praeeminentias
859 1827 1041 1916 Parocbi
1064 1823 1282 1928 succedat,
1305 1821 1621 1913 interveniente
1646 1839 1708 1912 ta-

221 1974 322 2034 men
356 1946 761 2036 Communistarom
796 1951 976 2068 collegio
1016 1951 1058 2037 ia
1101 1947 1448 2068 processionibus
1495 1943 1699 2062 publicis,

219 2087 259 2156 et
290 2069 558 2158 cadaverum
590 2073 889 2177 associatione,
941 2071 1298 2162 Hebdomodurio
1331 2087 1374 2158 et
1396 2069 1581 2156 minime
1625 2069 1706 2159 Pa·

226 2191 355 2280 rocho
387 2193 598 2310 competit
643 2194 706 2284 ius
740 2195 969 2286 deierandi
1013 2197 1168 2285 stolam
1202 2208 1246 2280 ct
1286 2192 1329 2278 in
1377 2191 1469 2280 loco
1513 2191 1705 2308 digniori

227 2314 478 2404 incedendi.
517 2318 575 2404 Eo
609 2318 678 2406 vel
712 2320 852 2436 magis
900 2319 1059 2422 tertio,
1111 2319 1216 2438 quia
1260 2315 1341 2404 boc
1375 2315 1441 2402 ius
1487 2343 1567 2432 per
1602 2315 1708 2403 tanti

223 2439 430 2554 temporis
463 2439 693 2530 decursum
746 2443 802 2530 ab
851 2440 1208 2532 lleltdomadario
1250 2437 1566 2558 ptruescriptnm
1612 2438 1713 2544 luit·

221 2590 318 2648 eom
352 2578 506 2650 natum
539 2563 594 2650 sit
625 2565 683 2654 ad
719 2565 1015 2656 inducendam
1040 2565 1430 2684 praescriptionem
1465 2561 1505 2648 iu
1533 2591 1706 2676 praeee-

221 2682 396 2772 dentiae
431 2688 611 2775 materia
645 2689 747 2776 satis
778 2721 870 2780 csse
913 2689 1200 2780 decennalem
1240 2683 1564 2775 observantium
1600 2699 1708 2772 teste

224 2806 419 2894 Ferraria
451 2808 566 2896 verb.
601 2811 902 2901 Praeccdrutia
935 2845 978 2901 u.
1015 2815 1093 2902 87.

375 2931 462 3018 Nec
497 2932 662 3049 pariter
697 2937 961 3054 Episcopum
994 2951 1150 3023 statuta
1184 2929 1586 3024 Communistarum
1627 2927 1710 3018 im·

220 3065 393 3141 mutare
427 3083 506 3170 pro
539 3055 679 3145 lubito
714 3089 836 3176 posse
869 3059 1095 3147 etintendit
1126 3060 1298 3158 Orator,
1325 3051 1706 3173 quemadmodum

226 3175 266 3262 in
301 3192 456 3292 quarto
491 3176 629 3268 dubio
662 3181 939 3302 proponitur.
978 3183 1072 3298 lpsa
1122 3181 1239 3270 enirn
1281 3177 1547 3266 roborantur
1578 3177 1709 3298 plns-

225 3327 358 3415 qnam
406 3299 597 3390 duorum
651 3304 923 3392 saeculorum
977 3303 1285 3408 observantia,
1314 3331 1427 3419 quoe
1487 3301 1580 3418 ipsa
1611 3316 1711 3390 cen·

226 3420 388 3510 lanaria
430 3424 582 3512 lartior
630 3444 711 3531 est,
749 3445 791 3516 et
835 3427 939 3516 llaec
985 3427 1096 3516 adco
1132 3424 1282 3516 efficax
1314 3422 1459 3511 existit
1493 3438 1581 3509 «ut
1612 3451 1712 3540 snp-

67 3645 68 3648 p
229 3585 245 3622 ι
284 3543 402 3662 pleat
450 3547 563 3636 vices
612 3551 806 3668 expressi
858 3549 1072 3669 privilegii
1124 3545 1377 3666 Apostolici,
1414 3575 1514 3634 cum
1557 3574 1609 3634 ea
1642 3575 1709 3634 so·

229 3707 244 3742 ι
286 3671 326 3754 la
365 3669 576 3758 nominali
626 3671 902 3774 differentia,
940 3703 1052 3794 qaae
1100 3672 1213 3761 inest
1267 3671 1380 3760 iuter
1433 3665 1612 3756 tacitum
1661 3682 1708 3756 et

229 3830 245 3868 ι
283 3819 540 3908 expressum
578 3835 595 3872 ι
635 3795 741 3885 llota
772 3829 861 3884 ear.
897 3795 1089 3883 Ausaldo
1121 3793 1209 3884 dec.
1246 3794 1356 3884 546.
1391 3824 1435 3880 a.
1474 3791 1550 3880 ll.
1596 3793 1709 3882 com

226 3913 354 4032 igitur
386 3914 429 4002 in
465 3917 663 4036 Episcopi
697 3919 898 4009 lacultatc
931 3949 1018 4009 noo
1068 3917 1122 4007 sit
1167 3915 1389 4008 moderari
1444 3931 1604 4004 statuta
1637 3943 1712 4002 ex·

67 4127 68 4148 p
228 4065 372 4152 presso
395 4039 645 4154 Apostolico
669 4043 897 4162 privilegio
920 4041 1194 4144 confirmata,
1221 4039 1461 4132 dicendum
1481 4055 1562 4141 cst,
1588 4037 1708 4156 qood

67 4161 69 4200 ²
229 4189 372 4278 neque
407 4161 638 4254 moderere
672 4169 789 4256 valet
824 4165 897 4255 illa
930 4195 1043 4288 qnae
1076 4165 1328 4254 innituntur
1361 4161 1490 4252 tacito
1522 4160 1711 4282 privile-

67 4371 68 4388 Ν
228 4281 298 4402 gio
329 4285 535 4404 Suprcmi
570 4289 795 4410 Principis,
832 4291 952 4411 qood
985 4319 1188 4407 expresso
1221 4285 1536 4406 aequiparatur
1567 4315 1622 4372 cx
1655 4283 1706 4370 t.

67 4439 68 4520 ξ
228 4406 330 4494 Cam
362 4407 468 4522 quid
497 4407 548 4531 ff.
586 4409 695 4534 §Si
726 4429 826 4502 cert.
861 4429 949 4531 pet.
1324 4411 1332 4422 ⁸

67 4523 68 4556 ¹
349 4530 586 4622 Contendit
619 4534 663 4622 in
696 4536 851 4655 quinto
883 4535 1021 4626 dubio
1044 4533 1257 4655 pecuniae
1289 4559 1523 4636 summam,
1549 4557 1713 4649 quaes

230 4653 551 4746 Communitate
574 4659 786 4748 blacarcni
811 4659 1080 4750 decimarum
1104 4657 1199 4746 loco
1221 4653 1481 4776 rependitur
1503 4653 1558 4742 ad
1581 4656 1714 4742 Com-

231 4775 444 4866 munistas
475 4797 685 4896 spectare.
711 4782 937 4906 Siquidem
971 4813 1027 4872 cx
1060 4782 1155 4899 lege
1188 4777 1470 4882 laudationis,
1492 4777 1589 4866 tutti
1613 4775 1714 4864 t'iu-

231 4899 349 4987 troili
380 4900 509 5020 srrttti
541 4937 563 4992 e
593 4907 787 5021 promati
817 4905 888 4994 aet
918 4937 991 4994 mm
1024 4905 1217 5028 berrefirio
1249 4917 1394 4992 curato
1420 4898 1711 4993 Communiae

235 5019 469 5131 debentur,
505 5027 697 5146 exceptis
745 5027 898 5120 unceis
933 5030 995 5118 40
1032 5028 1226 5117 Parocbo
1267 5057 1344 5146 pro
1387 5054 1579 5143 congrua
1621 5019 1718 5109 sot·

233 5145 526 5236 vendislilleri
554 5149 607 5238 ed
638 5151 820 5268 capediti
850 5149 907 5240 da
939 5153 1039 5270 oqui
1071 5153 1293 5267 appraoio.
1329 5150 1456 5261 Quae
1489 5147 1603 5235 inter
1635 5143 1712 5234 de·

234 5267 364 5359 cimas
395 5273 693 5364 numerandas
725 5307 819 5364 esse
865 5291 1017 5394 aperte
1069 5275 1232 5364 clarere
1265 5270 1466 5374 dicitas
1501 5267 1551 5357 iis
1588 5297 1706 5387 quae

67 5475 68 5500 p
234 5389 408 5496 inlerius
429 5396 636 5515 leguntur
656 5399 741 5488 snb
763 5398 888 5488 titulo
922 5393 1070 5524 Officio
1104 5394 1174 5484 aet
1210 5395 1388 5484 llacstro
1411 5391 1460 5481 di
1481 5393 1705 5489 Comama,

67 5515 69 5596 l
235 5510 277 5601 in
309 5547 397 5636 qno
428 5517 617 5612 habetur
647 5523 856 5614 eamdem
890 5521 1027 5612 teneri
1058 5551 1180 5609 acere
1204 5515 1467 5638 particulare
1498 5528 1599 5605 cara
1622 5513 1716 5602 aa·

239 5631 455 5758 t'uiamm
486 5643 608 5764 quale
638 5645 763 5736 abbia
794 5679 821 5734 a
851 5675 1098 5766 consequare
1138 5643 1185 5734 al
1222 5641 1418 5733 tatoriera
1458 5638 1578 5730 della
1623 5637 1713 5731 Ga·-
