4460 6332
513 395 607 485 458
939 387 1021 476 Dic
1053 387 1114 474 20
1145 379 1395 501 Septembris
1431 383 1567 474 t879.

389 623 392 632 f
519 559 536 598 ι
579 533 649 606 tur
680 546 735 606 ex
763 509 924 601 notulis
957 509 1173 599 librorum
1222 506 1574 627 parochialium:
1611 519 1655 592 et
1688 505 1774 596 tale
1810 505 2028 626 impedi-

518 683 534 718 ·
578 655 774 728 mentum
811 635 979 724 nullam
1028 631 1268 722 obtinuisse
1309 661 1364 718 ex
1412 630 1608 750 legitima
1641 631 1899 720 auctoritate
1936 631 2024 722 di-

517 805 534 844 «
574 761 915 878 sponsationem,
954 773 999 846 ut
1033 755 1148 845 clare
1182 755 1396 874 probatur
1418 785 1471 842 cx
1494 751 1774 844 attestatione
1798 757 2027 874 negativa

519 928 535 964 α
575 883 676 973 data
712 915 735 971 a
771 885 826 970 ll.
854 879 984 974 Curia
1018 877 1225 996 Archiep.
1264 876 1594 996 lllouregalcnsi.

1239 1125 1290 1214 ll.

638 1375 738 1460 Duo
774 1373 905 1491 igitur
939 1389 1062 1461 erant
1095 1369 1472 1460 demonstranda:
1509 1371 1702 1490 primum
1728 1385 1928 1459 constare
1954 1370 2023 1460 de

513 1495 739 1588 affinitate:
777 1496 981 1598 alterum,
1021 1493 1140 1583 nulla
1175 1523 1369 1614 uuquam
1405 1509 1466 1582 tot
1490 1493 1617 1582 annis
1650 1491 1780 1580 luisse
1813 1491 2021 1609 legitima

519 1619 775 1710 auctoritate
808 1617 1063 1708 huiusmodi
1099 1617 1470 1736 impedimentum
1506 1615 1748 1705 sublatum.

521 1769 569 1824 ··o
647 1745 708 1830 Ac
744 1741 935 1860 primum
955 1741 1141 1860 quidem
1167 1755 1334 1830 constat
1357 1771 1412 1829 ex
1446 1739 1708 1828 authenticis
1749 1739 1929 1840 tabulis,
1972 1741 2021 1827 h.

518 1895 559 1954 e.
597 1895 652 1952 ex
696 1864 853 1968 libris,
902 1865 978 1982 qui
1028 1879 1257 1953 servantur
1301 1863 1344 1952 in
1387 1863 1575 1952 Ecclesia
1625 1861 1861 1980 parochiali
1901 1865 2022 1950 Bur-

516 1987 638 2108 getti‚
676 2019 732 2076 ex
765 1987 930 2107 quihus
951 1987 1032 2076 hoc
1056 1987 1336 2106 perspicuum
1360 1987 1533 2076 schema
1557 1984 1889 2106 genealogicum
1909 2017 2020 2074 con·

518 2109 678 2199 ficitur.

552 2309 555 2318 »
663 2393 665 2400 ’
799 2325 1046 2469 Stephanus
1081 2351 1236 2472 Grippi
1274 2370 1317 2440 et
1350 2357 1477 2444 Auria
1508 2352 1731 2442 Bucarella

816 2753 871 2804 Γ-.

819 2821 824 2909 Ι

561 3015 591 3027 ,Α
819 2917 825 3038 l

716 3045 916 3138 Nicolaus
1513 3047 1750 3138 tlasimirns

530 3147 548 3252 s
572 3247 575 3254 Δ
600 3163 657 3286 (et
676 3168 855 3290 losepha
888 3173 1059 3288 Bappo)
1394 3168 1451 3288 (et
1473 3169 1667 3411 Βανόαῖα
1689 3170 1858 3291 Bappo)

1628 3417 1636 3539 ι

604 3527 836 3654 Stephanus
871 3541 1055 3659 (iunior)
1353 3541 1565 3646 Salvator,
1592 3539 1684 3660 qui,
1706 3541 1910 3630 defuncto

528 3739 545 3786 :-
584 3661 661 3780 qui
685 3661 771 3750 sibi
792 3664 1074 3752 matrimonio
1413 3665 1639 3784 Stephano
1662 3663 1851 3764 iuniore,

719 3786 942 3902 copulavit
1380 3817 1478 3876 cum
1508 3789 1606 3876 ead.
1637 3787 1874 3876 Petrouilla

531 3905 836 4026 ‚Retroaillam
864 3909 1128 4026 Conpiolosi.
1341 3911 1670 4000 matrimonium
1694 3911 1927 3999 contraxit.

650 4303 809 4406 Patet,
848 4335 999 4394 omnes
1032 4307 1136 4396 istos
1167 4307 1377 4424 Stephani
1414 4307 1594 4397 iunioris
1638 4307 2001 4424 consanguineos,

424 4473 426 4478 ·
525 4423 740 4518 cxrhuius
773 4429 1056 4518 matrimonio
1089 4461 1188 4518 cnm
1223 4431 1475 4534 Petronilla,
1513 4421 1645 4520 iactos
1679 4461 1773 4520 esse
1794 4429 2005 4519 Petronil-

521 4545 590 4640 tae
615 4545 787 4638 affines.
824 4552 934 4640 Hinc
978 4553 1309 4642 matrimonium
1347 4555 1474 4642 huius
1523 4583 1623 4642 cum
1663 4553 1885 4644 Salvatore
1918 4583 2004 4640 nou

525 4671 721 4788 potuisse
754 4674 1015 4766 consistere:
1052 4691 1096 4765 et
1141 4677 1252 4765 lorte
1294 4707 1349 4763 ex
1395 4676 1563 4794 duplici
1613 4677 1770 4796 capite;
1820 4707 1919 4767 cum
1954 4675 2019 4762 vi·

526 4789 656 4884 mum
699 4797 981 4913 cognomines
1016 4797 1145 4888 luisse
1177 4798 1307 4886 etiam
1342 4797 1503 4888 malres
1546 4801 1756 4917 Stephani
1790 4817 1834 4890 ct
1865 4800 2014 4893 Salva·

529 4915 667 5006 tucis:
704 4949 760 5006 an
797 4951 901 5008 vero
935 4951 990 5010 ex
1023 4921 1179 5012 eadem
1224 4923 1482 5040 cognatione
1528 4922 1704 5030 luerint,
1748 4925 2012 5014 documenta

526 5039 823 5130 uoudocent.

528 5217 548 5230 -
570 5208 587 5252 a
646 5163 801 5254 Paucis
835 5165 1038 5256 adiiciam
1072 5185 1334 5286 excerptae
1367 5169 1672 5259 documentis:

648 5287 692 5410 a)
728 5289 790 5374 Ex
827 5287 939 5376 libro
973 5291 1032 5379 Vl
1054 5291 1374 5380 matrimonior.
1402 5295 1515 5383 Eccl.
1542 5295 1732 5385 matricis
1754 5313 1867 5384 terra
1899 5295 2007 5380 Bur·

523 5409 650 5529 gelli,
688 5408 764 5498 iol.
802 5411 910 5500 228.
954 5415 1132 5504 «Anno
1162 5417 1220 5502 D.
1249 5413 1385 5522 t8t8,
1421 5417 1736 5523 diensium,
1775 5415 2010 5508 denuncia-

523 5533 718 5622 tionibns
749 5549 834 5624 ctc.
870 5535 1084 5628 Sacerdos
1117 5539 1174 5626 D.
1212 5539 1394 5632 Sanctus
1426 5539 1625 5659 Migliore
1667 5559 1752 5633 etc.
1789 5543 1846 5633 de
1879 5541 2010 5629 licen·
