4446 6330
635 284 718 372 Die
749 284 810 372 25
842 281 1036 372 Ianuarii
1069 282 1087 368 l
1097 227 1206 372 879⁸
1601 227 1661 374 li?

184 407 383 498 millibus
416 410 492 528 qui
530 407 639 496 inibi
681 423 1010 496 commorantur
1059 405 1114 494 ad
1154 403 1472 494 haereticorum
1507 413 1669 498 sectam

185 532 403 620 transivit.
440 532 649 646 Quinimo
683 530 915 618 nonnullos
950 527 1074 618 addit
1108 527 1164 616 ad
1197 525 1572 634 Catholicismum,
1593 533 1672 621 ab·

183 654 333 743 iuratis
366 655 608 756 erroribus,
644 683 875 742 conversos
908 653 1038 742 luisse
1075 668 1182 739 teste
1215 650 1320 792 ipso
1343 649 1672 744 Paracho.«1n

184 791 282 864 cette
309 779 412 864 aaut
453 810 497 864 so
536 776 584 863 di
617 775 778 862 diuerso
814 775 885 862 che
910 775 966 862 do
992 776 1244 888 protestanti
1281 773 1320 860 si
1355 773 1492 894 fecero
1530 773 1673 865 Catto-

186 896 290 1002 tici,
318 931 386 986 mo
419 932 500 987 noa
515 931 558 986 so
575 897 623 984 di
645 930 699 985 aa
722 897 810 984 solo
833 895 1000 986 chadal
1032 896 1319 984 Cattoh'cismo
1342 895 1407 982 sio
1432 915 1605 1010 possete
1629 900 1676 988 al

179 1025 545 1138 protestantismo,·
570 1061 587 1100 ι
613 1021 662 1108 2⁰
683 1050 762 1108 nec
779 1019 822 1106 in
849 1033 1062 1139 potestate
1086 1019 1262 1136 parochi
1283 1047 1362 1107 uec
1383 1017 1566 1108 arbitrio
1592 1027 1673 1110 hr-

182 1143 447 1262 chiepiscopi
483 1145 721 1260 repositum
756 1153 864 1244 esse,
889 1161 935 1230 ut
970 1142 1012 1229 iu
1047 1141 1390 1258 praesentiarum
1430 1141 1594 1258 templa
1630 1164 1674 1234 et

181 1265 354 1355 scholae
389 1265 721 1383 protestantium
759 1265 1073 1382 impediantur.
1109 1263 1239 1376 Quod
1278 1265 1314 1352 si
1360 1265 1402 1350 in
1452 1265 1672 1356 territorio

182 1389 350 1476 multae
376 1389 648 1504 alienigenae
667 1389 1000 1505 protestantium
1018 1385 1211 1474 familiae
1226 1401 1567 1493 commorantur,
1590 1390 1670 1478 hoc

182 1509 353 1598 elatiori
398 1529 441 1598 et
478 1510 706 1598 salubriori
751 1510 912 1598 climati
966 1508 1299 1598 attribuendum
1337 1508 1459 1596 dicit.
1500 1509 1586 1598 Nec
1618 1513 1674 1600 ex'

182 1661 337 1719 eorum
377 1650 500 1750 parte
529 1632 772 1749 periculum
809 1631 987 1750 aliquod
1019 1631 1228 1722 Catholici
1263 1631 1515 1749 patiuntur,·
1541 1634 1673 1750 quip-

182 1784 238 1870 pe
268 1755 350 1873 qui
381 1756 452 1843 vel
491 1753 592 1870 ipsis
625 1755 855 1844 Catholicis
889 1753 1138 1842 domesticis
1162 1785 1247 1842 uon
1274 1753 1537 1872 impediunt,
1564 1787 1672 1874 quo·

182 1875 329 1965 minus
362 1877 563 1995 religiosa
598 1875 733 1966 officia
767 1875 1058 1995 adimpleant.

309 1999 499 2088 Adhaec
519 1999 672 2086 subdit
692 1999 907 2090 inutiliter
925 1998 1095 2117 exquiri
1119 1999 1176 2086 ab
1188 1997 1421 2088 Ordinario
1436 2002 1537 2090 utiu
1557 2001 1673 2092 hisce

182 2121 285 2208 locis
305 2140 503 2210 centrum
517 2122 628 2208 boui
650 2120 950 2209 constituatur.
973 2123 1171 2234 Quatuor
1199 2121 1418 2238 siquidem
1455 2124 1516 2212 ihi
1535 2125 1675 2213 Eccle-

180 2243 269 2332 siae
288 2245 496 2332 existuut.
515 2243 709 2332 l⁰Adest
722 2245 908 2332 Ecclesia
921 2243 1227 2332 immaculatae
1241 2243 1316 2330 ubi
1330 2245 1400 2334 die
1417 2247 1674 2336 Dominicae

181 2367 353 2454 iteratis
369 2367 538 2454 vicibus
555 2367 838 2484 Evangelium
872 2366 1127 2485 explicatur,
1149 2397 1349 2484 quaeque
1371 2369 1525 2457 ceteris
1547 2369 1673 2486 spiri·

181 2487 380 2576 tualibus
393 2489 608 2592 abundate
623 2491 672 2576 2⁰
688 2521 824 2608 prope
839 2488 954 2576 viam
968 2491 1180 2576 Assorotti
1197 2489 1387 2576 existunt
1401 2493 1549 2579 Patres
1568 2495 1673 2580 Rar-

179 2611 361 2700 nabitae
395 2612 469 2729 qui
505 2613 562 2700 ab
594 2613 777 2730 antiqua
809 2611 1127 2700 consuetudine
1159 2610 1316 2700 diebus
1340 2613 1571 2702 dominicis
1595 2643 1671 2702 ex·

178 2734 345 2852 plicant
378 2735 677 2852 Evangelium,
716 2752 759 2822 et
794 2739 985 2853 Vespere
1018 2733 1260 2822 doctrinam
1286 2734 1563 2824 christianam
1588 2747 1673 2823 tra-

179 2856 295 2944 dunt
328 2858 479 2974 pueris
512 2875 554 2944 et
588 2857 763 2962 adultis,
807 2875 938 2976 atque
972 2857 1014 2944 in
1046 2856 1218 2946 casibus
1264 2859 1587 2976 urgentioribus
1610 2859 1674 2945 in·

182 2977 325 3066 firmis
359 2996 556 3066 extrema
590 2995 858 3068 sacramenta
892 2979 1214 3082 administraut;
1253 2978 1300 3066 3⁰
1327 2984 1373 3068 ln
1414 2978 1567 3069 iisdem
1606 2979 1669 3066 lo-

179 3101 236 3189 cis
271 3101 459 3189 habetur
492 3102 680 3192 Ecclesia
716 3105 800 3190 PP.
837 3101 1215 3222 Cappuccinorum
1250 3133 1363 3220 quae
1402 3137 1426 3190 a
1460 3101 1671 3191 fidelibus

179 3221 488 3342 frequentatur
531 3241 575 3312 et
608 3223 865 3316 Confessarii
914 3223 1085 3312 assidue
1124 3226 1485 3318 sacramentalem
1521 3224 1674 3342 poeui-

179 3345 364 3434 teutiam
400 3345 724 3453 administraut3
779 3349 827 3436 lr⁰
863 3347 915 3434 ad
961 3344 1146 3434 confinia
1189 3347 1363 3464 exurgit
1411 3345 1671 3437 eorumdem

181 3469 565 3588 Cappuccinorum
601 3471 850 3588 templum,
880 3469 957 3558 ubi
994 3467 1111 3557 cultu
1145 3467 1298 3558 divino
1317 3472 1418 3560 satis
1450 3501 1670 3588 superque

181 3589 461 3708 providetur,
502 3608 544 3680 et
577 3595 619 3680 io
667 3593 840 3682 adnexo
888 3605 1106 3680 conventu
1155 3589 1376 3680 sexdecim
1422 3591 1673 3682 sacerdotes

185 3731 536 3801 commorantur.
571 3717 802 3806 Praeterea
851 3747 875 3802 a
920 3731 1041 3832 tergo
1076 3713 1227 3830 templi
1254 3715 1538 3804 Valdensium
1572 3727 1674 3800 suut

178 3837 438 3924 constitutae
469 3837 640 3928 scholae
672 3871 696 3927 a
731 3837 1033 3926 Marchionissa
1067 3839 1279 3940 Dumana,
1317 3869 1430 3958 quae
1469 3871 1492 3926 a
1527 3835 1663 3952 pluri·

181 3958 262 4046 mis
296 3958 629 4079 frequentantur
664 3961 833 4080 puellis,
870 3991 1068 4048 necnon
1105 3961 1235 4047 binae
1267 3959 1376 4049 aliae
1408 3959 1665 4047 scholaesi·

180 4093 248 4168 tae
280 4111 421 4199 pcope
453 4081 571 4169 viam
616 4084 859 4170 Assorotti:
906 4083 1021 4170 uude
1064 4081 1284 4170 concludit
1326 4081 1499 4171 veritati
1550 4077 1670 4169 haud
1800 4071 1812 4092 ⁹

181 4232 272 4292 esse
305 4233 542 4292 consonum
578 4205 745 4323 quod
733 4237 777 4293 m
811 4205 928 4304 hisce
962 4203 1065 4294 locis
1098 4203 1356 4293 christianae
1395 4203 1669 4294 educationis

181 4325 327 4414 media
360 4325 583 4433 deficiant,
619 4359 732 4445 quae
765 4329 898 4418 etiam
920 4345 1126 4419 manente
1162 4326 1389 4444 paroeciae
1422 4326 1671 4444 integritate

182 4448 464 4568 multiplicari
502 4449 662 4538 valent.

308 4571 463 4685 Quoad
516 4571 688 4660 tertiam
738 4603 913 4662 causam
965 4529 1279 4662 animadvertit
1321 4571 1478 4662 Orator
1509 4597 1673 4656 nume-

182 4723 277 4780 rum
313 4696 551 4814 exagerari,
588 4726 687 4784 cum
730 4711 865 4784 status
909 4693 1155 4785 animarum
1194 4693 1267 4780 vix
1303 4709 1479 4811 superet
1512 4689 1675 4780 sexde-

182 4816 266 4904 cim
299 4818 439 4921 mille,
477 4849 685 4906 uumerus
717 4849 822 4906 vero
863 4842 1077 4958 uusqpam
1122 4817 1343 4906 constituit
1387 4843 1558 4904 causam
1593 4845 1674 4903 ca-

64 4944 68 4954 '
185 4939 386 5028 nonicam
435 4939 815 5044 dismembrandi,
850 4940 993 5057 prouti
1029 4921 1147 5030 idem
1182 4939 1320 5028 lerme
1346 4969 1555 5027 numerus
1581 4965 1669 5024 uon

183 5049 325 5164 officit,
349 5063 586 5181 quominus
601 5064 803 5154 Paroeera
821 5063 867 5153 S
891 5064 1006 5150 Petri
1026 5062 1082 5151 de
1097 5063 1298 5150 Arenata
1321 5092 1399 5150 sua
1419 5059 1667 5178 integritate

187 5205 454 5298 permaneat.
494 5189 721 5274 Praeterea
744 5185 943 5305 quamvis
966 5185 1036 5273 hic
1053 5189 1218 5274 Romae
1238 5211 1442 5271 uumerus
1465 5182 1667 5270 habitau-

188 5304 297 5396 tium
331 5340 469 5426 prope
501 5311 675 5398 Portam
711 5309 834 5398 Pium
866 5324 1018 5398 auctus
1051 5309 1122 5412 sit,
1150 5305 1272 5395 novis
1305 5305 1418 5393 iutra
1457 5305 1565 5394 fines
1596 5333 1668 5392 ve·
