4516 6318
718 397 800 485 Dio
832 394 890 485 ta
924 385 1077 484 llarttt
1112 395 1248 486 latta.
1631 399 1722 491 tra
1838 407 1847 418 '

234 541 312 626 tet,
337 522 440 641 quia
476 537 567 638 post
604 520 937 608 matrimonium
963 519 1048 607 iam
1075 519 1155 608 rite
1187 535 1570 625 contractum,ccu
1607 519 1731 615 lubet
1865 565 1871 576 ·

230 649 276 740 S⁶
305 645 664 746 Poenitcntiaria,
685 645 910 762 agentium
946 643 1129 732 intentio
1165 642 1353 733 iterandi
1387 655 1542 734 rerum
1579 651 1729 734 matri·

231 770 432 858 monium
471 783 614 886 posset
655 769 800 884 potios
840 766 1081 854 latuitotem
1116 797 1294 882 sapere,
1332 797 1465 886 apuam
1503 767 1733 860 matrimo-

230 894 352 980 nium
379 891 699 980 clandestinum
723 891 1002 978 constituere.
1027 889 1238 980 Ecclesiae
1265 889 1396 1008 igitur
1418 889 1729 1006 dispositiones

230 1017 414 1134 eiusque
448 1013 606 1132 agendi
643 1015 752 1101 ratio
786 1013 1023 1103 excludere
1058 1014 1264 1103 videntur
1296 1013 1554 1105 clandestini
1588 1015 1726 1132 quali-

230 1156 366 1228 tatem
401 1135 756 1254 independenter
789 1169 812 1224 a
847 1165 1131 1255 quacumque
1164 1139 1391 1256 agentium
1427 1137 1686 1229 intentione.

358 1261 496 1380 ldqoc
529 1289 583 1346 ex
618 1289 669 1346 eo
705 1261 997 1377 repetendum
1023 1261 1164 1349 lorsan
1200 1279 1284 1364 est,
1310 1262 1431 1378 qood
1468 1291 1565 1348 cnm
1601 1293 1734 1380 quae-

231 1383 358 1488 ritur,
381 1415 436 1472 an
474 1383 799 1471 matrimonium
829 1383 957 1472 civile
989 1384 1255 1502 praeseferat
1286 1384 1506 1500 sponsalia
1530 1386 1597 1472 vel
1635 1415 1727 1474 ma-

233 1508 490 1595 trimonium
514 1506 853 1609 clandestinum,-
873 1507 930 1595 ita
959 1523 1005 1595 ut
1039 1507 1409 1625 impedimentum
1438 1505 1578 1627 pariat
1602 1506 1726 1597 losti-

232 1631 318 1718 tiae
352 1631 555 1750 publicae
595 1630 857 1733 honestatis,
895 1629 1161 1718 considerari
1203 1631 1355 1748 nequit
1395 1631 1728 1720 matrimonium

231 1753 362 1843 civile
396 1769 619 1872 tamquam
654 1767 772 1841 actos
805 1755 1022 1842 humanus
1056 1782 1104 1840 ac
1148 1754 1354 1856 moralis,
1390 1753 1468 1842 se'd
1507 1769 1730 1873 tamquam

232 1893 352 1966 actus
384 1877 533 1966 stricte
556 1875 777 1978 ioridieus,
799 1876 874 1996 qui
910 1875 1073 1965 nedum
1110 1869 1341 1966 iuridicam
1380 1877 1573 1967 indolem
1598 1878 1734 1966 eccle·-

232 2001 449 2090 siasticam
473 1999 742 2118 sponsalium
767 2016 811 2087 ct
846 1999 1115 2088 matrimonii
1149 1998 1410 2090 clandestini
1445 1999 1632 2089 induere
1655 2021 1732 2089 va-

232 2123 335 2228 leat',
357 2122 434 2213 sed
457 2126 590 2212 etiam
605 2111 817 2212 'ellectum
841 2123 1087 2243 producere
1121 2155 1244 2213 mere
1266 2123 1513 2222 iuridicom,
1541 2123 1732 2242 impedi·-

234 2265 432 2335 mentum
457 2245 634 2349 scilicet,
656 2246 774 2365 qood
798 2249 855 2334 ab
879 2278 965 2335 ono
990 2249 1081 2335 iore
1105 2247 1291 2366 positivo
1320 2248 1607 2338 ecclesiastico
1631 2273 1733 2366 praa

233 2369 366 2458 cedit.
386 2373 584 2458 lamvern
608 2370 788 2458 iuridica
811 2369 993 2458 alicuius
1014 2389 1134 2460 aetus
1156 2371 1324 2460 indoles
1346 2372 1529 2492 eiusque
1551 2371 1731 2460 elicitos

233 2522 321 2582 non
345 2524 370 2581 a
396 2493 579 2581 naturali
600 2511 721 2582 actus
737 2493 1020 2612 dispositione
1038 2495 1108 2583 vel
1127 2495 1347 2612 agentium
1377 2495 1638 2599 intentione,
1654 2492 1732 2583 sed

236 2649 261 2706 a
285 2617 381 2735 lege
399 2619 899 2735 promanat.lleceptom
919 2615 1087 2736 quippe
1110 2633 1174 2706 est
1197 2619 1240 2706 in
1263 2619 1357 2706 iore
1383 2635 1475 2707 tum
1497 2617 1612 2706 civili
1639 2633 1732 2704 tom

234 2740 539 2841 ecclesiastico,
562 2740 681 2857 quod
704 2757 827 2829 actos
849 2741 1118 2860 quicumque
1143 2743 1211 2830 vel
1247 2757 1508 2846 contractos,
1530 2741 1606 2860 qui
1639 2739 1733 2827 iure

232 2881 417 2952 naturae
449 2863 681 2950 indubiam
717 2863 968 2952 firmitatem
1004 2863 1238 2968 baberent,
1277 2865 1467 2953 humana
1503 2867 1598 2981 lege
1641 2877 1727 2951 noo

232 2985 465 3076 sustentari
501 2984 569 3072 vel
604 2987 739 3075 etiam
772 2987 947 3105 inlriogi
982 3003 1179 3105 possunt,
1207 2988 1268 3075 ita
1293 3005 1339 3075 ut
1371 2988 1515 3076 omnis
1547 2985 1732 3075 iulldica

234 3110 374 3199 virtus
398 3109 503 3226 ipsis
524 3107 788 3228 denegetur,
805 3110 876 3198 vel
898 3109 1135 3213 adimatur,
1156 3137 1207 3199 ac
1228 3110 1415 3229 proinde
1436 3111 1596 3228 quovis
1617 3109 1733 3198 cirili

233 3234 303 3320 vel
327 3231 620 3320 ecclesiastico
642 3233 799 3322 ellectu
823 3252 1014 3341 careant.
1036 3236 1212 3322 Frustra
1243 3235 1423 3324 huiusce
1443 3237 1504 3323 rei
1529 3233 1737 3352 exernpla

236 3371 728 3474 congenerantur,qoae
761 3357 806 3443 in
840 3373 1027 3476 atroque
1059 3357 1158 3446 lure
1186 3359 1391 3447 mallibus
1413 3355 1554 3476 plenis
1577 3355 1723 3475 colligi

238 3498 431 3596 possent.
1066 3495 1071 3504 '
1355 3577 1356 3582 Ν

258 3610 263 3618 ’
362 3605 623 3727 Exemplum
657 3603 734 3690 sod
771 3618 876 3692 veto
909 3605 1097 3692 occurrit
1121 3604 1167 3691 in
1189 3603 1294 3723 ipso
1330 3603 1627 3705 matrimonio,
1654 3626 1736 3692 stt-⁴

237 3723 302 3812 ios
339 3729 554 3817 naturalis
600 3741 844 3815 contractas
889 3720 1053 3814 nullitrs
1097 3727 1269 3815 roboris
1317 3726 1521 3816 redditur
1563 3727 1621 3814 ab
1647 3725 1740 3833 tto-

236 3847 364 3936 clesia
399 3853 573 3970 quoties
606 3848 820 3940 dirimens
839 3849 1212 3967 impedimentum
1237 3849 1385 3940 eidem
1408 3849 1630 3954 adiicitur.
1656 3845 1729 3940 Ad

238 3991 336 4058 rem
383 3975 614 4092 Fagnanos
657 3975 802 4092 qaroad
855 3973 1228 4092 impedimentum
1275 3971 1648 4062 clandestinitatls
1690 3972 1741 4058 in

238 4109 331 4210 dap.
354 4088 481 4207 and
496 4098 612 4185 cotta
631 4091 837 4184 Decladd.
859 4095 1096 4213 despdnmt.
1114 4117 1158 4185 n.
1174 4099 1259 4186 25:
1280 4134 1297 4176 r
1315 4091 1642 4189 llalrimoniom
1665 4123 1735 4183 ra·

241 4238 262 4295 r·
298 4219 447 4320 tione,
483 4250 569 4340 qua
604 4233 668 4309 est
700 4235 1020 4310 sacramentum
1045 4222 1234 4339 pertinet
1257 4220 1314 4310 ad
1352 4220 1650 4310 Ecclesiam...·
1691 4235 1740 4306 et

243 4377 260 4416 r
302 4339 403 4432 ideo
423 4345 614 4433 Ecclesia
628 4343 822 4462 disponit
841 4343 952 4432 sicot
970 4343 1011 4431 in
1031 4344 1211 4434 cacteris
1233 4343 1514 4436 sacramentis
1537 4343 1596 4432 de
1623 4359 1733 4429 tem·

245 4479 265 4538 θ
301 4466 493 4581 poribus
520 4486 564 4556 et
598 4465 757 4556 ritibus
788 4485 970 4572 eorum,
1009 4483 1052 4556 ct
1085 4468 1199 4557 sicat·
1227 4485 1369 4586 potest
1401 4499 1426 4555 a
1460 4473 1734 4554 sacramento

245 4625 261 4661 ·
299 4587 470 4678 ordinis
497 4610 653 4680 ornere
681 4585 902 4708 trigamos,
934 4589 1179 4680 homicidas
1210 4607 1264 4678 et’
1289 4591 1473 4693 similest
1506 4587 1568 4676 sie
1599 4581 1740 4674 ellanl

243 4727 266 4784 ὁ
301 4731 330 4796 a=
359 4718 637 4804 sacramento
670 4713 939 4802 m'atrilrtorlli
972 4725 1082 4835 quos
1116 4730 1203 4804 ndo
1229 4713 1395 4803 indicat
1426 4735 1518 4800 esse
1549 4703 1735 4799 edaldu-

243 4851 265 4909 ⁴
299 4836 682 4951 gaudentianis
716 4834 759 4925 in
793 4839 875 4926 hac
906 4847 1189 4927 sacramento
1202 4837 1391 4926 Ecclesia
1426 4851 1567 4954 potest
1591 4833 1739 4922 lacera

243 4977 266 5032 ⁴
300 4971 347 5044 et
376 4959 604 5052 declarare
637 4973 784 5050 actam
819 4961 1005 5066 nnllam,
1036 4962 1144 5051 licet
1172 4962 1222 5050 tn
1251 4960 1526 5080 qmbusdam
1547 4956 1650 5045 allis
1668 4979 1737 5042 aa·

242 5101 266 5157 a
299 5085 532 5174 narnensis
565 5081 614 5174 td
646 5081 757 5174 effici
788 5107 878 5172 nou
911 5085 1061 5203 possit,
1084 5085 1324 5205 inquibus
1343 5069 1736 5201 tmprrutturanu·

243 5233 267 5279 e
300 5215 466 5312 rocta,
508 5217 656 5300 coron
688 5203 923 5296 voluntale
969 5207 1169 5297 nomana
1198 5229 1292 5296 aon
1314 5204 1617 5326 dependeant,
1653 5199 1739 5290 sad·

241 5357 267 5402 e
298 5345 429 5421 mun
452 5330 638 5423 affcrnn
659 5331 867 5421 attccr'unr
886 5346 936 5418 cr·
964 5329 1165 5450 togisono
1198 5321 1445 5420 interitione
1486 5321 1742 5418 annnam

241 5483 260 5524 ι
301 5465 410 5558 tar,
445 5471 497 5544 et
532 5455 844 5578 macipimtet',
877 5452 983 5573 quia
1015 5465 1342 5544 manutentum·
1373 5451 1650 5543 matrimonil
1680 5455 1739 5540 σι’

245 5605 270 5648 ο
305 5576 540 5668 volontate
564 5569 760 5669 humana·
792 5575 995 5668 eflttitrrd.¹
1039 5579 1095 5667 tn
1131 5577 1513 5700 quamadmedm
1547 5577 1630 5696 ped
1657 5595 1734 5664 ent
