<?xml version="1.0" encoding="UTF-8"?>
<!DOCTYPE html PUBLIC "-//W3C//DTD XHTML 1.0 Transitional//EN"
    "http://www.w3.org/TR/xhtml1/DTD/xhtml1-transitional.dtd">
<html xmlns="http://www.w3.org/1999/xhtml" xml:lang="en" lang="en">
 <head>
  <title>
</title>
<meta http-equiv="Content-Type" content="text/html;charset=utf-8" />
  <meta name='ocr-system' content='tesseract 3.04.00' />
  <meta name='ocr-capabilities' content='ocr_page ocr_carea ocr_par ocr_line ocrx_word'/>
</head>
<body>
  <div class='ocr_page' id='page_1' title='image "./thesaurusresolu00churgoog_0320.png"; bbox 0 0 4530 6336; ppageno 0'>
   <div class='ocr_carea' id='block_1_1' title="bbox 83 364 1720 5658">
    <p class='ocr_par' dir='ltr' id='par_1_1' title="bbox 214 364 1712 2300">
     <span class='ocr_line' id='line_1_1' title="bbox 710 364 1708 462; baseline 0.012 -12"><span class='ocrx_word' id='word_1_1' title='bbox 710 367 792 453; x_wconf 87' lang='lat' dir='ltr'>Die</span> <span class='ocrx_word' id='word_1_2' title='bbox 818 366 874 454; x_wconf 72' lang='grc'>21</span> <span class='ocrx_word' id='word_1_3' title='bbox 915 364 1033 454; x_wconf 84' lang='lat' dir='ltr'>Ittttt&#39;i</span> <span class='ocrx_word' id='word_1_4' title='bbox 1066 365 1205 460; x_wconf 84' lang='grc'>1879.</span> <span class='ocrx_word' id='word_1_5' title='bbox 1616 369 1708 462; x_wconf 86' lang='grc'>309</span> 
     </span>
     <span class='ocr_line' id='line_1_2' title="bbox 214 487 1709 605; baseline 0.001 -25"><span class='ocrx_word' id='word_1_6' title='bbox 214 515 289 588; x_wconf 78' lang='lat' dir='ltr'>ue.</span> <span class='ocrx_word' id='word_1_7' title='bbox 324 515 443 604; x_wconf 86' lang='lat' dir='ltr'>quae</span> <span class='ocrx_word' id='word_1_8' title='bbox 475 487 744 605; x_wconf 83' lang='lat' dir='ltr'>quibusdam</span> <span class='ocrx_word' id='word_1_9' title='bbox 780 488 823 579; x_wconf 89' lang='lat' dir='ltr'>io</span> <span class='ocrx_word' id='word_1_10' title='bbox 860 489 963 580; x_wconf 89' lang='lat' dir='ltr'>loeis</span> <span class='ocrx_word' id='word_1_11' title='bbox 998 489 1164 584; x_wconf 86' lang='lat' dir='ltr'>iamdiu</span> <span class='ocrx_word' id='word_1_12' title='bbox 1202 488 1471 592; x_wconf 80' lang='lat' dir='ltr'>invaluerat„</span> <span class='ocrx_word' id='word_1_13' title='bbox 1509 493 1709 581; x_wconf 88' lang='lat' dir='ltr'>cessandi</span> 
     </span>
     <span class='ocr_line' id='line_1_3' title="bbox 215 611 1711 728; baseline 0.003 -30"><span class='ocrx_word' id='word_1_14' title='bbox 215 638 379 726; x_wconf 82' lang='lat' dir='ltr'><strong>nempe</strong></span> <span class='ocrx_word' id='word_1_15' title='bbox 412 611 634 728; x_wconf 86' lang='lat' dir='ltr'>applicare</span> <span class='ocrx_word' id='word_1_16' title='bbox 666 613 820 702; x_wconf 81' lang='lat' dir='ltr'><strong>Missae</strong></span> <span class='ocrx_word' id='word_1_17' title='bbox 848 611 1108 706; x_wconf 83' lang='lat' dir='ltr'>sacrificium</span> <span class='ocrx_word' id='word_1_18' title='bbox 1144 643 1223 728; x_wconf 85' lang='lat' dir='ltr'>pro</span> <span class='ocrx_word' id='word_1_19' title='bbox 1258 611 1422 726; x_wconf 87' lang='lat' dir='ltr'>populo</span> <span class='ocrx_word' id='word_1_20' title='bbox 1456 611 1614 702; x_wconf 87' lang='lat' dir='ltr'>diebus</span> <span class='ocrx_word' id='word_1_21' title='bbox 1638 613 1711 702; x_wconf 89' lang='lat' dir='ltr'>le-</span> 
     </span>
     <span class='ocr_line' id='line_1_4' title="bbox 215 729 1711 842; baseline 0.003 -24"><span class='ocrx_word' id='word_1_22' title='bbox 215 729 294 827; x_wconf 83' lang='lat' dir='ltr'>stis</span> <span class='ocrx_word' id='word_1_23' title='bbox 330 731 535 839; x_wconf 86' lang='lat' dir='ltr'>reductis,</span> <span class='ocrx_word' id='word_1_24' title='bbox 573 733 831 839; x_wconf 88' lang='lat' dir='ltr'>declaravit,</span> <span class='ocrx_word' id='word_1_25' title='bbox 868 737 1017 827; x_wconf 88' lang='lat' dir='ltr'>statuit</span> <span class='ocrx_word' id='word_1_26' title='bbox 1048 767 1098 825; x_wconf 91' lang='lat' dir='ltr'>ac</span> <span class='ocrx_word' id='word_1_27' title='bbox 1130 733 1326 824; x_wconf 85' lang='lat' dir='ltr'>decrerit</span> <span class='ocrx_word' id='word_1_28' title='bbox 1343 733 1550 842; x_wconf 74' lang='lat' dir='ltr'>parochos</span> <span class='ocrx_word' id='word_1_29' title='bbox 1578 736 1711 830; x_wconf 69' lang='lat' dir='ltr'>alios·</span> 
     </span>
     <span class='ocr_line' id='line_1_5' title="bbox 217 855 1712 974; baseline 0.004 -32"><span class='ocrx_word' id='word_1_30' title='bbox 217 885 295 972; x_wconf 76' lang='lat' dir='ltr'>que</span> <span class='ocrx_word' id='word_1_31' title='bbox 325 855 560 944; x_wconf 77' lang='lat' dir='ltr'>animorum</span> <span class='ocrx_word' id='word_1_32' title='bbox 595 889 736 945; x_wconf 82' lang='lat' dir='ltr'>ceram</span> <span class='ocrx_word' id='word_1_33' title='bbox 771 873 865 948; x_wconf 61' lang='lat' dir='ltr'>utu</span> <span class='ocrx_word' id='word_1_34' title='bbox 896 873 1079 974; x_wconf 75' lang='lat' dir='ltr'>peraratas</span> <span class='ocrx_word' id='word_1_35' title='bbox 1113 874 1414 948; x_wconf 79' lang='lat' dir='ltr'>sacrosanctum</span> <span class='ocrx_word' id='word_1_36' title='bbox 1452 858 1604 946; x_wconf 83' lang='lat' dir='ltr'>Missae</span> <span class='ocrx_word' id='word_1_37' title='bbox 1634 893 1712 954; x_wconf 88' lang='lat' dir='ltr'>sa-</span> 
     </span>
     <span class='ocr_line' id='line_1_6' title="bbox 217 977 1709 1098; baseline 0.003 -32"><span class='ocrx_word' id='word_1_38' title='bbox 217 979 428 1098; x_wconf 73' lang='lat' dir='ltr'>crificium</span> <span class='ocrx_word' id='word_1_39' title='bbox 459 1011 541 1094; x_wconf 84' lang='lat' dir='ltr'>pro</span> <span class='ocrx_word' id='word_1_40' title='bbox 573 979 731 1095; x_wconf 81' lang='lat' dir='ltr'>populo</span> <span class='ocrx_word' id='word_1_41' title='bbox 766 979 850 1070; x_wconf 81' lang='lat' dir='ltr'>sibi</span> <span class='ocrx_word' id='word_1_42' title='bbox 891 980 1103 1071; x_wconf 76' lang='lat' dir='ltr'>contraisse</span> <span class='ocrx_word' id='word_1_43' title='bbox 1152 977 1359 1068; x_wconf 85' lang='lat' dir='ltr'>celebrare</span> <span class='ocrx_word' id='word_1_44' title='bbox 1406 995 1446 1070; x_wconf 78' lang='lat' dir='ltr'>et</span> <span class='ocrx_word' id='word_1_45' title='bbox 1489 982 1709 1095; x_wconf 81' lang='lat' dir='ltr'>applicare</span> 
     </span>
     <span class='ocr_line' id='line_1_7' title="bbox 222 1100 1707 1220; baseline 0.005 -34"><span class='ocrx_word' id='word_1_46' title='bbox 222 1100 367 1188; x_wconf 85' lang='lat' dir='ltr'>debere</span> <span class='ocrx_word' id='word_1_47' title='bbox 397 1117 483 1192; x_wconf 80' lang='lat' dir='ltr'>lttta</span> <span class='ocrx_word' id='word_1_48' title='bbox 517 1101 705 1195; x_wconf 81' lang='lat' dir='ltr'>oteaibus</span> <span class='ocrx_word' id='word_1_49' title='bbox 737 1105 990 1200; x_wconf 77' lang='lat' dir='ltr'>Deurioieis,</span> <span class='ocrx_word' id='word_1_50' title='bbox 1027 1104 1206 1219; x_wconf 84' lang='lat' dir='ltr'>aliisque</span> <span class='ocrx_word' id='word_1_51' title='bbox 1228 1101 1387 1200; x_wconf 72' lang='lat' dir='ltr'>dicias,</span> <span class='ocrx_word' id='word_1_52' title='bbox 1409 1105 1481 1220; x_wconf 82' lang='lat' dir='ltr'>qui</span> <span class='ocrx_word' id='word_1_53' title='bbox 1513 1137 1564 1192; x_wconf 78' lang='lat' dir='ltr'>cx</span> <span class='ocrx_word' id='word_1_54' title='bbox 1582 1137 1707 1219; x_wconf 78' lang='lat' dir='ltr'>prae·</span> 
     </span>
     <span class='ocr_line' id='line_1_8' title="bbox 220 1225 1711 1344; baseline 0 -28"><span class='ocrx_word' id='word_1_55' title='bbox 220 1239 336 1340; x_wconf 75' lang='lat' dir='ltr'>capto</span> <span class='ocrx_word' id='word_1_56' title='bbox 370 1225 506 1312; x_wconf 84' lang='lat' dir='ltr'>adltuc</span> <span class='ocrx_word' id='word_1_57' title='bbox 528 1241 763 1325; x_wconf 69' lang='lat' dir='ltr'>errentur,</span> <span class='ocrx_word' id='word_1_58' title='bbox 799 1242 884 1316; x_wconf 79' lang='lat' dir='ltr'>tuuc</span> <span class='ocrx_word' id='word_1_59' title='bbox 920 1226 1011 1312; x_wconf 87' lang='lat' dir='ltr'>illis</span> <span class='ocrx_word' id='word_1_60' title='bbox 1044 1227 1165 1314; x_wconf 74' lang='lat' dir='ltr'>etiarn</span> <span class='ocrx_word' id='word_1_61' title='bbox 1201 1229 1273 1344; x_wconf 80' lang='lat' dir='ltr'>ptri</span> <span class='ocrx_word' id='word_1_62' title='bbox 1307 1260 1357 1312; x_wconf 79' lang='lat' dir='ltr'>ex</span> <span class='ocrx_word' id='word_1_63' title='bbox 1390 1225 1711 1341; x_wconf 79' lang='lat' dir='ltr'>larriusAposto·</span> 
     </span>
     <span class='ocr_line' id='line_1_9' title="bbox 216 1343 1710 1468; baseline 0.006 -35"><span class='ocrx_word' id='word_1_64' title='bbox 216 1343 328 1437; x_wconf 82' lang='lat' dir='ltr'>licea</span> <span class='ocrx_word' id='word_1_65' title='bbox 358 1346 477 1436; x_wconf 85' lang='lat' dir='ltr'>Sedis</span> <span class='ocrx_word' id='word_1_66' title='bbox 512 1348 776 1465; x_wconf 81' lang='lat' dir='ltr'>inclalpeatia</span> <span class='ocrx_word' id='word_1_67' title='bbox 808 1383 860 1438; x_wconf 78' lang='lat' dir='ltr'>ex</span> <span class='ocrx_word' id='word_1_68' title='bbox 888 1348 1053 1440; x_wconf 83' lang='lat' dir='ltr'>dierum</span> <span class='ocrx_word' id='word_1_69' title='bbox 1088 1347 1388 1464; x_wconf 30' lang='lat' dir='ltr'>dcvproeceplo</span> <span class='ocrx_word' id='word_1_70' title='bbox 1410 1350 1612 1468; x_wconf 74' lang='lat' dir='ltr'>fastorum</span> <span class='ocrx_word' id='word_1_71' title='bbox 1634 1385 1710 1442; x_wconf 82' lang='lat' dir='ltr'>rtu-</span> 
     </span>
     <span class='ocr_line' id='line_1_10' title="bbox 220 1469 1708 1590; baseline 0.004 -32"><span class='ocrx_word' id='word_1_72' title='bbox 220 1501 334 1560; x_wconf 85' lang='lat' dir='ltr'>tuero</span> <span class='ocrx_word' id='word_1_73' title='bbox 366 1469 536 1574; x_wconf 81' lang='lat' dir='ltr'>sublati,</span> <span class='ocrx_word' id='word_1_74' title='bbox 563 1505 611 1558; x_wconf 85' lang='lat' dir='ltr'>ec</span> <span class='ocrx_word' id='word_1_75' title='bbox 645 1473 840 1560; x_wconf 75' lang='lat' dir='ltr'>tantuloti</span> <span class='ocrx_word' id='word_1_76' title='bbox 873 1489 966 1560; x_wconf 84' lang='lat' dir='ltr'>sual</span> <span class='ocrx_word' id='word_1_77' title='bbox 1003 1539 1012 1560; x_wconf 90' lang='lat'><strong>.</strong></span> <span class='ocrx_word' id='word_1_78' title='bbox 1055 1541 1065 1562; x_wconf 91' lang='lat'><strong>.</strong></span> <span class='ocrx_word' id='word_1_79' title='bbox 1106 1537 1115 1558; x_wconf 91' lang='lat'><strong>.</strong></span> <span class='ocrx_word' id='word_1_80' title='bbox 1155 1475 1205 1562; x_wconf 85' lang='lat' dir='ltr'>Et</span> <span class='ocrx_word' id='word_1_81' title='bbox 1238 1472 1446 1590; x_wconf 83' lang='lat' dir='ltr'>quoniam</span> <span class='ocrx_word' id='word_1_82' title='bbox 1484 1504 1568 1562; x_wconf 93' lang='lat' dir='ltr'>non</span> <span class='ocrx_word' id='word_1_83' title='bbox 1606 1476 1708 1564; x_wconf 78' lang='lat' dir='ltr'>dee·</span> 
     </span>
     <span class='ocr_line' id='line_1_11' title="bbox 230 1594 1712 1713; baseline 0.003 -31"><span class='ocrx_word' id='word_1_84' title='bbox 230 1613 330 1682; x_wconf 87' lang='lat' dir='ltr'>rant</span> <span class='ocrx_word' id='word_1_85' title='bbox 364 1594 610 1689; x_wconf 84' lang='lat' dir='ltr'>animarum</span> <span class='ocrx_word' id='word_1_86' title='bbox 646 1613 884 1703; x_wconf 85' lang='lat' dir='ltr'>curatores,</span> <span class='ocrx_word' id='word_1_87' title='bbox 903 1595 978 1712; x_wconf 87' lang='lat' dir='ltr'>qui</span> <span class='ocrx_word' id='word_1_88' title='bbox 998 1595 1215 1712; x_wconf 79' lang='lat' dir='ltr'>peculiare</span> <span class='ocrx_word' id='word_1_89' title='bbox 1237 1595 1415 1713; x_wconf 78' lang='lat' dir='ltr'>aliquod</span> <span class='ocrx_word' id='word_1_90' title='bbox 1449 1595 1712 1688; x_wconf 87' lang='lat' dir='ltr'>reductionis</span> 
     </span>
     <span class='ocr_line' id='line_1_12' title="bbox 223 1717 1709 1836; baseline 0.001 -30"><span class='ocrx_word' id='word_1_91' title='bbox 223 1717 442 1808; x_wconf 89' lang='lat' dir='ltr'>indultum</span> <span class='ocrx_word' id='word_1_92' title='bbox 468 1719 525 1806; x_wconf 93' lang='lat' dir='ltr'>ab</span> <span class='ocrx_word' id='word_1_93' title='bbox 549 1718 627 1806; x_wconf 83' lang='lat' dir='ltr'>lrae</span> <span class='ocrx_word' id='word_1_94' title='bbox 649 1719 897 1836; x_wconf 69' lang='lat' dir='ltr'>apostolica</span> <span class='ocrx_word' id='word_1_95' title='bbox 926 1719 1042 1812; x_wconf 87' lang='lat' dir='ltr'>Sede</span> <span class='ocrx_word' id='word_1_96' title='bbox 1075 1719 1375 1823; x_wconf 69' lang='lat' dir='ltr'>obtinuerant,</span> <span class='ocrx_word' id='word_1_97' title='bbox 1395 1717 1624 1808; x_wconf 88' lang='lat' dir='ltr'>bineeavit</span> <span class='ocrx_word' id='word_1_98' title='bbox 1644 1737 1709 1824; x_wconf 81' lang='lat' dir='ltr'>ut,</span> 
     </span>
     <span class='ocr_line' id='line_1_13' title="bbox 222 1840 1710 1963; baseline 0.005 -35"><span class='ocrx_word' id='word_1_99' title='bbox 222 1842 309 1957; x_wconf 79' lang='lat' dir='ltr'>c‘psi</span> <span class='ocrx_word' id='word_1_100' title='bbox 347 1840 513 1928; x_wconf 80' lang='lat' dir='ltr'>huittsec</span> <span class='ocrx_word' id='word_1_101' title='bbox 546 1841 705 1932; x_wconf 80' lang='lat' dir='ltr'>c&#39;ndulti</span> <span class='ocrx_word' id='word_1_102' title='bbox 754 1842 948 1963; x_wconf 84' lang='lat' dir='ltr'>beneficio</span> <span class='ocrx_word' id='word_1_103' title='bbox 993 1842 1168 1962; x_wconf 76' lang='lat' dir='ltr'>perfrui</span> <span class='ocrx_word' id='word_1_104' title='bbox 1209 1857 1388 1958; x_wconf 75' lang='lat' dir='ltr'>perpetu</span> <span class='ocrx_word' id='word_1_105' title='bbox 1422 1844 1541 1930; x_wconf 76' lang='lat' dir='ltr'>iuxta</span> <span class='ocrx_word' id='word_1_106' title='bbox 1573 1859 1710 1936; x_wconf 81' lang='lat' dir='ltr'>tamea</span> 
     </span>
     <span class='ocr_line' id='line_1_14' title="bbox 220 1963 1708 2088; baseline 0.001 -37"><span class='ocrx_word' id='word_1_107' title='bbox 220 1963 481 2082; x_wconf 78' lang='lat' dir='ltr'>conditiones</span> <span class='ocrx_word' id='word_1_108' title='bbox 515 1966 556 2050; x_wconf 87' lang='lat' dir='ltr'>ia</span> <span class='ocrx_word' id='word_1_109' title='bbox 591 1964 763 2058; x_wconf 81' lang='lat' dir='ltr'>lttclulto</span> <span class='ocrx_word' id='word_1_110' title='bbox 796 1997 1036 2082; x_wconf 74' lang='lat' dir='ltr'>expressos,</span> <span class='ocrx_word' id='word_1_111' title='bbox 1075 1981 1113 2054; x_wconf 80' lang='lat' dir='ltr'>at</span> <span class='ocrx_word' id='word_1_112' title='bbox 1145 1963 1270 2054; x_wconf 86' lang='lat' dir='ltr'>denec</span> <span class='ocrx_word' id='word_1_113' title='bbox 1299 1965 1580 2081; x_wconf 81' lang='lat' dir='ltr'>pctroclroraat</span> <span class='ocrx_word' id='word_1_114' title='bbox 1616 1965 1708 2088; x_wconf 79' lang='lat' dir='ltr'>offi-</span> 
     </span>
     <span class='ocr_line' id='line_1_15' title="bbox 222 2089 1710 2207; baseline 0.002 -31"><span class='ocrx_word' id='word_1_115' title='bbox 222 2090 331 2180; x_wconf 83' lang='lat' dir='ltr'>cium</span> <span class='ocrx_word' id='word_1_116' title='bbox 364 2089 621 2178; x_wconf 77' lang='lat' dir='ltr'>exercuerint</span> <span class='ocrx_word' id='word_1_117' title='bbox 655 2093 698 2178; x_wconf 84' lang='lat' dir='ltr'>ia</span> <span class='ocrx_word' id='word_1_118' title='bbox 731 2091 956 2206; x_wconf 84' lang='lat' dir='ltr'>paroeciis,</span> <span class='ocrx_word' id='word_1_119' title='bbox 992 2121 1093 2207; x_wconf 81' lang='lat' dir='ltr'>ques</span> <span class='ocrx_word' id='word_1_120' title='bbox 1127 2091 1168 2178; x_wconf 88' lang='lat' dir='ltr'>itt</span> <span class='ocrx_word' id='word_1_121' title='bbox 1201 2089 1531 2204; x_wconf 75' lang='lat' dir='ltr'>praesentiarum</span> <span class='ocrx_word' id='word_1_122' title='bbox 1558 2107 1710 2204; x_wconf 73' lang='lat' dir='ltr'>reputat</span> 
     </span>
     <span class='ocr_line' id='line_1_16' title="bbox 221 2209 929 2300; baseline 0.003 -1"><span class='ocrx_word' id='word_1_123' title='bbox 221 2225 263 2299; x_wconf 79' lang='lat' dir='ltr'>el</span> <span class='ocrx_word' id='word_1_124' title='bbox 296 2209 614 2300; x_wconf 63' lang='lat' dir='ltr'>adratinse-ant.</span> <span class='ocrx_word' id='word_1_125' title='bbox 927 2211 929 2215; x_wconf 47' lang='grc'>’</span> 
     </span>
    </p>

    <p class='ocr_par' dir='ltr' id='par_1_2' title="bbox 223 2334 1713 3439">
     <span class='ocr_line' id='line_1_17' title="bbox 349 2334 1703 2454; baseline -0.001 -34"><span class='ocrx_word' id='word_1_126' title='bbox 349 2335 523 2446; x_wconf 85' lang='lat' dir='ltr'><strong>Quibus</strong></span> <span class='ocrx_word' id='word_1_127' title='bbox 559 2338 658 2424; x_wconf 87' lang='lat' dir='ltr'>risis</span> <span class='ocrx_word' id='word_1_128' title='bbox 692 2337 735 2426; x_wconf 80' lang='lat' dir='ltr'>el</span> <span class='ocrx_word' id='word_1_129' title='bbox 781 2352 945 2424; x_wconf 82' lang='lat' dir='ltr'>attente</span> <span class='ocrx_word' id='word_1_130' title='bbox 981 2337 1217 2454; x_wconf 71' lang='lat' dir='ltr'>perspectis</span> <span class='ocrx_word' id='word_1_131' title='bbox 1252 2334 1503 2451; x_wconf 86' lang='lat' dir='ltr'>Eocyelicae</span> <span class='ocrx_word' id='word_1_132' title='bbox 1551 2334 1703 2451; x_wconf 50' lang='lat' dir='ltr'>dispo„</span> 
     </span>
     <span class='ocr_line' id='line_1_18' title="bbox 224 2457 1712 2578; baseline -0.001 -30"><span class='ocrx_word' id='word_1_133' title='bbox 224 2457 457 2548; x_wconf 81' lang='lat' dir='ltr'>sitionibus</span> <span class='ocrx_word' id='word_1_134' title='bbox 493 2459 551 2545; x_wconf 90' lang='lat' dir='ltr'>ab</span> <span class='ocrx_word' id='word_1_135' title='bbox 600 2477 746 2548; x_wconf 87' lang='lat' dir='ltr'>eornct</span> <span class='ocrx_word' id='word_1_136' title='bbox 790 2462 1005 2578; x_wconf 86' lang='lat' dir='ltr'>Episcopo</span> <span class='ocrx_word' id='word_1_137' title='bbox 1042 2457 1378 2552; x_wconf 80' lang='lat' dir='ltr'>Suessionensi.</span> <span class='ocrx_word' id='word_1_138' title='bbox 1419 2457 1488 2546; x_wconf 82' lang='lat' dir='ltr'>ltie</span> <span class='ocrx_word' id='word_1_139' title='bbox 1520 2458 1605 2546; x_wconf 92' lang='lat' dir='ltr'>sub</span> <span class='ocrx_word' id='word_1_140' title='bbox 1638 2458 1712 2548; x_wconf 92' lang='lat' dir='ltr'>die</span> 
     </span>
     <span class='ocr_line' id='line_1_19' title="bbox 226 2580 1711 2698; baseline 0.001 -32"><span class='ocrx_word' id='word_1_141' title='bbox 226 2581 255 2666; x_wconf 85' lang='grc'><strong>9</strong></span> <span class='ocrx_word' id='word_1_142' title='bbox 289 2581 476 2668; x_wconf 84' lang='lat' dir='ltr'>lanuarii</span> <span class='ocrx_word' id='word_1_143' title='bbox 514 2583 635 2672; x_wconf 84' lang='grc'>1859</span> <span class='ocrx_word' id='word_1_144' title='bbox 669 2583 788 2674; x_wconf 87' lang='lat' dir='ltr'>dedit</span> <span class='ocrx_word' id='word_1_145' title='bbox 823 2583 1049 2678; x_wconf 83' lang='lat' dir='ltr'>circulares</span> <span class='ocrx_word' id='word_1_146' title='bbox 1083 2582 1228 2670; x_wconf 88' lang='lat' dir='ltr'>literas</span> <span class='ocrx_word' id='word_1_147' title='bbox 1261 2611 1395 2696; x_wconf 89' lang='lat' dir='ltr'>super</span> <span class='ocrx_word' id='word_1_148' title='bbox 1443 2580 1711 2698; x_wconf 69' lang='lat' dir='ltr'>obligatione</span> 
     </span>
     <span class='ocr_line' id='line_1_20' title="bbox 229 2701 1712 2826; baseline -0.001 -34"><span class='ocrx_word' id='word_1_149' title='bbox 229 2702 402 2792; x_wconf 89' lang='lat' dir='ltr'>lllissarn</span> <span class='ocrx_word' id='word_1_150' title='bbox 428 2735 506 2820; x_wconf 90' lang='lat' dir='ltr'>pro</span> <span class='ocrx_word' id='word_1_151' title='bbox 530 2707 692 2824; x_wconf 87' lang='lat' dir='ltr'>populo</span> <span class='ocrx_word' id='word_1_152' title='bbox 716 2706 964 2826; x_wconf 89' lang='lat' dir='ltr'>applicandi</span> <span class='ocrx_word' id='word_1_153' title='bbox 989 2707 1042 2795; x_wconf 87' lang='lat' dir='ltr'>ad</span> <span class='ocrx_word' id='word_1_154' title='bbox 1069 2705 1265 2794; x_wconf 85' lang='lat' dir='ltr'>tramites</span> <span class='ocrx_word' id='word_1_155' title='bbox 1289 2705 1539 2821; x_wconf 84' lang='lat' dir='ltr'>Eueyclicae</span> <span class='ocrx_word' id='word_1_156' title='bbox 1555 2701 1712 2794; x_wconf 79' lang='lat' dir='ltr'>Aaron·</span> 
     </span>
     <span class='ocr_line' id='line_1_21' title="bbox 226 2827 1713 2944; baseline 0.001 -32"><span class='ocrx_word' id='word_1_157' title='bbox 226 2827 397 2928; x_wconf 83' lang='lat' dir='ltr'>tt&#39;ssitni,</span> <span class='ocrx_word' id='word_1_158' title='bbox 436 2845 568 2944; x_wconf 82' lang='lat' dir='ltr'>atquo</span> <span class='ocrx_word' id='word_1_159' title='bbox 601 2831 784 2918; x_wconf 85' lang='lat' dir='ltr'>minime</span> <span class='ocrx_word' id='word_1_160' title='bbox 818 2829 1096 2918; x_wconf 67' lang='lat' dir='ltr'>obstantibus</span> <span class='ocrx_word' id='word_1_161' title='bbox 1129 2828 1318 2921; x_wconf 78' lang='lat' dir='ltr'>obtentis</span> <span class='ocrx_word' id='word_1_162' title='bbox 1353 2827 1547 2932; x_wconf 84' lang='lat' dir='ltr'>indultis,</span> <span class='ocrx_word' id='word_1_163' title='bbox 1585 2831 1713 2916; x_wconf 84' lang='lat' dir='ltr'>Paro·</span> 
     </span>
     <span class='ocr_line' id='line_1_22' title="bbox 227 2949 1709 3043; baseline -0.003 -7"><span class='ocrx_word' id='word_1_164' title='bbox 227 2949 333 3038; x_wconf 91' lang='lat' dir='ltr'>cbos</span> <span class='ocrx_word' id='word_1_165' title='bbox 389 2981 540 3040; x_wconf 88' lang='lat' dir='ltr'>omnes</span> <span class='ocrx_word' id='word_1_166' title='bbox 597 2953 650 3042; x_wconf 91' lang='lat' dir='ltr'>od</span> <span class='ocrx_word' id='word_1_167' title='bbox 702 2954 898 3042; x_wconf 87' lang='lat' dir='ltr'>eiusdem</span> <span class='ocrx_word' id='word_1_168' title='bbox 954 2953 1283 3043; x_wconf 87' lang='lat' dir='ltr'>observantiam</span> <span class='ocrx_word' id='word_1_169' title='bbox 1320 2950 1553 3040; x_wconf 88' lang='lat' dir='ltr'>revocabat</span> <span class='ocrx_word' id='word_1_170' title='bbox 1593 2950 1709 3038; x_wconf 63' lang='lat' dir='ltr'>desi„</span> 
     </span>
     <span class='ocr_line' id='line_1_23' title="bbox 223 3073 1711 3191; baseline 0.001 -33"><span class='ocrx_word' id='word_1_171' title='bbox 223 3073 403 3191; x_wconf 70' lang='lat' dir='ltr'>gasindo</span> <span class='ocrx_word' id='word_1_172' title='bbox 447 3105 553 3190; x_wconf 90' lang='lat' dir='ltr'>prae</span> <span class='ocrx_word' id='word_1_173' title='bbox 586 3077 781 3164; x_wconf 86' lang='lat' dir='ltr'>claritate</span> <span class='ocrx_word' id='word_1_174' title='bbox 814 3106 965 3166; x_wconf 87' lang='lat' dir='ltr'>omttes</span> <span class='ocrx_word' id='word_1_175' title='bbox 998 3076 1091 3165; x_wconf 89' lang='lat' dir='ltr'>dies</span> <span class='ocrx_word' id='word_1_176' title='bbox 1127 3074 1256 3162; x_wconf 90' lang='lat' dir='ltr'>lestos</span> <span class='ocrx_word' id='word_1_177' title='bbox 1307 3092 1396 3160; x_wconf 90' lang='lat' dir='ltr'>turn</span> <span class='ocrx_word' id='word_1_178' title='bbox 1444 3073 1501 3160; x_wconf 90' lang='lat' dir='ltr'>de</span> <span class='ocrx_word' id='word_1_179' title='bbox 1536 3103 1711 3186; x_wconf 88' lang='lat' dir='ltr'>praeee-</span> 
     </span>
     <span class='ocr_line' id='line_1_24' title="bbox 226 3195 1710 3318; baseline 0.004 -38"><span class='ocrx_word' id='word_1_180' title='bbox 226 3213 318 3312; x_wconf 87' lang='lat' dir='ltr'>pto,</span> <span class='ocrx_word' id='word_1_181' title='bbox 357 3211 450 3282; x_wconf 91' lang='lat' dir='ltr'>turn</span> <span class='ocrx_word' id='word_1_182' title='bbox 485 3229 754 3314; x_wconf 85' lang='lat' dir='ltr'>suppressos,</span> <span class='ocrx_word' id='word_1_183' title='bbox 793 3199 834 3286; x_wconf 91' lang='lat' dir='ltr'>in</span> <span class='ocrx_word' id='word_1_184' title='bbox 869 3200 1033 3316; x_wconf 85' lang='lat' dir='ltr'>quibos</span> <span class='ocrx_word' id='word_1_185' title='bbox 1068 3197 1147 3318; x_wconf 91' lang='lat' dir='ltr'>ipsi</span> <span class='ocrx_word' id='word_1_186' title='bbox 1182 3227 1315 3284; x_wconf 90' lang='lat' dir='ltr'>onere</span> <span class='ocrx_word' id='word_1_187' title='bbox 1338 3195 1710 3286; x_wconf 87' lang='lat' dir='ltr'>devinciebantur</span> 
     </span>
     <span class='ocr_line' id='line_1_25' title="bbox 226 3319 1013 3439; baseline 0.005 -33"><span class='ocrx_word' id='word_1_188' title='bbox 226 3319 398 3406; x_wconf 88' lang='lat' dir='ltr'>ldissam</span> <span class='ocrx_word' id='word_1_189' title='bbox 435 3323 682 3438; x_wconf 83' lang='lat' dir='ltr'>applicandi</span> <span class='ocrx_word' id='word_1_190' title='bbox 721 3355 797 3438; x_wconf 90' lang='lat' dir='ltr'>pro</span> <span class='ocrx_word' id='word_1_191' title='bbox 834 3322 1013 3439; x_wconf 89' lang='lat' dir='ltr'>populo.</span> 
     </span>
    </p>

    <p class='ocr_par' dir='ltr' id='par_1_3' title="bbox 133 3441 1715 5041">
     <span class='ocr_line' id='line_1_26' title="bbox 350 3441 1713 3564; baseline -0.002 -33"><span class='ocrx_word' id='word_1_192' title='bbox 350 3442 589 3534; x_wconf 82' lang='lat' dir='ltr'>Sciendum</span> <span class='ocrx_word' id='word_1_193' title='bbox 638 3448 803 3532; x_wconf 83' lang='lat' dir='ltr'>interea</span> <span class='ocrx_word' id='word_1_194' title='bbox 848 3464 910 3532; x_wconf 84' lang='lat' dir='ltr'>est</span> <span class='ocrx_word' id='word_1_195' title='bbox 954 3445 1074 3564; x_wconf 88' lang='lat' dir='ltr'>quod</span> <span class='ocrx_word' id='word_1_196' title='bbox 1123 3443 1360 3558; x_wconf 81' lang='lat' dir='ltr'>Episcopus</span> <span class='ocrx_word' id='word_1_197' title='bbox 1392 3441 1713 3534; x_wconf 85' lang='lat' dir='ltr'>Suessionensis</span> 
     </span>
     <span class='ocr_line' id='line_1_27' title="bbox 227 3564 1712 3681; baseline 0 -31"><span class='ocrx_word' id='word_1_198' title='bbox 227 3593 345 3650; x_wconf 90' lang='lat' dir='ltr'>anno</span> <span class='ocrx_word' id='word_1_199' title='bbox 383 3567 501 3656; x_wconf 78' lang='grc'>1862</span> <span class='ocrx_word' id='word_1_200' title='bbox 535 3569 592 3654; x_wconf 90' lang='lat' dir='ltr'>ab</span> <span class='ocrx_word' id='word_1_201' title='bbox 628 3571 679 3654; x_wconf 92' lang='lat' dir='ltr'>ll.</span> <span class='ocrx_word' id='word_1_202' title='bbox 716 3571 761 3658; x_wconf 90' lang='lat' dir='ltr'>S.</span> <span class='ocrx_word' id='word_1_203' title='bbox 798 3570 852 3655; x_wconf 94' lang='grc' dir='ltr'>Ο.</span> <span class='ocrx_word' id='word_1_204' title='bbox 891 3567 1110 3656; x_wconf 85' lang='lat' dir='ltr'>indultum</span> <span class='ocrx_word' id='word_1_205' title='bbox 1133 3565 1426 3681; x_wconf 81' lang='lat' dir='ltr'>expostulavit</span> <span class='ocrx_word' id='word_1_206' title='bbox 1450 3564 1712 3680; x_wconf 86' lang='lat' dir='ltr'>dispensan-</span> 
     </span>
     <span class='ocr_line' id='line_1_28' title="bbox 226 3687 1713 3805; baseline 0.003 -29"><span class='ocrx_word' id='word_1_207' title='bbox 226 3687 273 3776; x_wconf 92' lang='lat' dir='ltr'>di</span> <span class='ocrx_word' id='word_1_208' title='bbox 307 3687 362 3776; x_wconf 92' lang='lat' dir='ltr'>ad</span> <span class='ocrx_word' id='word_1_209' title='bbox 394 3689 658 3780; x_wconf 85' lang='lat' dir='ltr'>decennium</span> <span class='ocrx_word' id='word_1_210' title='bbox 692 3692 938 3779; x_wconf 82' lang='lat' dir='ltr'>attimarum</span> <span class='ocrx_word' id='word_1_211' title='bbox 972 3706 1194 3778; x_wconf 83' lang='lat' dir='ltr'>curatores</span> <span class='ocrx_word' id='word_1_212' title='bbox 1228 3687 1284 3776; x_wconf 92' lang='lat' dir='ltr'>ab</span> <span class='ocrx_word' id='word_1_213' title='bbox 1308 3687 1565 3805; x_wconf 89' lang='lat' dir='ltr'>applicanda</span> <span class='ocrx_word' id='word_1_214' title='bbox 1589 3688 1713 3786; x_wconf 74' lang='lat' dir='ltr'>atissa</span> 
     </span>
     <span class='ocr_line' id='line_1_29' title="bbox 226 3813 1712 3931; baseline 0.001 -37"><span class='ocrx_word' id='word_1_215' title='bbox 226 3842 306 3929; x_wconf 91' lang='lat' dir='ltr'>pro</span> <span class='ocrx_word' id='word_1_216' title='bbox 344 3813 508 3928; x_wconf 65' lang='lat' dir='ltr'>popmo</span> <span class='ocrx_word' id='word_1_217' title='bbox 546 3815 701 3904; x_wconf 81' lang='lat' dir='ltr'>diebus</span> <span class='ocrx_word' id='word_1_218' title='bbox 749 3814 864 3904; x_wconf 91' lang='lat' dir='ltr'>lestis</span> <span class='ocrx_word' id='word_1_219' title='bbox 913 3814 1190 3931; x_wconf 79' lang='lat' dir='ltr'>suppressis,</span> <span class='ocrx_word' id='word_1_220' title='bbox 1241 3841 1291 3899; x_wconf 90' lang='lat' dir='ltr'>ea</span> <span class='ocrx_word' id='word_1_221' title='bbox 1328 3829 1471 3899; x_wconf 87' lang='lat' dir='ltr'>tamen</span> <span class='ocrx_word' id='word_1_222' title='bbox 1512 3813 1712 3928; x_wconf 88' lang='lat' dir='ltr'>apposita</span> 
     </span>
     <span class='ocr_line' id='line_1_30' title="bbox 226 3931 1711 4053; baseline -0.001 -31"><span class='ocrx_word' id='word_1_223' title='bbox 226 3933 479 4024; x_wconf 88' lang='lat' dir='ltr'>eonditione</span> <span class='ocrx_word' id='word_1_224' title='bbox 515 3956 560 4023; x_wconf 82' lang='lat' dir='ltr'>ut.</span> <span class='ocrx_word' id='word_1_225' title='bbox 592 3937 810 4052; x_wconf 85' lang='lat' dir='ltr'>stipendia</span> <span class='ocrx_word' id='word_1_226' title='bbox 845 3937 1091 4042; x_wconf 79' lang='lat' dir='ltr'>Missurum,</span> <span class='ocrx_word' id='word_1_227' title='bbox 1128 3965 1235 4053; x_wconf 87' lang='lat' dir='ltr'>quas</span> <span class='ocrx_word' id='word_1_228' title='bbox 1282 3932 1517 4051; x_wconf 89' lang='lat' dir='ltr'>praedietis</span> <span class='ocrx_word' id='word_1_229' title='bbox 1550 3931 1711 4023; x_wconf 90' lang='lat' dir='ltr'>diebus</span> 
     </span>
     <span class='ocr_line' id='line_1_31' title="bbox 222 4057 1713 4172; baseline 0.003 -28"><span class='ocrx_word' id='word_1_230' title='bbox 222 4058 510 4157; x_wconf 86' lang='lat' dir='ltr'>celebrabant</span> <span class='ocrx_word' id='word_1_231' title='bbox 534 4062 886 4150; x_wconf 85' lang='lat' dir='ltr'>nallatenassibi</span> <span class='ocrx_word' id='word_1_232' title='bbox 913 4073 1201 4160; x_wconf 85' lang='lat' dir='ltr'>reservarent,</span> <span class='ocrx_word' id='word_1_233' title='bbox 1222 4059 1297 4146; x_wconf 90' lang='lat' dir='ltr'>sed</span> <span class='ocrx_word' id='word_1_234' title='bbox 1323 4059 1470 4146; x_wconf 90' lang='lat' dir='ltr'>omnia</span> <span class='ocrx_word' id='word_1_235' title='bbox 1495 4075 1537 4142; x_wconf 91' lang='lat' dir='ltr'>et</span> <span class='ocrx_word' id='word_1_236' title='bbox 1569 4057 1713 4172; x_wconf 76' lang='lat' dir='ltr'>singu·</span> 
     </span>
     <span class='ocr_line' id='line_1_32' title="bbox 133 4179 1715 4302; baseline -0.003 -34"><span class='ocrx_word' id='word_1_237' title='bbox 133 4297 135 4302; x_wconf 16' lang='grc' dir='ltr'>Ι</span> <span class='ocrx_word' id='word_1_238' title='bbox 227 4180 269 4268; x_wconf 93' lang='lat' dir='ltr'>la</span> <span class='ocrx_word' id='word_1_239' title='bbox 304 4183 515 4299; x_wconf 86' lang='lat' dir='ltr'>Episcopo</span> <span class='ocrx_word' id='word_1_240' title='bbox 549 4186 728 4302; x_wconf 85' lang='lat' dir='ltr'>eiusque</span> <span class='ocrx_word' id='word_1_241' title='bbox 776 4185 1094 4276; x_wconf 85' lang='lat' dir='ltr'>suecessoribus</span> <span class='ocrx_word' id='word_1_242' title='bbox 1149 4181 1337 4277; x_wconf 85' lang='lat' dir='ltr'>lideliter</span> <span class='ocrx_word' id='word_1_243' title='bbox 1386 4179 1606 4269; x_wconf 61' lang='lat' dir='ltr'>traderent</span> <span class='ocrx_word' id='word_1_244' title='bbox 1663 4179 1715 4265; x_wconf 91' lang='lat' dir='ltr'>ri·</span> 
     </span>
     <span class='ocr_line' id='line_1_33' title="bbox 224 4301 1713 4424; baseline -0.004 -30"><span class='ocrx_word' id='word_1_245' title='bbox 224 4333 381 4421; x_wconf 72' lang='lat' dir='ltr'>gerasa</span> <span class='ocrx_word' id='word_1_246' title='bbox 436 4307 694 4424; x_wconf 82' lang='lat' dir='ltr'>applicanda</span> <span class='ocrx_word' id='word_1_247' title='bbox 749 4308 1091 4399; x_wconf 84' lang='lat' dir='ltr'>Serniuariorum</span> <span class='ocrx_word' id='word_1_248' title='bbox 1143 4306 1503 4403; x_wconf 77' lang='lat' dir='ltr'>dioecesanorum</span> <span class='ocrx_word' id='word_1_249' title='bbox 1550 4301 1713 4388; x_wconf 87' lang='lat' dir='ltr'>debitis</span> 
     </span>
     <span class='ocr_line' id='line_1_34' title="bbox 222 4423 1712 4548; baseline -0.003 -36"><span class='ocrx_word' id='word_1_250' title='bbox 222 4423 465 4517; x_wconf 69' lang='lat' dir='ltr'>sottendisi</span> <span class='ocrx_word' id='word_1_251' title='bbox 502 4448 541 4521; x_wconf 88' lang='lat' dir='ltr'>et</span> <span class='ocrx_word' id='word_1_252' title='bbox 581 4432 666 4517; x_wconf 88' lang='lat' dir='ltr'>voti</span> <span class='ocrx_word' id='word_1_253' title='bbox 702 4461 879 4548; x_wconf 88' lang='lat' dir='ltr'>compos</span> <span class='ocrx_word' id='word_1_254' title='bbox 914 4431 1051 4519; x_wconf 87' lang='lat' dir='ltr'>laetus</span> <span class='ocrx_word' id='word_1_255' title='bbox 1076 4426 1156 4516; x_wconf 84' lang='lat' dir='ltr'>tuit</span> <span class='ocrx_word' id='word_1_256' title='bbox 1180 4427 1387 4545; x_wconf 82' lang='lat' dir='ltr'>rescripto</span> <span class='ocrx_word' id='word_1_257' title='bbox 1403 4425 1500 4518; x_wconf 86' lang='lat' dir='ltr'>diei</span> <span class='ocrx_word' id='word_1_258' title='bbox 1523 4425 1583 4512; x_wconf 80' lang='lat' dir='ltr'>2l</span> <span class='ocrx_word' id='word_1_259' title='bbox 1608 4425 1712 4508; x_wconf 80' lang='lat' dir='ltr'>llar-</span> 
     </span>
     <span class='ocr_line' id='line_1_35' title="bbox 228 4548 1710 4667; baseline -0.001 -33"><span class='ocrx_word' id='word_1_260' title='bbox 228 4549 274 4636; x_wconf 92' lang='lat' dir='ltr'>tii</span> <span class='ocrx_word' id='word_1_261' title='bbox 310 4551 500 4639; x_wconf 83' lang='lat' dir='ltr'>nttrtciati</span> <span class='ocrx_word' id='word_1_262' title='bbox 535 4581 635 4642; x_wconf 81' lang='lat' dir='ltr'>mon</span> <span class='ocrx_word' id='word_1_263' title='bbox 669 4557 785 4640; x_wconf 80' lang='lat' dir='ltr'>atrrni.</span> <span class='ocrx_word' id='word_1_264' title='bbox 823 4555 1032 4665; x_wconf 85' lang='lat' dir='ltr'>Quinimo</span> <span class='ocrx_word' id='word_1_265' title='bbox 1078 4549 1342 4667; x_wconf 85' lang='lat' dir='ltr'>perdurante</span> <span class='ocrx_word' id='word_1_266' title='bbox 1389 4548 1545 4638; x_wconf 89' lang='lat' dir='ltr'>eadem</span> <span class='ocrx_word' id='word_1_267' title='bbox 1580 4573 1710 4632; x_wconf 90' lang='lat' dir='ltr'>causa</span> 
     </span>
     <span class='ocr_line' id='line_1_36' title="bbox 226 4671 1715 4791; baseline -0.001 -34"><span class='ocrx_word' id='word_1_268' title='bbox 226 4671 449 4770; x_wconf 78' lang='lat' dir='ltr'>indultum</span> <span class='ocrx_word' id='word_1_269' title='bbox 486 4679 730 4791; x_wconf 84' lang='lat' dir='ltr'>praelatum</span> <span class='ocrx_word' id='word_1_270' title='bbox 758 4709 842 4764; x_wconf 89' lang='lat' dir='ltr'>utta</span> <span class='ocrx_word' id='word_1_271' title='bbox 877 4707 975 4766; x_wconf 84' lang='lat' dir='ltr'>ruttt</span> <span class='ocrx_word' id='word_1_272' title='bbox 1010 4675 1178 4770; x_wconf 81' lang='lat' dir='ltr'>adiecta</span> <span class='ocrx_word' id='word_1_273' title='bbox 1214 4673 1464 4761; x_wconf 83' lang='lat' dir='ltr'>conditione</span> <span class='ocrx_word' id='word_1_274' title='bbox 1498 4699 1715 4785; x_wconf 75' lang='lat' dir='ltr'>proroga-</span> 
     </span>
     <span class='ocr_line' id='line_1_37' title="bbox 226 4793 1714 4918; baseline -0.003 -38"><span class='ocrx_word' id='word_1_275' title='bbox 226 4811 320 4882; x_wconf 87' lang='lat' dir='ltr'>tum</span> <span class='ocrx_word' id='word_1_276' title='bbox 356 4798 434 4885; x_wconf 90' lang='lat' dir='ltr'>luit</span> <span class='ocrx_word' id='word_1_277' title='bbox 479 4801 532 4888; x_wconf 90' lang='lat' dir='ltr'>atl</span> <span class='ocrx_word' id='word_1_278' title='bbox 570 4799 925 4918; x_wconf 82' lang='lat' dir='ltr'>quintptconiuta</span> <span class='ocrx_word' id='word_1_279' title='bbox 975 4800 1048 4888; x_wconf 88' lang='lat' dir='ltr'>die</span> <span class='ocrx_word' id='word_1_280' title='bbox 1082 4800 1143 4886; x_wconf 75' lang='lat'>20</span> <span class='ocrx_word' id='word_1_281' title='bbox 1177 4795 1440 4886; x_wconf 86' lang='lat' dir='ltr'>Novembris</span> <span class='ocrx_word' id='word_1_282' title='bbox 1472 4793 1584 4881; x_wconf 82' lang='lat' dir='ltr'>tart</span> <span class='ocrx_word' id='word_1_283' title='bbox 1622 4857 1632 4894; x_wconf 82' lang='lat'>‚</span> <span class='ocrx_word' id='word_1_284' title='bbox 1670 4809 1714 4877; x_wconf 91' lang='lat' dir='ltr'>et</span> 
     </span>
     <span class='ocr_line' id='line_1_38' title="bbox 221 4915 1708 5041; baseline -0.005 -33"><span class='ocrx_word' id='word_1_285' title='bbox 221 4917 386 5012; x_wconf 86' lang='lat' dir='ltr'>iterum</span> <span class='ocrx_word' id='word_1_286' title='bbox 419 4925 476 5012; x_wconf 92' lang='lat' dir='ltr'>ad</span> <span class='ocrx_word' id='word_1_287' title='bbox 510 4923 627 5012; x_wconf 90' lang='lat' dir='ltr'>aliud</span> <span class='ocrx_word' id='word_1_288' title='bbox 662 4924 1017 5041; x_wconf 85' lang='lat' dir='ltr'>quinquennium</span> <span class='ocrx_word' id='word_1_289' title='bbox 1043 4922 1133 5013; x_wconf 78' lang='lat' dir='ltr'>sub</span> <span class='ocrx_word' id='word_1_290' title='bbox 1156 4921 1228 5008; x_wconf 84' lang='lat' dir='ltr'>die.</span> <span class='ocrx_word' id='word_1_291' title='bbox 1244 4921 1306 5010; x_wconf 77' lang='lat'>26</span> <span class='ocrx_word' id='word_1_292' title='bbox 1324 4915 1550 5008; x_wconf 85' lang='lat' dir='ltr'>Februarii</span> <span class='ocrx_word' id='word_1_293' title='bbox 1568 4915 1655 5004; x_wconf 87' lang='grc'>187</span> <span class='ocrx_word' id='word_1_294' title='bbox 1661 4918 1708 5002; x_wconf 90' lang='grc'>7.</span> 
     </span>
    </p>

    <p class='ocr_par' dir='ltr' id='par_1_4' title="bbox 83 5038 1720 5658">
     <span class='ocr_line' id='line_1_39' title="bbox 349 5038 1714 5162; baseline -0.009 -26"><span class='ocrx_word' id='word_1_295' title='bbox 349 5047 458 5136; x_wconf 82' lang='lat' dir='ltr'>Cum</span> <span class='ocrx_word' id='word_1_296' title='bbox 488 5065 657 5146; x_wconf 74' lang='lat' dir='ltr'>eastern,</span> <span class='ocrx_word' id='word_1_297' title='bbox 680 5078 795 5136; x_wconf 86' lang='lat' dir='ltr'>nano</span> <span class='ocrx_word' id='word_1_298' title='bbox 821 5045 1020 5162; x_wconf 80' lang='lat' dir='ltr'>pr·ositne</span> <span class='ocrx_word' id='word_1_299' title='bbox 1050 5046 1200 5162; x_wconf 76' lang='lat' dir='ltr'>elapso</span> <span class='ocrx_word' id='word_1_300' title='bbox 1235 5043 1464 5137; x_wconf 70' lang='lat' dir='ltr'>ntsnttullas</span> <span class='ocrx_word' id='word_1_301' title='bbox 1495 5038 1714 5158; x_wconf 52' lang='lat' dir='ltr'>‹putestiof</span> 
     </span>
     <span class='ocr_line' id='line_1_40' title="bbox 222 5163 1713 5268; baseline -0.001 -16"><span class='ocrx_word' id='word_1_302' title='bbox 222 5191 301 5263; x_wconf 86' lang='lat' dir='ltr'>nes</span> <span class='ocrx_word' id='word_1_303' title='bbox 331 5166 375 5255; x_wconf 89' lang='lat' dir='ltr'>io</span> <span class='ocrx_word' id='word_1_304' title='bbox 409 5169 721 5268; x_wconf 70' lang='lat' dir='ltr'>collationibus</span> <span class='ocrx_word' id='word_1_305' title='bbox 746 5167 1045 5262; x_wconf 77' lang='lat' dir='ltr'>Ecclesiastieis</span> <span class='ocrx_word' id='word_1_306' title='bbox 1063 5166 1369 5260; x_wconf 85' lang='lat' dir='ltr'>sacerdotibus</span> <span class='ocrx_word' id='word_1_307' title='bbox 1401 5195 1506 5254; x_wconf 87' lang='lat' dir='ltr'>suae</span> <span class='ocrx_word' id='word_1_308' title='bbox 1541 5163 1713 5266; x_wconf 74' lang='lat' dir='ltr'>dioece-</span> 
     </span>
     <span class='ocr_line' id='line_1_41' title="bbox 221 5283 1713 5409; baseline 0 -36"><span class='ocrx_word' id='word_1_309' title='bbox 221 5288 279 5376; x_wconf 85' lang='lat' dir='ltr'>sis</span> <span class='ocrx_word' id='word_1_310' title='bbox 313 5295 590 5409; x_wconf 88' lang='lat' dir='ltr'>proposucrit</span> <span class='ocrx_word' id='word_1_311' title='bbox 623 5294 802 5382; x_wconf 89' lang='lat' dir='ltr'>actualis</span> <span class='ocrx_word' id='word_1_312' title='bbox 836 5289 1154 5382; x_wconf 71' lang='lat' dir='ltr'>suessionensis</span> <span class='ocrx_word' id='word_1_313' title='bbox 1188 5291 1365 5376; x_wconf 87' lang='lat' dir='ltr'>Praesul</span> <span class='ocrx_word' id='word_1_314' title='bbox 1401 5288 1511 5374; x_wconf 90' lang='lat' dir='ltr'>eirca</span> <span class='ocrx_word' id='word_1_315' title='bbox 1546 5283 1713 5400; x_wconf 77' lang='lat' dir='ltr'>obliga·</span> 
     </span>
     <span class='ocr_line' id='line_1_42' title="bbox 222 5409 1715 5529; baseline -0.008 -24"><span class='ocrx_word' id='word_1_316' title='bbox 222 5411 388 5504; x_wconf 84' lang='lat' dir='ltr'>lionetn</span> <span class='ocrx_word' id='word_1_317' title='bbox 425 5417 720 5509; x_wconf 76' lang='lat' dir='ltr'>Paros-borum</span> <span class='ocrx_word' id='word_1_318' title='bbox 752 5417 927 5508; x_wconf 82' lang='lat' dir='ltr'>Missam</span> <span class='ocrx_word' id='word_1_319' title='bbox 955 5413 1211 5504; x_wconf 82' lang='lat' dir='ltr'>celebrandi</span> <span class='ocrx_word' id='word_1_320' title='bbox 1249 5443 1326 5529; x_wconf 93' lang='lat' dir='ltr'>pro</span> <span class='ocrx_word' id='word_1_321' title='bbox 1356 5411 1524 5528; x_wconf 86' lang='lat' dir='ltr'>populo</span> <span class='ocrx_word' id='word_1_322' title='bbox 1558 5409 1715 5501; x_wconf 87' lang='lat' dir='ltr'>diebus</span> 
     </span>
     <span class='ocr_line' id='line_1_43' title="bbox 83 5529 1720 5658; baseline 0.003 -35"><span class='ocrx_word' id='word_1_323' title='bbox 83 5641 89 5650; x_wconf 26' lang='lat'>¹</span> <span class='ocrx_word' id='word_1_324' title='bbox 222 5529 342 5632; x_wconf 77' lang='lat' dir='ltr'>testis</span> <span class='ocrx_word' id='word_1_325' title='bbox 384 5541 657 5634; x_wconf 85' lang='lat' dir='ltr'>Coueordato</span> <span class='ocrx_word' id='word_1_326' title='bbox 699 5539 978 5658; x_wconf 81' lang='lat' dir='ltr'>suppressis,</span> <span class='ocrx_word' id='word_1_327' title='bbox 1018 5537 1139 5632; x_wconf 79' lang='lat' dir='ltr'>uouit</span> <span class='ocrx_word' id='word_1_328' title='bbox 1183 5565 1274 5632; x_wconf 77' lang='lat' dir='ltr'>ooo</span> <span class='ocrx_word' id='word_1_329' title='bbox 1322 5563 1475 5626; x_wconf 85' lang='lat' dir='ltr'>omues</span> <span class='ocrx_word' id='word_1_330' title='bbox 1511 5530 1720 5630; x_wconf 73' lang='lat' dir='ltr'>causalem</span> 
     </span>
    </p>
   </div>
   <div class='ocr_carea' id='block_1_2' title="bbox 0 0 2282 6336">
    <p class='ocr_par' dir='ltr' id='par_1_5' title="bbox 0 0 2282 6336">
     <span class='ocr_line' id='line_1_44' title="bbox 0 0 2282 6336; baseline 0 0"><span class='ocrx_word' id='word_1_331' title='bbox 0 0 2282 6336; x_wconf 95' lang='lat' dir='ltr'> </span> 
     </span>
    </p>
   </div>
  </div>
 </body>
</html>
