4446 6330
662 409 836 499 111925
869 411 1065 498 Ianuarii
1100 409 1235 500 1879.
1631 419 1684 512 dl

197 533 371 624 adnexu
385 545 616 651 propterea
630 533 812 622 tradunt
829 571 847 612 c
872 533 1114 650 all’ogpetto
1127 533 1177 621 di
1189 535 1446 650 parroechia
1462 536 1519 624 do
1537 541 1696 658 eriper-

194 661 235 746 si
265 659 407 774 pineto
424 655 460 743 le
477 687 619 743 norme
633 655 703 744 dei
719 658 831 746 socri
846 655 1027 744 Gonnoi.
1058 695 1077 738 ι
1104 657 1217 748 Cum
1242 657 1375 776 igitur
1395 659 1576 780 colligit,
1606 680 1692 756 stet

198 782 242 868 in
277 779 390 869 lacto
427 809 579 868 euram
620 781 804 888 minime
847 779 891 867 in
945 779 1073 870 dietis
1120 779 1315 870 Ecclesiis
1359 784 1570 887 exerceri,
1611 818 1691 878 ne·

194 935 286 1022 que
320 921 485 992 easmet
516 904 708 1022 possein
733 902 1018 992 subsidiarias
1051 905 1261 1006 converti,
1289 935 1427 1022 prono
1453 907 1588 996 veluti
1625 912 1692 999 al-

196 1057 279 1115 veo
314 1026 409 1115 lluit
442 1027 657 1116 obiectam
692 1025 991 1118 difficultatem
1028 1025 1069 1114 in
1096 1045 1246 1114 tenues
1269 1059 1396 1118 auras
1418 1030 1558 1118 abire.

323 1148 548 1269 Quidquid
581 1161 728 1238 autem
762 1151 817 1238 sit
857 1149 913 1238 de
938 1151 1089 1268 populi
1135 1181 1185 1238 ac
1222 1147 1454 1240 distantiae
1494 1152 1685 1262 ratione,

193 1271 506 1391 quodcumque
539 1273 724 1360 aliarum
759 1273 1042 1363 ecclesiarum
1090 1273 1368 1378 subsidium,
1408 1279 1690 1396 prosequitur

193 1399 372 1498 Orator,
410 1397 582 1514 quoties
616 1425 825 1514 magnum
849 1396 1182 1485 incommodum
1202 1397 1473 1514 impendeat,
1496 1417 1539 1487 et
1562 1403 1688 1490 exin·

192 1519 250 1610 de
285 1517 513 1608 difficultas
545 1539 817 1608 sacramenta
850 1519 1119 1636 percipiendi
1143 1519 1251 1608 iusta
1275 1520 1425 1608 subest
1458 1553 1586 1612 eausa
1610 1555 1687 1613 no-

193 1671 295 1730 vam
332 1643 577 1758 paroeciam
613 1643 827 1760 erigendi,
846 1641 905 1730 uti
931 1641 1126 1732 unanimi
1159 1643 1289 1730 choro
1313 1641 1471 1732 docent
1491 1646 1682 1761 Fopnon.

193 1766 237 1851 in
273 1797 369 1880 cap.
413 1764 783 1854 Aduenientem
823 1766 874 1852 de
911 1766 1068 1854 Eccles.
1105 1765 1198 1853 aed.
1228 1797 1341 1852 actm.
1370 1767 1446 1865 l9,
1474 1767 1570 1854 Pare
1591 1769 1686 1857 lor·

193 1885 676 1977 denumerationem.
701 1889 777 1978 tit.
805 1891 863 1978 10
888 1891 955 1977 tit.
982 1892 1032 1977 31
1059 1921 1172 1976 aaut.
1193 1889 1239 1988 ὅ,
1263 1889 1477 2005 Pipaotel.
1500 1893 1677 1982 consult.

192 2013 288 2099 230
322 2029 420 2099 tom.
458 2014 620 2100 haam.
655 2014 892 2130 9,‘Ursayo
936 2013 1016 2100 loe.
1050 2014 1124 2099 eit.
1161 2043 1274 2099 num.
1314 2015 1388 2114 72,
1421 2013 1526 2102 Rota
1550 2013 1679 2104 decia.

193 2135 253 2223 39
286 2167 331 2222 n.
358 2136 419 2222 15
457 2167 594 2222 coram
625 2137 866 2251 Peatiaper.
902 2136 987 2226 Sed
1024 2135 1069 2222 in
1092 2135 1204 2224 laeto
1246 2137 1464 2254 estquod
1500 2154 1685 2256 propter

192 2257 291 2346 viae
309 2259 508 2347 laborem
529 2258 680 2351 fideles
714 2277 938 2378 nequeunt
958 2259 1202 2377 paroeciam
1220 2258 1515 2376 frequentare:
1562 2303 1579 2337 ι
1602 2261 1685 2350 Ae-

193 2397 277 2468 tesa
312 2382 355 2468 la
389 2381 584 2469 distance
606 2382 768 2499 pronde
789 2415 870 2469 non
903 2383 1174 2502 frequentatio
1211 2381 1252 2468 lo
1281 2382 1578 2497 parroechia»
1620 2385 1681 2474 ita

193 2503 467 2594 moderatrix
485 2505 755 2594 dell’lstitato
778 2507 996 2604 Durozzn.
1018 2522 1061 2594 et
1084 2507 1319 2624 Episcopus
1340 2505 1683 2623 Albinganensis

192 2627 399 2716 eamdem
437 2646 616 2746 propter
649 2630 863 2719 rationem
889 2628 1021 2718 fidem
1059 2628 1173 2734 lacit,
1212 2627 1331 2744 quod
1367 2647 1489 2716 torna
1522 2625 1682 2752 diffici-

196 2750 356 2838 lissima
406 2751 671 2872 frequentare
719 2753 762 2840 lo
796 2752 1065 2868 parroechia.
1103 2751 1213 2841 Hine
1246 2769 1288 2838 et
1339 2779 1539 2868 proceres
1572 2782 1683 2870 que·

195 2891 352 2962 cuntur
384 2877 424 2960 ei
447 2878 653 2964 trooiomo
675 2909 797 2964 scazo
821 2877 1052 2964 istrazione
1074 2907 1195 2964 scazo
1217 2873 1470 2978 catechismi,
1508 2889 1553 2960 et
1576 2903 1682 2963 eve·

193 2998 255 3084 nit
289 2997 333 3084 in
369 2997 482 3103 dies,
519 3017 565 3086 ut
598 2999 935 3091 acatholicorum
971 3027 1180 3088 numerus
1202 3017 1439 3115 excrescat,
1465 3025 1545 3085 ceu
1582 2999 1684 3115 plu-

194 3149 261 3208 res
295 3136 513 3210 testantur
544 3138 588 3212 et
619 3125 736 3212 cives
770 3125 962 3212 clamant
997 3124 1013 3208 i
1045 3121 1297 3236 protestanti
1334 3187 1344 3206 .
1387 3187 1396 3208 .
1437 3187 1447 3208 .
1484 3121 1523 3206 si
1553 3153 1682 3236 pren-

195 3242 301 3330 doao
336 3246 353 3330 i
384 3249 521 3333 rostri
558 3245 777 3368 sonciulli,
813 3246 884 3334 che
931 3247 969 3332 si
1018 3261 1191 3332 troanno
1231 3244 1352 3360 prioi
1391 3242 1439 3331 di
1472 3242 1679 3361 religiosa

194 3363 370 3455 calcare.
408 3371 502 3457 lmo
536 3370 693 3460 accidit
726 3369 979 3489 aliquando,
1009 3386 1054 3456 ut
1076 3369 1231 3459 eadem
1275 3365 1509 3455 distantiae
1545 3367 1682 3454 ratio·

195 3520 247 3578 ne
284 3503 329 3578 et
362 3491 467 3581 alibi
507 3493 674 3612 absque
698 3494 860 3581 lustrali
895 3525 1008 3612 aqna
1042 3490 1316 3609 baptismatis
1349 3507 1675 3579 sacramentum

194 3613 416 3718 collatum,
454 3631 497 3704 et
530 3617 677 3733 plures
709 3617 930 3736 religionis
960 3613 1193 3733 praesidiis
1225 3611 1421 3703 destituti
1469 3613 1678 3718 obierint,

194 3737 256 3822 uti
290 3753 504 3826 testantur
537 3741 752 3830 Ecclesiae
783 3735 1680 3855 (118105,δίθρὴᾶηυεΡθιὊάἱ,Οαηοηίοιιε

190 3859 316 3947 Rizza
349 3875 394 3948 et
426 3865 670 3952 Canonieus
702 3863 863 3955 Grassi.
901 3863 1115 3952 Adstante
1152 3860 1283 3980 igitur
1314 3887 1474 3976 magno
1514 3859 1679 3946 incom-

189 3983 324 4071 modo
358 4016 407 4073 ac
440 3983 692 4077 difficultate
744 3991 1028 4079 Sacramenta
1078 3981 1352 4103 percipiendi
1396 3977 1577 4068 indubie
1612 3978 1670 4068 ad

190 4105 630 4201 dismembrationem
665 4109 993 4200 deveniendum
1028 4137 1121 4196 esse
1166 4107 1285 4194 iuxta
1317 4104 1394 4194 SS.
1442 4105 1674 4192 Canonum

190 4227 466 4348 disciplinam
500 4235 719 4324 concludit
752 4236 927 4322 Orator.
1179 4323 1182 4330 ,
1259 4245 1261 4250 ’

312 4355 386 4446 Ad
410 4359 652 4448 seeundum
670 4357 861 4446 dubium
885 4354 1070 4472 gradum
1096 4353 1258 4442 iaciens
1282 4347 1675 4467 Augustinensium

193 4463 344 4594 preces
377 4480 638 4570 reiiciendas
677 4509 771 4570 esse
815 4495 933 4566 tenet
970 4477 1187 4568 defensio.
1238 4475 1347 4561 Cum
1393 4471 1511 4558 enim
1553 4471 1675 4560 Sacri

191 4600 390 4690 Canones
423 4604 718 4694 saecularibus
769 4602 1037 4721 presbyteris
1076 4593 1296 4716 paroecias
1337 4593 1549 4684 committi
1600 4593 1676 4680 iu·-

192 4719 341 4828 beant,
381 4728 555 4816 noctitisi
590 4757 720 4850 quam
756 4743 940 4842 urgente
973 4723 1228 4812 necessitate
1263 4735 1307 4806 et
1340 4715 1514 4836 praevia
1539 4717 1682 4834 ponti·

189 4843 285 4932 ficia
317 4847 650 4965 dispensatione
682 4849 908 4968 paroeciae
940 4846 1138 4965 regimen
1163 4839 1454 4960 Regularibus
1477 4856 1540 4927 est
1563 4865 1681 4925 com·
1824 4935 1828 4943 ,

192 4967 476 5075 mittendum,
514 5005 591 5063 eeu
629 4989 726 5092 post
757 4971 1122 5065 constitutionem
1158 4964 1356 5085 Gregorii
1390 4960 1568 5052 Xlllde
1601 4989 1678 5048 an·

191 5119 248 5180 tta
283 5095 397 5184 l58l
441 5095 622 5187 tradunt
659 5095 917 5184 Thomossin.
955 5111 1034 5181 oet.
1087 5108 1124 5179 et
1155 5119 1253 5177 noo.
1290 5086 1450 5174 Eccles.
1494 5083 1673 5199 discipl.

181 5241 284 5327 por.
323 5219 342 5305 ‘l
377 5215 450 5308 tit.
488 5225 517 5310 3
551 5251 642 5336 cop.
680 5223 740 5310 22
771 5247 884 5306 mem.
918 5217 964 5320 9,
998 5211 1175 5302 Barbas.
1199 5211 1357 5298 collect.
1382 5210 1503 5296 Doet.
1542 5205 1618 5293 tit.
1646 5209 1675 5296 3

192 5337 260 5425 tit.
293 5343 355 5430 35
370 5373 483 5432 nam.
506 5349 552 5444 3,
577 5344 789 5434 Pelii-zor.
819 5345 863 5429 ia
879 5339 1067 5427 Maereat.
1095 5335 1295 5452 Reprdor.
1317 5349 1450 5421 tract.
1477 5331 1675 5446 Scopa

183 5479 280 5552 sect.
315 5465 349 5553 la
381 5497 495 5558 narn.
518 5469 625 5568 tat,
658 5469 766 5558 llota
797 5465 922 5554 decis.
965 5463 1057 5552 676
1083 5487 1196 5546 neem.
1234 5459 1295 5546 23
1318 5483 1557 5575 ecpeorata
1577 5453 1668 5541 Mo·
