4516 6318
519 355 610 448 tat
984 351 1066 438 Dic
1100 350 1158 436 t3
1194 349 1346 438 Martii
1380 349 1517 438 l879.

517 523 534 564 ι
574 475 1013 568 communicationem
1043 487 1183 592 potest
1204 471 1328 574 effici,
1355 491 1401 560 ut
1423 489 1746 562 sacramentum
1780 472 2032 592 poeniten-

517 647 534 684 «
579 602 662 688 tiae
695 601 749 687 sit
785 599 971 698 nullum,
1005 615 1046 686 et
1081 615 1234 684 votum
1269 597 1464 684 solemne
1495 597 1698 686 similiter
1730 600 1786 686 sit
1822 596 2032 699 nullum,

521 769 538 807 ι
577 725 610 814 si
645 722 852 838 legitimis
885 722 973 808 suis
1008 719 1177 838 legibus
1212 751 1296 806 non
1334 719 1464 808 luerit
1499 739 1742 838 peractum,
1779 722 1841 812 sic
1881 736 2037 835 potest
2085 772 2092 782 ·

522 894 537 929 ι
578 845 683 936 effici
708 878 786 964 per
813 844 1025 933 Ecclesiae
1061 845 1219 960 legem,
1244 843 1313 930 vel
1346 845 1517 936 Summi
1554 843 1774 932 Pontificis
1807 843 2036 932 constitn-

522 1015 539 1054 «
581 973 763 1073 tionem,
791 985 837 1055 ιιι
871 997 1105 1056 consensus
1141 967 1228 1068 ille,
1266 997 1355 1084 quo
1388 986 1710 1056 sacramentnm
1747 966 2037 1054 nrrttrimonii

523 1140 538 1174 ι
581 1091 822 1210 perficitur,
843 1089 1055 1179 reddatur
1073 1089 1217 1178 nullus
1240 1107 1283 1176 et
1306 1121 1394 1178 nou
1418 1105 1544 1206 aptus
1568 1091 1623 1180 ad
1642 1088 2033 1190 contrahendum,

523 1263 539 1300 ι
579 1217 714 1306 etsie
751 1215 846 1302 talis
879 1227 1126 1304 contractus
1160 1243 1431 1328 consequens
1465 1213 1519 1302 sit
1553 1215 1684 1302 etiam
1720 1215 1886 1312 nullm,
1918 1211 2038 1299 sicut

524 1387 539 1421 ι
580 1339 741 1430 caeteri
777 1371 874 1456 cap.
901 1369 998 1424 cum
1038 1336 1105 1424 lex
1139 1367 1240 1423 cum
1276 1336 1336 1422 ihi
1373 1353 1508 1424 notat.
1548 1369 1676 1454 supra
1713 1337 1769 1426 de
1813 1335 2034 1422 lideiuss.

524 1509 540 1544 ι
582 1463 659 1581 qui
696 1491 795 1551 cum
832 1491 910 1578 per
952 1489 1123 1548 merum
1170 1459 1236 1546 ias
1271 1477 1450 1549 naturae
1485 1459 1598 1548 lirmi
1634 1477 1793 1562 essent,
1822 1461 2034 1548 humana

526 1631 541 1666 ι
584 1589 677 1702 lege
714 1583 1028 1702 inlriuguntur.
1064 1623 1080 1660 s

645 1711 746 1795 Esto
782 1706 937 1824 igitur,
980 1707 1100 1824 qnod
1151 1705 1478 1794 matrimonium
1524 1708 1652 1799 civile
1697 1738 1751 1794 ex
1799 1705 2032 1794 materiali

520 1851 640 1924 actus
662 1831 831 1920 externi
867 1828 1155 1946 dispositione
1187 1846 1228 1916 et
1263 1860 1317 1918 ex
1360 1827 1608 1920 intentione
1631 1827 1860 1946 agentium
1892 1858 2034 1949 prae-

521 1956 682 2047 sclorat
717 1953 906 2070 speciem
932 1952 1170 2070 quamdam
1198 1953 1471 2040 matrimonii
1496 1951 2038 2060 clandestiui3au'ta1nen

525 2081 640 2170 idem
677 2093 798 2166 actus
831 2077 885 2167 sit
918 2107 1072 2193 reapse
1095 2069 1260 2163 'verum
1307 2075 1640 2164 matrimonium
1668 2073 1728 2164 'iu
1776 2108 1905 2166 sensu
1950 2079 2039 2164 Ec-

520 2205 681 2293 clesiae
716 2198 1055 2304 clandestinum,
1077 2229 1125 2286 ac
1159 2199 1435 2315 suppositum
1461 2201 1602 2316 pariat
1627 2201 2030 2318 impedimentum,

521 2325 643 2417 hand
677 2322 1000 2443 exquirendum
1037 2340 1100 2410 est
1134 2353 1159 2410 a
1193 2321 1309 2410 civili
1357 2322 1638 2440 legislatore,
1676 2327 1751 2442 qui
1799 2355 1938 2440 super
1984 2321 2037 2408 fi-

522 2450 689 2539 delium
728 2447 1011 2535 matrimonio
1047 2445 1213 2538 nullam
1238 2445 1371 2532 hahet
1396 2446 1762 2552 iurisdictionem;
1792 2479 1944 2568 noque
1972 2445 2036 2534 ab

521 2575 744 2691 agentium
782 2569 1055 2668 intentione,
1093 2571 1168 2686 qai
1210 2567 1422 2658 iuridicae
1455 2589 1574 2658 actus
1607 2571 1806 2688 qualitati
1842 2588 1882 2657 et
1924 2570 2038 2660 elle·

522 2697 666 2784 ctibns
708 2693 814 2780 nihil
849 2689 1013 2780 addere
1067 2692 1134 2778 rel
1170 2693 1405 2781 detrahere
1440 2713 1649 2811 possunt,
1689 2695 1764 2782 sed
1803 2697 1932 2784 unice
1973 2691 2033 2779 ab

522 2819 748 2922 Ecclesia,
787 2847 898 2933 quae
933 2833 1065 2932 prout
1102 2814 1471 2934 impedimentum
1526 2818 1666 2934 potuit
1705 2817 1915 2920 adiicere,
1963 2815 2029 2903 ita

523 2941 770 3060 quemlibet
806 2938 1145 3027 ecclesiasticum
1181 2938 1385 3026 ellectum
1421 2940 1723 3028 caeremoniae
1741 2940 1858 3028 civili
1883 2941 2033 3030 dene-

523 3097 644 3184 gare,
673 3080 748 3152 aut
773 3061 905 3150 etiam
945 3061 1141 3154 adimere
1176 3061 1405 3180 potuisset,
1429 3063 1523 3152 sive
1543 3064 1660 3152 illam
1685 3095 1890 3152 coercens
1911 3063 2048 3150 iuter·

524 3207 646 3276 actus
683 3217 804 3274 ruere
838 3186 1012 3289 civiles,
1048 3218 1096 3275 ac
1130 3204 1368 3304 propterea
1405 3185 1691 3276 inhabilitans
1723 3187 1778 3276 ad
1813 3187 2030 3274 ellectum

524 3309 865 3398 ecclesiasticum
904 3309 1260 3426 producendum,
1286 3309 1377 3398 sive
1411 3309 1609 3401 eiusdem
1647 3326 1847 3428 respectu
1886 3312 1946 3396 im
1957 3339 2035 3426 pe·

522 3432 774 3522 diruentem
814 3432 956 3548 ipsum
994 3434 1294 3550 supprimens.
1322 3437 1468 3522 Monet
1504 3465 1694 3552 namque
1728 3434 1834 3522 scite
1870 3437 2030 3520 Berar·

525 3555 626 3646 dius
655 3558 720 3642 ius
748 3555 887 3642 eccles.
914 3559 1030 3642 nair.
1053 3555 1139 3642 ool.
1166 3557 1211 3643 2.
1239 3555 1481 3644 disserta.
1510 3575 1663 3674 quaest.
1693 3558 1782 3646 2³
1826 3559 1916 3644 lloc
1943 3556 2027 3641 im·

532 3723 547 3758 ⁴
590 3679 897 3797 pedimeutum
934 3677 1144 3798 (iustitiae
1192 3677 1397 3796 publicae
1436 3679 1696 3799 honestatis)
1732 3681 1788 3768 ab
1817 3681 1909 3766 iure
1944 3710 2030 3795 pu·

533 3845 548 3880 ‹
587 3805 704 3894 blico
741 3801 921 3918 pendet,
946 3803 1039 3890 sive
1072 3832 1138 3889 ex.
1163 3801 1270 3890 iuris
1304 3801 1469 3919 publici
1489 3807 1730 3906 sanctione,
1756 3833 1841 3890 nou
1860 3833 1915 3890 ex
1941 3799 2042 3916 pri·v

531 3965 548 4002 ι
592 3941 691 4014 vato
725 3924 1390 4030 contrahentiumcoaseusu,ac
1429 3944 1665 4046 propterea
1693 3926 2031 4044 qualiscumque

533 4089 549 4124 ι
590 4063 701 4136 esset
725 4046 1074 4136 contrahentium
1095 4078 1218 4137 mens
1236 4047 1382 4168 potuit
1406 4049 1754 4140 auctoritatesua
1780 4047 2028 4136 Eonilacius

531 4211 548 4250 ι
591 4169 816 4260 declarare
851 4171 981 4262 etiam
1017 4202 1072 4259 ex
1107 4203 1160 4271 eo
1194 4191 1293 4262 actu
1327 4173 1534 4262 iustitiam
1561 4173 1765 4292 publicae
1787 4167 2029 4261 honestatis

536 4336 552 4372 ι
595 4325 893 4409 emergere.»
1663 4381 1665 4386 ,

657 4417 775 4530 Quid
811 4449 943 4535 porro
978 4437 1041 4507 est
1073 4450 1220 4508 coram
1256 4419 1442 4510 Ecclesia
1478 4421 1808 4510 matrimonium
1864 4413 2029 4505 civile?

531 4541 578 4632 S.
615 4541 963 4630 Poenitentiaria
994 4541 1051 4632 de
1084 4542 1293 4632 mandato
1326 4544 1452 4636 ssmt
1484 4545 1534 4631 P.
1571 4543 1637 4632 Pii
1683 4546 1763 4632 tx.
1804 4541 2021 4630 declarat.

538 4706 554 4744 ι
594 4664 734 4752 L’atto
767 4663 895 4752 civile
930 4665 1073 4753 aranti
1110 4667 1167 4786 gli
1202 4665 1321 4755 occhi
1357 4667 1402 4756 di
1437 4667 1522 4762 Dio
1555 4698 1580 4755 e
1613 4665 1727 4756 della
1762 4696 1839 4756 sua
1873 4663 2029 4754 Chiesa

542 4819 685 4894 onon
721 4787 809 4906 pud
842 4818 984 4878 essere
1017 4789 1291 4878 considerato
1328 4791 1372 4878 in
1407 4808 1534 4880 conto
1568 4791 1739 4897 alcano,
1778 4783 2026 4882 nunchiadi

541 4929 885 5015 «sacramento,
915 4943 1115 5032 ueppure
1138 4913 1182 5002 di
1206 4929 1475 5004 contraho.»
1515 4917 1626 5034 Ergo
1659 4943 1807 5005 coram
1833 4908 2024 5002 Ecclesia
2056 4969 2058 4974 -

538 5051 658 5124 actus
690 5035 828 5126 civilis
862 5035 980 5126 nullo
1015 5035 1057 5124 in
1093 5037 1235 5154 pretio
1270 5035 1423 5126 haberi
1458 5055 1616 5156 potest.
1655 5041 1714 5126 At
1748 5068 1850 5127 vero
1896 5030 2024 5124 nihili

535 5175 652 5248 certe
687 5159 913 5250 faciendus
950 5191 1037 5248 nou
1060 5179 1171 5252 esset
1195 5161 1312 5252 idem
1337 5177 1473 5266 actus,
1496 5161 1529 5252 si
1553 5160 1872 5281 aequipolleret
1893 5186 2026 5276 spon·

535 5280 715 5385 salibus,
743 5315 899 5402 quaes
919 5287 976 5374 Ι).
997 5286 1165 5376 Thomu
1199 5285 1529 5376 sacramentalia
1548 5284 1821 5374 matrimonii
1855 5312 2025 5372 nuncu-

536 5421 713 5524 pantur,
742 5421 817 5495 aut
849 5409 1111 5498 constituere
1144 5425 1289 5530 posset
1325 5409 1655 5500 matrimonium
1679 5407 2018 5506 clandestinum,

540 5527 659 5648 quod
695 5546 772 5619 est
792 5561 926 5650 grave
959 5531 1141 5638 lacinus,
1168 5533 1467 5651 gravibusque
1499 5532 1651 5653 poenis
1674 5533 1933 5635 obnoxium,
1960 5541 2029 5615 nt-
