4446 6330
671 331 754 418 Dia
785 331 846 418 25
879 329 1076 418 Ianuarii
1110 331 1247 420 t879.
1638 331 1691 416 51

220 495 237 535 ι
276 457 392 544 RlRl
445 453 848 546 MATRtttONtUM
889 454 1078 546 FUlSSE
1126 453 1570 558 CONSUMMATUM,
1625 451 1707 542 do·

221 621 238 656 c
278 577 366 668 cuit
398 579 443 668 S.
481 580 534 664 Η.
572 579 628 666 Ο.
664 591 748 664 ete.
786 575 902 688 Quin
952 577 1056 666 baec
1088 576 1289 665 enervari
1325 576 1498 664 valeant
1531 575 1599 663 vel
1647 576 1708 664 iu·

221 743 239 782 ι
278 715 478 789 ramento
511 700 764 815 coniugum,
801 699 877 816 qui
910 730 1150 817 numquam
1186 729 1510 788 consummasse
1556 699 1706 786 matri-

221 864 240 902 «
282 825 481 911 monium
517 820 659 924 aiunt,
697 821 765 909 vel
804 821 978 909 testium
1013 823 1102 911 lide
1135 823 1214 910 hac
1247 853 1378 940 snper
1410 851 1458 909 re
1482 820 1709 938 deponen-

221 987 239 1028 ι
279 947 409 1051 tiu1n3
448 943 879 1066 praeterquamquod
915 945 1022 1032 illud
1057 944 1306 1032 collusionis
1338 944 1584 1064 suspicione
1618 975 1706 1033 neu

221 1108 238 1146 ι
280 1088 412 1172 caret,
450 1099 549 1156 cum
585 1069 691 1155 inito
725 1068 861 1154 veluti
896 1066 1074 1156 loedere
1098 1069 1257 1156 instant
1280 1099 1359 1183 pro
1382 1068 1707 1182 dispensatione

221 1232 238 1270 ι
280 1191 414 1279 iidem
450 1193 671 1309 coniuges,
708 1189 861 1307 quiin
896 1189 1039 1306 primo
1089 1209 1133 1280 et
1184 1190 1321 1277 altero
1370 1190 1518 1280 iudicii
1568 1191 1705 1308 gradu

222 1356 238 1393 ι
278 1314 568 1417 dissidebant,
606 1315 785 1398 ritanime
818 1345 906 1398 cirne
941 1313 1108 1431 deficiat
1137 1311 1334 1429 probatio
1373 1312 1569 1429 physicae
1617 1315 1705 1398 oir-

220 1478 237 1517 ι
276 1439 470 1554 pinitatis
503 1437 710 1540 mulieris,
732 1467 899 1523 necnon
935 1437 1044 1524 lides
1076 1435 1292 1552 septimae
1317 1466 1471 1524 manns
1495 1435 1596 1554 (pro
1617 1467 1706 1552 qua

220 1602 238 1640 ι
280 1579 423 1648 tamen
459 1575 744 1677 suppeterent
778 1557 860 1644 alii
888 1561 1051 1678 testes).
1079 1562 1230 1676 Neque
1249 1559 1317 1646 hic
1339 1559 1614 1676 acquiescere
1638 1559 1700 1648 las

221 1725 237 1762 ι
278 1698 390 1772 esset
420 1699 609 1770 matrum
635 1681 915 1800 depositioni,
945 1700 1225 1800 utpoteqnae
1243 1679 1538 1798 conspirando
1573 1680 1708 1770 disso-

223 1847 239 1885 ι
277 1805 437 1893 lutioni
462 1804 751 1906 matrimonii,
771 1805 890 1922 quod
912 1807 1034 1892 initio
1055 1807 1173 1920 ipsae
1190 1803 1545 1908 conciliaverant,
1574 1802 1704 1892 nimis

220 1968 236 2006 ι
276 1945 504 2044 suspectae
537 1927 766 2016 habendae
790 1945 904 2016 sunt.
932 1931 1080 2016 Testes
1105 1957 1209 2016 vere
1232 1957 1284 2014 eo
1308 1927 1450 2016 miuus
1472 1927 1698 2030 audiendi,

224 2093 240 2128 ι
279 2053 382 2169 quia
414 2050 483 2138 vel
519 2081 572 2138 ex
605 2051 780 2154 auditu,
822 2051 886 2139 vel
920 2083 974 2140 ex
1007 2051 1229 2170 opinione,
1269 2051 1335 2136 vel
1371 2083 1424 2140 ex
1459 2048 1591 2150 lama,
1621 2079 1706 2136 nun

223 2205 372 2262 «esse
425 2191 775 2262 consummatum
825 2174 1154 2262 matrimonium
1204 2171 1434 2290 deponunt
1482 2212 1520 2260 ι.
1579 2170 1704 2260 Hisce

216 2298 417 2413 expensis
471 2296 745 2404 rationibus,
799 2329 847 2384 ac
891 2297 1057 2414 duplici
1093 2297 1270 2384 DllBlO
1307 2312 1408 2384 tunc
1441 2297 1703 2412 proposito,

222 2461 237 2496 ι
263 2422 312 2511 ¹l.
337 2421 407 2506 Aa
441 2435 591 2506 constet
624 2419 674 2507 de
706 2419 902 2508 rrrrllitnte
924 2421 1187 2506 rnntrinronii
1210 2421 1253 2505 in
1276 2450 1371 2503 casn
1402 2453 1442 2520 ·,·
1467 2421 1529 2506 Et
1551 2433 1705 2534 quate-

212 2573 290 2630 nus
324 2542 544 2658 negative.
587 2583 603 2622 ι
646 2546 700 2630 ll.
739 2545 808 2630 An
853 2545 908 2630 sit
941 2541 1231 2630 consulendum
1264 2541 1391 2628 SSrtto
1427 2573 1508 2657 pro
1533 2539 1702 2654 dispen-

220 2707 237 2742 ι
277 2669 439 2752 satione
473 2666 517 2750 in
550 2697 646 2752 casu
685 2709 700 2744 ι
742 2667 835 2754 iure
867 2697 918 2754 ac
965 2665 1123 2753 merito
1170 2684 1400 2780 utramque
1448 2663 1706 2782 petitionem

202 2789 263 2908 ¹S.
301 2789 463 2877 ORDO
487 2789 757 2906 propulsavit
777 2789 1085 2904 respondens«
1110 2787 1184 2874 Act
1219 2790 1256 2874 1.
1283 2791 1488 2902 nepetino.
1549 2784 1620 2872 Ad
1642 2784 1700 2874 ll.

214 2912 283 2998 Ex
316 2910 505 2998 deductis
540 2911 658 2999 ttott
687 2909 991 3000 CONSTARE
1027 2912 1106 2998 DE
1130 2912 1247 3000 ΝΟΝ
1266 2908 1704 2998 consulturum-

217 3035 293 3122 tta
330 3032 691 3122 ammoneat!
728 3075 768 3122 ι.

338 3157 416 3243 24.
454 3157 889 3276 Praesumptionibus
926 3157 1171 3246 istiusmodi
1208 3153 1604 3248 vehementissimis
1627 3185 1708 3242 ur-

214 3278 440 3399 gentibus,
477 3279 597 3368 band
631 3281 715 3368 alio
749 3279 933 3396 aedepol
980 3281 1273 3370 laudamento
1317 3278 1705 3370 inconsummatio-

216 3403 282 3490 nis
316 3419 506 3489 assertae
540 3403 746 3520 probatio
769 3417 812 3490 et
828 3403 1044 3492 certitudo
1078 3403 1240 3494 adstrui
1261 3421 1422 3523 posset,
1449 3429 1580 3520 quam
1606 3431 1703 3488 cor-

215 3524 356 3643 porali
392 3524 588 3614 mulieris
629 3526 895 3642 inspectione
928 3525 984 3616 ad
1019 3526 1205 3614 lormam
1240 3524 1538 3616 Instructionis
1561 3525 1705 3613 S.Or·

215 3647 332 3738 dinis
364 3647 426 3734 22
459 3649 645 3766 Augusti
688 3649 826 3738 lSlO.
862 3651 982 3738 Hanc
1032 3649 1100 3737 vel
1147 3650 1365 3768 imprimis
1409 3645 1705 3736 adhibendam

216 3800 307 3859 esse
341 3771 650 3885 probationem
699 3771 877 3890 quaudo
929 3788 1114 3892 uterque
1163 3774 1324 3862 coniux
1371 3768 1706 3891 promovendae

213 3893 528 4009 dispensationi
575 3897 825 4012 conspirat,
862 3895 1037 4014 egregie
1071 3895 1277 3984 admonet
1311 3894 1598 3990 Coscius‚ceu
1623 3889 1701 3978 de·

216 4045 345 4133 super
384 4016 590 4121 vidimus,
627 4019 691 4104 De
722 4035 906 4134 separat.
953 4035 1035 4108 tor.
1065 4015 1138 4105 tit.
1183 4021 1201 4107 l
1250 4049 1343 4135 cap.
1383 4018 1441 4104 l6
1474 4047 1587 4103 nam.
1624 4015 1705 4119 63,

225 4178 241 4218 r
278 4140 323 4230 Si
358 4139 533 4242 coniux,
568 4141 705 4228 altero
749 4141 1075 4244 consentiente,
1122 4173 1255 4261 super
1298 4139 1577 4230 matrimonio
1612 4154 1708 4226 rato

224 4301 240 4340 ι
279 4263 466 4378 postulet
501 4263 890 4380 dispensationem,
919 4263 1116 4383 illudque
1147 4297 1235 4354 non
1257 4265 1392 4354 luisse
1424 4291 1704 4352 consumma·

225 4424 240 4462 ι
279 4401 374 4472 tum
409 4401 598 4505 uterque
631 4385 835 4491 latratur,
872 4387 985 4476 HOC
1018 4390 1268 4478 ruebant
1318 4387 1561 4478 Peruatt‘
1594 4385 1704 4472 PER
1767 4444 1775 4459 ·

226 4547 242 4586 ι
279 4507 674 4600 OssSTETRlCUM
708 4511 1130 4617 lNSPEGTlONEll,
1153 4531 1370 4631 quatenus
1391 4509 1551 4597 mulier
1573 4535 1704 4595 suum

229 4669 245 4707 ι
281 4661 438 4748 corpus
476 4661 554 4748 per
587 4631 764 4724 easdem
815 4633 1135 4752 inspiciendum
1181 4633 1350 4737 ollerat,
1387 4661 1527 4748 eoque
1562 4629 1703 4746 inspe-

230 4793 245 4831 ‹
281 4767 366 4857 cto,
410 4754 580 4843 nullum
634 4756 818 4846 recentis
851 4758 1035 4876 copulae
1067 4759 1240 4877 signum
1275 4769 1485 4876 appareat
1512 4795 1552 4840 ι.
1589 4753 1706 4838 llaec

223 4876 482 4966 examussim
517 4907 642 4968 mens
673 4877 756 4968 luit
778 4881 823 4970 S.
844 4879 1037 4986 Ordinis,
1075 4881 1182 4970 dum
1226 4875 1543 4999 albinganensi
1576 4873 1705 4962 Anti·

223 4998 308 5088 stiti
339 4998 656 5089 conlectionem
690 5032 915 5120 processus
948 5003 1251 5112 demandavit,
1288 5006 1449 5095 inserta
1483 4995 1696 5099 insimul,

222 5125 366 5242 pronti
401 5123 534 5210 babet
566 5125 844 5242 Rescriptum
877 5125 968 5216 diei
1001 5127 1060 5216 l2
1093 5129 1277 5249 Augusti
1326 5125 1448 5215 ture
1490 5164 1507 5202 ι
1546 5121 1706 5209 Instru-

222 5245 352 5333 ctionc
383 5245 428 5335 S.
455 5246 802 5364 Conprepatiouis
841 5290 880 5346 s,
920 5249 961 5336 in
994 5281 1081 5368 qua
1105 5251 1253 5370 regula
1288 5267 1330 5337 et
1353 5277 1509 5335 norma
1527 5246 1570 5332 in
1595 5245 1705 5333 eius·

225 5367 345 5457 modi
379 5367 724 5486 inspectionibus
764 5369 1042 5490 perficiendis
1091 5373 1410 5491 praestituitur.
1447 5375 1613 5461 Verum
1647 5367 1706 5460 de

226 5491 303 5579 bac
339 5492 606 5610 inspectione
640 5525 719 5582 uec
741 5495 827 5612 agi,
854 5525 935 5582 nec
972 5495 1151 5612 cogitari
1183 5497 1363 5618 quidem
1386 5495 1539 5602 valuit,
1565 5520 1703 5612 quum
