4460 6332
541 415 633 508 esa
1020 409 1104 496 no
1130 406 1191 496 aa
1222 404 1409 521 Asson·
1438 403 1579 498 raro.

411 539 415 548 ’
549 567 652 632 usus
682 531 975 626 concessione.
1013 529 1219 624 Secundo
1248 529 1372 646 quod
1389 527 1680 618 Bononiensis
1705 525 2037 644 Arcbiepiscopi

552 659 785 753 auctoritas
818 653 1005 744 accessit'
1037 653 1114 772 qui
1152 650 1340 742 dominii
1383 649 1652 770 agnitionem
1688 650 1912 769 probavit.
1949 652 2048 738 dr-

554 779 883 899 obiepisoopum
918 774 1039 893 quod
1072 775 1248 880 attinet,
1283 773 1363 862 etsi
1399 773 1513 864 illius
1545 775 1777 863 auctoritas
1829 771 2048 860 interfuis-

552 921 632 1008 set,
672 899 900 990 contendit
932 897 1120 986 sodalitii
1160 897 1365 986 defensor
1399 928 1484 986 non
1524 898 1718 1012 potuisse
1750 925 1854 984 eum
1889 894 2046 984 domi·-

554 1027 677 1116 nium
713 1022 825 1112 illud
860 1019 1098 1109 translerre
1130 1051 1218 1138 quo
1252 1019 1346 1136 ipse
1381 1049 1466 1110 non
1510 1019 1739 1136 pollebat,
1776 1049 1877 1107 cum
1912 1017 2045 1106 Ordi-

553 1147 665 1237 narii
709 1143 1089 1234 administratores
1121 1143 1223 1246 sint,
1267 1173 1352 1230 non
1377 1141 1563 1246 domini,
1603 1173 1698 1246 nec,
1736 1141 1904 1261 absque
1928 1143 2044 1228 Pou-

554 1268 680 1360 tilicis
714 1267 861 1369 venia,
899 1265 1115 1354 Ecclesiae
1146 1266 1264 1354 bona
1297 1265 1491 1354 alienare
1527 1266 1708 1382 possint,
1735 1281 1867 1380 prout
1887 1278 2044 1380 aperte

557 1391 745 1482 traditur
769 1389 811 1476 in
846 1388 1070 1476 notissima
1104 1404 1273 1496 extrav.
1299 1383 1577 1478 Ambitioaoc.
1613 1387 1702 1480 Sed
1736 1385 2041 1502 Arcbiepisco·

557 1543 664 1632 pum
696 1509 888 1599 dominii
922 1510 989 1597 ius
1022 1509 1141 1600 nullo
1174 1511 1307 1600 modo
1338 1512 1566 1630 agnovisse
1586 1512 1664 1600 ait.
1690 1511 2042 1602 Conventionem

557 1634 741 1752 quidem
778 1633 894 1720 illius
928 1633 1152 1722 decretum
1187 1633 1386 1736 sancivit,
1424 1634 1503 1724 sed
1537 1665 1673 1724 unum
1701 1647 1958 1749 patronatus
1981 1632 2048 1720 ius

556 1757 776 1875 integrum
808 1784 991 1844 manere
1023 1754 1216 1860 admisit,
1254 1773 1385 1875 prout
1419 1759 1554 1848 rerba
1579 1758 1783 1847 docent·
1821 1754 1940 1841 sclao
1976 1771 2047 1842 tn-

557 1909 644 1968 meu
685 1943 695 1966 .
735 1943 745 1962 .
786 1945 798 1961 .
835 1879 928 1966 iuro
956 1893 1207 1994 potronatus
1239 1877 1422 1968 eiusdem
1455 1881 1648 1971 ecclesiae
1663 1880 1811 1999 sonore
1847 1877 2048 1994 praelau-

559 1999 653 2090 dati
686 2001 746 2086 D.
783 2000 1143 2092 Comnreudntoris
1175 2002 1460 2104 Zambecenri,
1496 2005 1660 2120 eiusque
1691 2033 1963 2088 successorum
2002 2042 2042 2088 ι.

680 2123 813 2236 Quod
847 2155 951 2214 vero
985 2125 1042 2214 ad
1080 2125 1266 2240 primam
1301 2127 1611 2228 abiectionem,
1646 2126 1706 2216 de
1737 2123 1960 2240 agnitione
1991 2153 2047 2210 ex

554 2263 684 2364 parte
717 2245 915 2336 eiusdem
950 2246 1168 2352 Sodalitii,
1207 2249 1377 2340 veritati
1417 2281 1502 2340 non
1530 2249 1656 2338 inniti
1682 2249 1772 2338 ait:
1810 2247 1902 2364 ipse
1926 2246 2045 2334 enim

558 2367 892 2458 Zambeccarius
925 2369 991 2460 ius
1024 2397 1151 2458 suum
1197 2371 1241 2460 iu
1266 2372 1451 2462 Ecclesia
1482 2372 1657 2464 inscribi
1693 2370 1931 2490 postulavit
1956 2410 1972 2447 ι
1998 2400 2049 2456 aa

559 2491 654 2580 iure
685 2506 933 2606 potronatus
973 2533 1012 2580 ·.
1049 2493 1277 2612 Quidquid
1303 2526 1407 2586 vero
1438 2496 1495 2586 de
1529 2495 1748 2614 agnitione
1776 2493 1849 2596 sit,
1887 2492 2048 2580 nullius

558 2611 677 2704 lacto
711 2614 780 2702 vel
817 2615 1068 2704 testimonio
1090 2616 1266 2734 adquiri
1292 2649 1434 2736 posse,
1461 2619 1645 2737 quaein
1673 2615 1944 2736 privatorum
1966 2614 2044 2704 do·

555 2735 700 2824 minio
733 2765 829 2826 esse
862 2757 1105 2856 nequeunt.

682 2861 860 2952 Nullum
886 2859 1020 2977 igitur
1051 2860 1238 2952 dominii
1273 2864 1338 2952 ius
1371 2865 1704 2954 Zambeccariae
1727 2861 1846 2982 genti
1883 2859 2043 2948 admit-

557 2979 742 3070 tendum
787 2981 1009 3072 adfirmat.
1054 2987 1196 3076 lmmo
1238 2989 1305 3076 vel
1340 2987 1482 3104 ipsum
1518 2990 1586 3077 ius
1618 3001 1877 3105 patronatus
1910 3013 2046 3100 oppu-

562 3103 687 3222 gnari
725 3135 852 3223 posse
883 3121 1048 3196 censet.
1085 3109 1255 3199 Aedem
1300 3111 1417 3198 enim
1450 3141 1477 3200 a
1510 3141 1557 3198 se
1596 3123 1894 3226 recuperatam
1932 3136 2046 3194 mar·

555 3225 652 3318 chio
686 3227 729 3314 in
764 3226 1047 3347 inscriptione
1085 3233 1178 3322 ait:
1219 3233 1295 3322 sed
1340 3233 1500 3324 exinde
1549 3233 1614 3322 ius
1660 3247 1921 3352 patronatus
1954 3259 2043 3316 non

559 3349 802 3467 quaeritur,
850 3369 977 3469 prout
1010 3355 1141 3448 tradit
1164 3355 1396 3473 Gopliardi
1428 3355 1479 3444 de
1502 3359 1710 3472 iurepotr.
1747 3370 1804 3446 to.
1842 3351 2044 3466 Icop.5

554 3502 668 3560 uuna.
706 3475 784 3562 48:
821 3474 958 3565 immo
1005 3507 1061 3566 ne
1105 3497 1309 3596 sumptus
1354 3478 1536 3596 quidem
1585 3477 1644 3568 ad
1678 3475 2038 3566 instaurationem

556 3593 814 3714 prodesset,
847 3625 947 3688 cum
993 3598 1086 3716 ipsa
1129 3599 1375 3692 aedificatio
1408 3600 1464 3690 ad
1502 3617 1780 3718 patronatum
1833 3629 2042 3718 quaeren-

556 3716 665 3808 dum
699 3747 786 3808 uon
822 3721 966 3810 valeat
995 3722 1093 3812 sine
1126 3724 1369 3814 dotatione.
1413 3725 1523 3814 Eum
1561 3742 1794 3843 propterea
1828 3724 1872 3812 in
1904 3723 2039 3810 bene·

558 3838 797 3928 lactoribus
831 3843 975 3958 potius
1008 3873 1143 3962 quam
1180 3847 1223 3935 in
1257 3845 1565 3938 fundatoribus
1588 3879 1680 3938 esse
1702 3845 2038 3946 recensendum,

560 3977 693 4077 prout
726 3963 936 4052 admonet
969 3965 1087 4056 idem
1122 3967 1355 4086 Gupliardi
1387 3972 1432 4060 iu
1466 4003 1536 4086 op.
1560 3973 1633 4058 cit.
1660 4003 1703 4058 u.
1732 3971 1791 4060 48
1823 3987 1861 4058 ct
1893 3969 1969 4056 40.

688 4085 892 4174 Attamen
928 4089 992 4176 ius
1035 4107 1291 4207 patronatus
1322 4125 1345 4180 a
1379 4094 1592 4186 Sodalitio
1628 4094 1663 4184 si
1709 4089 2046 4181 marchionissae

559 4201 747 4320 placeat,
786 4238 872 4296 non
906 4208 1099 4304 invideri
1144 4215 1223 4304 ait.
1276 4217 1494 4306 Patronus
1540 4247 1643 4305 vero
1667 4215 1882 4304 Ecclesiae
1918 4241 2040 4302 usum

557 4324 771 4416 Sodalitio
805 4335 1041 4424 concessit:
1080 4354 1213 4454 atque
1238 4355 1283 4426 ut
1307 4339 1508 4457 legitime
1534 4339 1829 4440 concederet,
1868 4336 2044 4424 Arabic-

556 4450 724 4568 piscopi
759 4455 1066 4545 auctoritatem
1108 4459 1379 4578 imploravit.
1415 4465 1642 4574 Quaerens
1680 4479 1911 4580 propterea
1941 4457 2044 4576 quid

556 4587 762 4688 ageretur
795 4575 838 4662 in
883 4581 1179 4673 conventione
1211 4585 1313 4672 anni
1348 4586 1485 4690 1828,
1528 4587 1589 4672 ait
1625 4585 1693 4672 ius
1730 4582 1931 4674 Sodalitii
1956 4611 2038 4669 non

560 4707 649 4834 tam
684 4725 709 4783 a
742 4715 929 4813 patrono
972 4733 1105 4821 quarn
1140 4705 1199 4792 ab
1232 4705 1469 4796 Ordinario
1512 4707 1785 4796 emanavisse
1820 4720 1953 4823 atque
1987 4704 2044 4790 al·

556 4831 638 4904 teu
674 4821 1013 4928 usumfructum,
1056 4825 1181 4916 alteri
1219 4859 1323 4918 vero
1358 4830 1426 4918 ius
1445 4847 1701 4946 patronatus
1734 4826 1944 4918 adscribi.

682 4944 795 5030 Tum
817 4947 1128 5038 animadvertit
1152 4951 1508 5044 marchionissam
1532 4953 1688 5042 lrustra
1709 4951 1883 5071 gloriari
1902 4946 2037 5067 quod,

555 5062 775 5158 Ecclesiae
813 5083 937 5184 parte
979 5070 1164 5178 deleta,
1202 5075 1438 5166 Ecclesiam
1484 5075 1623 5193 ipsam
1662 5074 1955 5177 instauravit,
1992 5099 2039 5158 ac

556 5183 716 5275 lrustra
751 5189 920 5306 pariter
952 5195 1219 5309 aequitatem
1262 5195 1471 5288 iuvocare
1503 5229 1560 5288 ne
1591 5199 1699 5287 alios
1721 5217 1923 5317 sumptus
1945 5223 2045 5313 per-

556 5305 670 5396 lerre
703 5327 902 5428 cogatur.
938 5317 1068 5404 Mittit
1100 5317 1282 5436 quidem
1314 5319 1514 5410 Sodalitii
1547 5319 1751 5410 defensor
1782 5351 1880 5412 eam
1901 5314 2043 5438 pretio

557 5457 640 5544 per
672 5436 960 5552 Municipium
997 5453 1191 5556 accepto,
1228 5457 1360 5561 atque
1393 5443 1494 5532 ideo
1526 5475 1630 5536 aere
1663 5445 1821 5552 alieno,
1846 5441 1967 5565 quod
1987 5434 2045 5526 ad

557 5554 927 5650 usulructuarium
962 5563 1243 5680 pertinebat,
1291 5564 1559 5656 aedificasse.
1610 5567 1755 5662 Unum
1805 5561 2042 5688 respondet

558 5677 679 5791 quod
714 5697 924 5798 patronus
962 5683 1018 5774 ad
1057 5685 1292 5778 Ecclesiam
1327 5688 1657 5780 instaurandam
1709 5693 1778 5782 vel
1810 5693 2041 5786 restituen-
