<?xml version="1.0" encoding="UTF-8"?>
<!DOCTYPE html PUBLIC "-//W3C//DTD XHTML 1.0 Transitional//EN"
    "http://www.w3.org/TR/xhtml1/DTD/xhtml1-transitional.dtd">
<html xmlns="http://www.w3.org/1999/xhtml" xml:lang="en" lang="en">
 <head>
  <title>
</title>
<meta http-equiv="Content-Type" content="text/html;charset=utf-8" />
  <meta name='ocr-system' content='tesseract 3.04.00' />
  <meta name='ocr-capabilities' content='ocr_page ocr_carea ocr_par ocr_line ocrx_word'/>
</head>
<body>
  <div class='ocr_page' id='page_1' title='image "./thesaurusresolu00churgoog_0213.png"; bbox 0 0 4558 6340; ppageno 0'>
   <div class='ocr_carea' id='block_1_1' title="bbox 557 329 2154 4734">
    <p class='ocr_par' dir='ltr' id='par_1_1' title="bbox 563 329 2058 1920">
     <span class='ocr_line' id='line_1_1' title="bbox 566 329 1586 451; baseline -0.007 -20"><span class='ocrx_word' id='word_1_1' title='bbox 566 337 661 432; x_wconf 76' lang='grc'><strong>9911</strong></span> <span class='ocrx_word' id='word_1_2' title='bbox 1032 331 1116 423; x_wconf 83' lang='lat' dir='ltr'><strong>Die</strong></span> <span class='ocrx_word' id='word_1_3' title='bbox 1145 333 1208 421; x_wconf 77' lang='grc'><strong>96</strong></span> <span class='ocrx_word' id='word_1_4' title='bbox 1240 329 1416 451; x_wconf 73' lang='lat' dir='ltr'><strong>Aprilis</strong></span> <span class='ocrx_word' id='word_1_5' title='bbox 1450 333 1586 424; x_wconf 70' lang='lat' dir='ltr'><strong>tam.</strong></span> 
     </span>
     <span class='ocr_line' id='line_1_2' title="bbox 563 453 2058 574; baseline -0.004 -20"><span class='ocrx_word' id='word_1_6' title='bbox 563 464 742 554; x_wconf 91' lang='lat' dir='ltr'><strong>hinrum</strong></span> <span class='ocrx_word' id='word_1_7' title='bbox 773 453 1156 548; x_wconf 89' lang='lat' dir='ltr'><strong>concordationem</strong></span> <span class='ocrx_word' id='word_1_8' title='bbox 1184 470 1501 570; x_wconf 85' lang='lat' dir='ltr'><strong>processerunt.</strong></span> <span class='ocrx_word' id='word_1_9' title='bbox 1542 459 1705 548; x_wconf 79' lang='lat' dir='ltr'><strong>l&#39;arum</strong></span> <span class='ocrx_word' id='word_1_10' title='bbox 1736 470 2058 574; x_wconf 71' lang='lat' dir='ltr'><strong>semustaque</strong></span> 
     </span>
     <span class='ocr_line' id='line_1_3' title="bbox 565 576 2054 698; baseline -0.008 -19"><span class='ocrx_word' id='word_1_11' title='bbox 565 615 691 679; x_wconf 89' lang='lat' dir='ltr'><strong>causa</strong></span> <span class='ocrx_word' id='word_1_12' title='bbox 720 579 776 672; x_wconf 89' lang='lat' dir='ltr'><strong>ad</strong></span> <span class='ocrx_word' id='word_1_13' title='bbox 807 579 1016 668; x_wconf 88' lang='lat' dir='ltr'><strong>hodierna</strong></span> <span class='ocrx_word' id='word_1_14' title='bbox 1044 576 1219 671; x_wconf 90' lang='lat' dir='ltr'><strong>comitia</strong></span> <span class='ocrx_word' id='word_1_15' title='bbox 1245 579 1534 698; x_wconf 87' lang='lat' dir='ltr'><strong>disceptanda</strong></span> <span class='ocrx_word' id='word_1_16' title='bbox 1575 579 1727 670; x_wconf 86' lang='lat' dir='ltr'><strong>luisset</strong></span> <span class='ocrx_word' id='word_1_17' title='bbox 1757 578 2054 684; x_wconf 83' lang='lat' dir='ltr'><strong>demandata,</strong></span> 
     </span>
     <span class='ocr_line' id='line_1_4' title="bbox 564 702 2051 819; baseline -0.001 -23"><span class='ocrx_word' id='word_1_18' title='bbox 564 704 763 799; x_wconf 89' lang='lat' dir='ltr'><strong>libellum</strong></span> <span class='ocrx_word' id='word_1_19' title='bbox 803 704 919 795; x_wconf 80' lang='lat' dir='ltr'>misit</span> <span class='ocrx_word' id='word_1_20' title='bbox 953 702 1140 818; x_wconf 89' lang='lat' dir='ltr'><strong>Capituli</strong></span> <span class='ocrx_word' id='word_1_21' title='bbox 1171 702 1217 790; x_wconf 89' lang='lat' dir='ltr'><strong>S.</strong></span> <span class='ocrx_word' id='word_1_22' title='bbox 1250 703 1428 819; x_wconf 79' lang='lat' dir='ltr'>Georgii</span> <span class='ocrx_word' id='word_1_23' title='bbox 1459 718 1669 818; x_wconf 90' lang='lat' dir='ltr'><strong>patronus</strong></span> <span class='ocrx_word' id='word_1_24' title='bbox 1713 705 1771 792; x_wconf 89' lang='lat' dir='ltr'><strong>ad</strong></span> <span class='ocrx_word' id='word_1_25' title='bbox 1812 703 2051 795; x_wconf 78' lang='lat' dir='ltr'><strong>Oratorem</strong></span> 
     </span>
     <span class='ocr_line' id='line_1_5' title="bbox 564 824 2049 942; baseline -0.004 -22"><span class='ocrx_word' id='word_1_26' title='bbox 564 827 982 920; x_wconf 73' lang='lat' dir='ltr'><strong>Administratorum</strong></span> <span class='ocrx_word' id='word_1_27' title='bbox 1003 824 1215 914; x_wconf 75' lang='lat' dir='ltr'><strong>Ecclesiae</strong></span> <span class='ocrx_word' id='word_1_28' title='bbox 1236 827 1287 916; x_wconf 97' lang='grc'><strong>8.</strong></span> <span class='ocrx_word' id='word_1_29' title='bbox 1321 827 1510 928; x_wconf 88' lang='lat' dir='ltr'><strong>loannis,</strong></span> <span class='ocrx_word' id='word_1_30' title='bbox 1542 826 1586 912; x_wconf 93' lang='lat' dir='ltr'><strong>in</strong></span> <span class='ocrx_word' id='word_1_31' title='bbox 1622 855 1710 942; x_wconf 90' lang='lat' dir='ltr'><strong>quo</strong></span> <span class='ocrx_word' id='word_1_32' title='bbox 1734 829 2049 916; x_wconf 66' lang='lat' dir='ltr'><strong>Procuratores</strong></span> 
     </span>
     <span class='ocr_line' id='line_1_6' title="bbox 565 946 2045 1068; baseline -0.005 -26"><span class='ocrx_word' id='word_1_33' title='bbox 565 968 790 1068; x_wconf 75' lang='lat' dir='ltr'><strong>tamquam</strong></span> <span class='ocrx_word' id='word_1_34' title='bbox 812 977 944 1038; x_wconf 92' lang='lat' dir='ltr'><strong>unam</strong></span> <span class='ocrx_word' id='word_1_35' title='bbox 970 946 1265 1064; x_wconf 79' lang='lat' dir='ltr'><strong>eamdemque</strong></span> <span class='ocrx_word' id='word_1_36' title='bbox 1309 975 1540 1064; x_wconf 84' lang='lat' dir='ltr'><strong>personam</strong></span> <span class='ocrx_word' id='word_1_37' title='bbox 1562 947 1754 1064; x_wconf 80' lang='lat' dir='ltr'>Capituli</span> <span class='ocrx_word' id='word_1_38' title='bbox 1785 977 2045 1063; x_wconf 80' lang='lat' dir='ltr'><strong>repraesen·</strong></span> 
     </span>
     <span class='ocr_line' id='line_1_7' title="bbox 564 1068 2056 1190; baseline -0.005 -26"><span class='ocrx_word' id='word_1_39' title='bbox 564 1089 709 1169; x_wconf 79' lang='lat' dir='ltr'><strong>unus</strong></span> <span class='ocrx_word' id='word_1_40' title='bbox 726 1071 969 1190; x_wconf 85' lang='lat' dir='ltr'><strong>repellebat</strong></span> <span class='ocrx_word' id='word_1_41' title='bbox 987 1103 1010 1160; x_wconf 91' lang='grc'><strong>3</strong></span> <span class='ocrx_word' id='word_1_42' title='bbox 1030 1071 1125 1160; x_wconf 91' lang='lat' dir='ltr'><strong>iure</strong></span> <span class='ocrx_word' id='word_1_43' title='bbox 1142 1069 1289 1161; x_wconf 90' lang='lat' dir='ltr'><strong>standi</strong></span> <span class='ocrx_word' id='word_1_44' title='bbox 1306 1069 1351 1158; x_wconf 90' lang='lat' dir='ltr'><strong>in</strong></span> <span class='ocrx_word' id='word_1_45' title='bbox 1376 1069 1555 1172; x_wconf 88' lang='lat' dir='ltr'><strong>iudicio,</strong></span> <span class='ocrx_word' id='word_1_46' title='bbox 1577 1071 1681 1188; x_wconf 83' lang='lat' dir='ltr'><strong>quia</strong></span> <span class='ocrx_word' id='word_1_47' title='bbox 1703 1069 1822 1161; x_wconf 89' lang='lat' dir='ltr'><strong>idem</strong></span> <span class='ocrx_word' id='word_1_48' title='bbox 1847 1068 2056 1185; x_wconf 73' lang='lat' dir='ltr'><strong>legitime</strong></span> 
     </span>
     <span class='ocr_line' id='line_1_8' title="bbox 567 1193 2047 1311; baseline -0.005 -24"><span class='ocrx_word' id='word_1_49' title='bbox 567 1215 711 1287; x_wconf 84' lang='lat' dir='ltr'><strong>actore</strong></span> <span class='ocrx_word' id='word_1_50' title='bbox 733 1211 918 1285; x_wconf 85' lang='lat' dir='ltr'><strong>careret.</strong></span> <span class='ocrx_word' id='word_1_51' title='bbox 949 1195 1039 1282; x_wconf 89' lang='lat' dir='ltr'><strong>lloc</strong></span> <span class='ocrx_word' id='word_1_52' title='bbox 1066 1209 1242 1308; x_wconf 86' lang='lat' dir='ltr'><strong>accepto</strong></span> <span class='ocrx_word' id='word_1_53' title='bbox 1262 1193 1412 1284; x_wconf 91' lang='lat' dir='ltr'><strong>libello</strong></span> <span class='ocrx_word' id='word_1_54' title='bbox 1436 1193 1676 1311; x_wconf 82' lang='lat' dir='ltr'><strong>auditoque</strong></span> <span class='ocrx_word' id='word_1_55' title='bbox 1700 1195 2047 1282; x_wconf 76' lang='lat' dir='ltr'><strong>Procuratorem</strong></span> 
     </span>
     <span class='ocr_line' id='line_1_9' title="bbox 565 1315 2057 1434; baseline -0.004 -25"><span class='ocrx_word' id='word_1_56' title='bbox 565 1319 806 1419; x_wconf 81' lang='lat' dir='ltr'><strong>Advocato,</strong></span> <span class='ocrx_word' id='word_1_57' title='bbox 824 1317 899 1434; x_wconf 90' lang='lat' dir='ltr'><strong>qui</strong></span> <span class='ocrx_word' id='word_1_58' title='bbox 912 1315 1034 1405; x_wconf 94' lang='lat' dir='ltr'><strong>nihili</strong></span> <span class='ocrx_word' id='word_1_59' title='bbox 1049 1315 1208 1404; x_wconf 87' lang='lat' dir='ltr'><strong>laciens</strong></span> <span class='ocrx_word' id='word_1_60' title='bbox 1220 1315 1452 1407; x_wconf 79' lang='lat' dir='ltr'><strong>excitatam</strong></span> <span class='ocrx_word' id='word_1_61' title='bbox 1467 1315 1824 1431; x_wconf 88' lang='lat' dir='ltr'><strong>praeiudicialem</strong></span> <span class='ocrx_word' id='word_1_62' title='bbox 1838 1315 2057 1433; x_wconf 84' lang='lat' dir='ltr'><strong>quaestio-</strong></span> 
     </span>
     <span class='ocr_line' id='line_1_10' title="bbox 563 1437 2057 1558; baseline -0.007 -24"><span class='ocrx_word' id='word_1_63' title='bbox 563 1473 663 1534; x_wconf 81' lang='lat' dir='ltr'><strong>netu</strong></span> <span class='ocrx_word' id='word_1_64' title='bbox 680 1440 861 1542; x_wconf 89' lang='lat' dir='ltr'><strong>instetit,</strong></span> <span class='ocrx_word' id='word_1_65' title='bbox 879 1456 926 1526; x_wconf 91' lang='lat' dir='ltr'><strong>nt</strong></span> <span class='ocrx_word' id='word_1_66' title='bbox 939 1438 1197 1528; x_wconf 86' lang='lat' dir='ltr'><strong>concordata</strong></span> <span class='ocrx_word' id='word_1_67' title='bbox 1219 1438 1355 1529; x_wconf 88' lang='lat' dir='ltr'><strong>dubia</strong></span> <span class='ocrx_word' id='word_1_68' title='bbox 1374 1456 1738 1558; x_wconf 82' lang='lat' dir='ltr'><strong>proponerentur,</strong></span> <span class='ocrx_word' id='word_1_69' title='bbox 1759 1438 1802 1528; x_wconf 92' lang='lat' dir='ltr'><strong>in</strong></span> <span class='ocrx_word' id='word_1_70' title='bbox 1824 1437 2057 1528; x_wconf 87' lang='lat' dir='ltr'><strong>audientia</strong></span> 
     </span>
     <span class='ocr_line' id='line_1_11' title="bbox 565 1561 2054 1678; baseline -0.006 -24"><span class='ocrx_word' id='word_1_71' title='bbox 565 1563 653 1656; x_wconf 86' lang='lat' dir='ltr'><strong>diei</strong></span> <span class='ocrx_word' id='word_1_72' title='bbox 679 1565 708 1650; x_wconf 83' lang='lat'><strong>3</strong></span> <span class='ocrx_word' id='word_1_73' title='bbox 737 1563 878 1652; x_wconf 85' lang='lat' dir='ltr'><strong>Martii</strong></span> <span class='ocrx_word' id='word_1_74' title='bbox 916 1563 1126 1650; x_wconf 84' lang='lat' dir='ltr'><strong>volventis</strong></span> <span class='ocrx_word' id='word_1_75' title='bbox 1143 1561 1249 1651; x_wconf 88' lang='lat' dir='ltr'><strong>anni</strong></span> <span class='ocrx_word' id='word_1_76' title='bbox 1278 1561 1508 1652; x_wconf 88' lang='lat' dir='ltr'><strong>decretum</strong></span> <span class='ocrx_word' id='word_1_77' title='bbox 1538 1561 1680 1662; x_wconf 85' lang='lat' dir='ltr'><strong>edidi,</strong></span> <span class='ocrx_word' id='word_1_78' title='bbox 1702 1591 1790 1678; x_wconf 87' lang='lat' dir='ltr'><strong>quo</strong></span> <span class='ocrx_word' id='word_1_79' title='bbox 1813 1561 1964 1649; x_wconf 84' lang='lat' dir='ltr'><strong>remisi</strong></span> <span class='ocrx_word' id='word_1_80' title='bbox 1988 1561 2054 1648; x_wconf 78' lang='lat' dir='ltr'><strong>in·</strong></span> 
     </span>
     <span class='ocr_line' id='line_1_12' title="bbox 565 1681 2057 1800; baseline -0.004 -24"><span class='ocrx_word' id='word_1_81' title='bbox 565 1685 763 1782; x_wconf 86' lang='lat' dir='ltr'><strong>stantiam</strong></span> <span class='ocrx_word' id='word_1_82' title='bbox 787 1684 846 1772; x_wconf 85' lang='lat' dir='ltr'><strong>od</strong></span> <span class='ocrx_word' id='word_1_83' title='bbox 886 1683 931 1774; x_wconf 90' lang='lat' dir='ltr'><strong>S.</strong></span> <span class='ocrx_word' id='word_1_84' title='bbox 956 1683 1174 1782; x_wconf 80' lang='lat' dir='ltr'><strong>Ordinem,</strong></span> <span class='ocrx_word' id='word_1_85' title='bbox 1203 1697 1241 1771; x_wconf 86' lang='lat' dir='ltr'><strong>ct</strong></span> <span class='ocrx_word' id='word_1_86' title='bbox 1276 1683 1477 1776; x_wconf 83' lang='lat' dir='ltr'><strong>mundari</strong></span> <span class='ocrx_word' id='word_1_87' title='bbox 1495 1685 1681 1800; x_wconf 87' lang='lat' dir='ltr'><strong>proponi</strong></span> <span class='ocrx_word' id='word_1_88' title='bbox 1703 1714 1780 1798; x_wconf 82' lang='lat' dir='ltr'><strong>per</strong></span> <span class='ocrx_word' id='word_1_89' title='bbox 1811 1681 2057 1773; x_wconf 81' lang='lat' dir='ltr'><strong>raemorinls</strong></span> 
     </span>
     <span class='ocr_line' id='line_1_13' title="bbox 566 1805 1671 1920; baseline -0.003 -22"><span class='ocrx_word' id='word_1_90' title='bbox 566 1841 648 1899; x_wconf 83' lang='lat' dir='ltr'><strong>uno</strong></span> <span class='ocrx_word' id='word_1_91' title='bbox 677 1840 766 1897; x_wconf 86' lang='lat' dir='ltr'><strong>cum</strong></span> <span class='ocrx_word' id='word_1_92' title='bbox 799 1814 950 1896; x_wconf 86' lang='lat' dir='ltr'><strong>merito</strong></span> <span class='ocrx_word' id='word_1_93' title='bbox 983 1808 1029 1892; x_wconf 88' lang='lat' dir='ltr'><strong>in</strong></span> <span class='ocrx_word' id='word_1_94' title='bbox 1058 1805 1127 1896; x_wconf 87' lang='lat' dir='ltr'><strong>die</strong></span> <span class='ocrx_word' id='word_1_95' title='bbox 1161 1808 1470 1920; x_wconf 69' lang='lat' dir='ltr'><strong>propositionis</strong></span> <span class='ocrx_word' id='word_1_96' title='bbox 1510 1839 1671 1896; x_wconf 84' lang='grc'><strong>333333.</strong></span> 
     </span>
    </p>

    <p class='ocr_par' dir='ltr' id='par_1_2' title="bbox 564 1925 2052 2538">
     <span class='ocr_line' id='line_1_14' title="bbox 688 1925 2051 2046; baseline -0.004 -28"><span class='ocrx_word' id='word_1_97' title='bbox 688 1933 839 2046; x_wconf 83' lang='lat' dir='ltr'><strong>ltaque</strong></span> <span class='ocrx_word' id='word_1_98' title='bbox 874 1945 958 2018; x_wconf 89' lang='lat' dir='ltr'><strong>tres</strong></span> <span class='ocrx_word' id='word_1_99' title='bbox 992 1948 1295 2044; x_wconf 90' lang='lat' dir='ltr'><strong>proponuntur</strong></span> <span class='ocrx_word' id='word_1_100' title='bbox 1328 1927 1605 2020; x_wconf 85' lang='lat' dir='ltr'><strong>dirimendae</strong></span> <span class='ocrx_word' id='word_1_101' title='bbox 1638 1927 1937 2046; x_wconf 76' lang='lat' dir='ltr'><strong>quaestionem</strong></span> <span class='ocrx_word' id='word_1_102' title='bbox 1966 1925 2051 2044; x_wconf 65' lang='lat' dir='ltr'><strong>pri-</strong></span> 
     </span>
     <span class='ocr_line' id='line_1_15' title="bbox 565 2049 2046 2168; baseline -0.005 -24"><span class='ocrx_word' id='word_1_103' title='bbox 565 2083 637 2144; x_wconf 89' lang='lat' dir='ltr'><strong>ma</strong></span> <span class='ocrx_word' id='word_1_104' title='bbox 672 2051 945 2145; x_wconf 87' lang='lat' dir='ltr'><strong>incidentalis</strong></span> <span class='ocrx_word' id='word_1_105' title='bbox 979 2082 1111 2168; x_wconf 88' lang='lat' dir='ltr'><strong>super</strong></span> <span class='ocrx_word' id='word_1_106' title='bbox 1148 2052 1427 2144; x_wconf 86' lang='lat' dir='ltr'><strong>absolutione</strong></span> <span class='ocrx_word' id='word_1_107' title='bbox 1462 2055 1520 2142; x_wconf 91' lang='lat' dir='ltr'><strong>ab</strong></span> <span class='ocrx_word' id='word_1_108' title='bbox 1564 2051 1841 2140; x_wconf 89' lang='lat' dir='ltr'><strong>observantia</strong></span> <span class='ocrx_word' id='word_1_109' title='bbox 1872 2049 2046 2153; x_wconf 64' lang='lat' dir='ltr'><strong>iudiciis</strong></span> 
     </span>
     <span class='ocr_line' id='line_1_16' title="bbox 564 2171 2052 2290; baseline -0.008 -19"><span class='ocrx_word' id='word_1_110' title='bbox 564 2173 757 2271; x_wconf 76' lang='lat' dir='ltr'><strong>secunda</strong></span> <span class='ocrx_word' id='word_1_111' title='bbox 789 2177 833 2268; x_wconf 87' lang='lat' dir='ltr'><strong>iu</strong></span> <span class='ocrx_word' id='word_1_112' title='bbox 866 2175 1026 2266; x_wconf 89' lang='lat' dir='ltr'><strong>merito</strong></span> <span class='ocrx_word' id='word_1_113' title='bbox 1059 2173 1118 2262; x_wconf 88' lang='lat' dir='ltr'><strong>de</strong></span> <span class='ocrx_word' id='word_1_114' title='bbox 1150 2173 1560 2276; x_wconf 89' lang='lat' dir='ltr'><strong>dismembratione;</strong></span> <span class='ocrx_word' id='word_1_115' title='bbox 1590 2175 1872 2290; x_wconf 81' lang='lat' dir='ltr'><strong>tertiaaeque</strong></span> <span class='ocrx_word' id='word_1_116' title='bbox 1891 2171 1937 2260; x_wconf 92' lang='lat' dir='ltr'><strong>in</strong></span> <span class='ocrx_word' id='word_1_117' title='bbox 1957 2201 2052 2261; x_wconf 52' lang='lat' dir='ltr'><strong>mee</strong></span> 
     </span>
     <span class='ocr_line' id='line_1_17' title="bbox 566 2292 2050 2410; baseline -0.003 -24"><span class='ocrx_word' id='word_1_118' title='bbox 566 2297 735 2392; x_wconf 88' lang='lat' dir='ltr'><strong>ritode</strong></span> <span class='ocrx_word' id='word_1_119' title='bbox 764 2298 895 2386; x_wconf 89' lang='lat' dir='ltr'><strong>sacris</strong></span> <span class='ocrx_word' id='word_1_120' title='bbox 927 2296 1225 2386; x_wconf 79' lang='lat' dir='ltr'><strong>functionibus</strong></span> <span class='ocrx_word' id='word_1_121' title='bbox 1257 2297 1304 2386; x_wconf 88' lang='lat' dir='ltr'><strong>in</strong></span> <span class='ocrx_word' id='word_1_122' title='bbox 1333 2297 1523 2388; x_wconf 82' lang='lat' dir='ltr'><strong>Ecclesia</strong></span> <span class='ocrx_word' id='word_1_123' title='bbox 1549 2299 1597 2386; x_wconf 85' lang='lat' dir='ltr'><strong>S.</strong></span> <span class='ocrx_word' id='word_1_124' title='bbox 1641 2297 1814 2386; x_wconf 89' lang='lat' dir='ltr'><strong>loannis</strong></span> <span class='ocrx_word' id='word_1_125' title='bbox 1850 2327 1877 2384; x_wconf 86' lang='lat' dir='ltr'><strong>a</strong></span> <span class='ocrx_word' id='word_1_126' title='bbox 1921 2292 2050 2410; x_wconf 89' lang='lat' dir='ltr'><strong>Capi-</strong></span> 
     </span>
     <span class='ocr_line' id='line_1_18' title="bbox 570 2419 1258 2538; baseline -0.006 -28"><span class='ocrx_word' id='word_1_127' title='bbox 570 2421 660 2512; x_wconf 84' lang='lat' dir='ltr'><strong>tulo</strong></span> <span class='ocrx_word' id='word_1_128' title='bbox 685 2422 732 2512; x_wconf 84' lang='lat' dir='ltr'><strong>S.</strong></span> <span class='ocrx_word' id='word_1_129' title='bbox 769 2421 946 2536; x_wconf 72' lang='lat' dir='ltr'><strong>Georgii</strong></span> <span class='ocrx_word' id='word_1_130' title='bbox 983 2419 1258 2538; x_wconf 77' lang='lat' dir='ltr'><strong>peragendis.</strong></span> 
     </span>
    </p>

    <p class='ocr_par' dir='ltr' id='par_1_3' title="bbox 557 2539 2154 4734">
     <span class='ocr_line' id='line_1_19' title="bbox 689 2539 2055 2658; baseline -0.004 -26"><span class='ocrx_word' id='word_1_131' title='bbox 689 2542 1111 2635; x_wconf 76' lang='lat' dir='ltr'><strong>administratorum</strong></span> <span class='ocrx_word' id='word_1_132' title='bbox 1147 2543 1361 2634; x_wconf 86' lang='lat' dir='ltr'><strong>Ecclesiae</strong></span> <span class='ocrx_word' id='word_1_133' title='bbox 1393 2545 1440 2634; x_wconf 81' lang='grc'><strong>8.</strong></span> <span class='ocrx_word' id='word_1_134' title='bbox 1477 2541 1649 2632; x_wconf 91' lang='lat' dir='ltr'><strong>loannis</strong></span> <span class='ocrx_word' id='word_1_135' title='bbox 1678 2540 1884 2630; x_wconf 76' lang='lat' dir='ltr'><strong>defensor</strong></span> <span class='ocrx_word' id='word_1_136' title='bbox 1918 2539 2055 2658; x_wconf 83' lang='lat' dir='ltr'><strong>quiu-</strong></span> 
     </span>
     <span class='ocr_line' id='line_1_20' title="bbox 565 2661 2053 2784; baseline -0.005 -28"><span class='ocrx_word' id='word_1_137' title='bbox 565 2665 711 2782; x_wconf 93' lang='lat' dir='ltr'><strong>tuplici</strong></span> <span class='ocrx_word' id='word_1_138' title='bbox 764 2682 1125 2784; x_wconf 78' lang='lat' dir='ltr'><strong>argumentorum</strong></span> <span class='ocrx_word' id='word_1_139' title='bbox 1161 2693 1324 2780; x_wconf 76' lang='lat' dir='ltr'><strong>genere</strong></span> <span class='ocrx_word' id='word_1_140' title='bbox 1371 2664 1815 2754; x_wconf 85' lang='lat' dir='ltr'><strong>dismembrationem</strong></span> <span class='ocrx_word' id='word_1_141' title='bbox 1847 2661 2053 2778; x_wconf 91' lang='lat' dir='ltr'><strong>protueri</strong></span> 
     </span>
     <span class='ocr_line' id='line_1_21' title="bbox 563 2787 2056 2908; baseline -0.005 -30"><span class='ocrx_word' id='word_1_142' title='bbox 563 2789 805 2890; x_wconf 86' lang='lat' dir='ltr'><strong>contendit,</strong></span> <span class='ocrx_word' id='word_1_143' title='bbox 847 2787 1231 2907; x_wconf 85' lang='lat' dir='ltr'><strong>quemadmodum</strong></span> <span class='ocrx_word' id='word_1_144' title='bbox 1272 2789 1313 2874; x_wconf 95' lang='lat' dir='ltr'><strong>in</strong></span> <span class='ocrx_word' id='word_1_145' title='bbox 1348 2788 1493 2908; x_wconf 89' lang='lat' dir='ltr'><strong>primo</strong></span> <span class='ocrx_word' id='word_1_146' title='bbox 1527 2789 1667 2878; x_wconf 93' lang='lat' dir='ltr'><strong>dubio</strong></span> <span class='ocrx_word' id='word_1_147' title='bbox 1699 2787 1965 2904; x_wconf 85' lang='lat' dir='ltr'><strong>exquiritur,</strong></span> <span class='ocrx_word' id='word_1_148' title='bbox 2002 2813 2056 2872; x_wconf 80' lang='lat' dir='ltr'><strong>ex</strong></span> 
     </span>
     <span class='ocr_line' id='line_1_22' title="bbox 567 2909 2055 3030; baseline -0.005 -28"><span class='ocrx_word' id='word_1_149' title='bbox 567 2911 774 3002; x_wconf 86' lang='lat' dir='ltr'><strong>distantia</strong></span> <span class='ocrx_word' id='word_1_150' title='bbox 808 2912 1199 3028; x_wconf 78' lang='lat' dir='ltr'><strong>nempeloeorum</strong></span> <span class='ocrx_word' id='word_1_151' title='bbox 1232 2909 1571 3030; x_wconf 86' lang='lat' dir='ltr'><strong>difficultateque</strong></span> <span class='ocrx_word' id='word_1_152' title='bbox 1617 2910 1671 2998; x_wconf 92' lang='lat' dir='ltr'><strong>ad</strong></span> <span class='ocrx_word' id='word_1_153' title='bbox 1714 2909 1948 3000; x_wconf 82' lang='lat' dir='ltr'><strong>Ecclesiam</strong></span> <span class='ocrx_word' id='word_1_154' title='bbox 1992 2938 2055 2996; x_wconf 89' lang='lat' dir='ltr'><strong>ac·</strong></span> 
     </span>
     <span class='ocr_line' id='line_1_23' title="bbox 563 3031 2052 3150; baseline -0.005 -24"><span class='ocrx_word' id='word_1_155' title='bbox 563 3033 765 3140; x_wconf 80' lang='lat' dir='ltr'><strong>cedendi3</strong></span> <span class='ocrx_word' id='word_1_156' title='bbox 803 3066 857 3124; x_wconf 77' lang='lat' dir='ltr'><strong>en</strong></span> <span class='ocrx_word' id='word_1_157' title='bbox 893 3034 1029 3126; x_wconf 87' lang='lat' dir='ltr'><strong>nimia</strong></span> <span class='ocrx_word' id='word_1_158' title='bbox 1063 3035 1214 3150; x_wconf 90' lang='lat' dir='ltr'><strong>populi</strong></span> <span class='ocrx_word' id='word_1_159' title='bbox 1247 3035 1515 3138; x_wconf 59' lang='lat' dir='ltr'><strong>celebritates</strong></span> <span class='ocrx_word' id='word_1_160' title='bbox 1574 3065 1629 3122; x_wconf 85' lang='lat' dir='ltr'><strong>cx</strong></span> <span class='ocrx_word' id='word_1_161' title='bbox 1677 3031 1969 3124; x_wconf 83' lang='lat' dir='ltr'><strong>insufficentia</strong></span> <span class='ocrx_word' id='word_1_162' title='bbox 2010 3041 2052 3119; x_wconf 86' lang='lat' dir='ltr'><strong>el</strong></span> 
     </span>
     <span class='ocr_line' id='line_1_24' title="bbox 564 3152 2052 3276; baseline -0.002 -34"><span class='ocrx_word' id='word_1_163' title='bbox 564 3159 759 3276; x_wconf 81' lang='lat' dir='ltr'><strong>pernicie</strong></span> <span class='ocrx_word' id='word_1_164' title='bbox 783 3157 1070 3260; x_wconf 78' lang='lat' dir='ltr'><strong>Vicariornm3</strong></span> <span class='ocrx_word' id='word_1_165' title='bbox 1108 3185 1162 3244; x_wconf 83' lang='lat' dir='ltr'><strong>ex</strong></span> <span class='ocrx_word' id='word_1_166' title='bbox 1197 3157 1439 3272; x_wconf 82' lang='lat' dir='ltr'><strong>antipathia</strong></span> <span class='ocrx_word' id='word_1_167' title='bbox 1460 3157 1588 3246; x_wconf 75' lang='lat' dir='ltr'><strong>‚inter</strong></span> <span class='ocrx_word' id='word_1_168' title='bbox 1614 3175 1755 3272; x_wconf 86' lang='lat' dir='ltr'><strong>partes</strong></span> <span class='ocrx_word' id='word_1_169' title='bbox 1781 3174 1825 3244; x_wconf 89' lang='lat' dir='ltr'><strong>et</strong></span> <span class='ocrx_word' id='word_1_170' title='bbox 1850 3152 2052 3272; x_wconf 88' lang='lat' dir='ltr'><strong>populos,</strong></span> 
     </span>
     <span class='ocr_line' id='line_1_25' title="bbox 565 3275 2054 3399; baseline -0.005 -29"><span class='ocrx_word' id='word_1_171' title='bbox 565 3281 748 3370; x_wconf 82' lang='lat' dir='ltr'><strong>demum</strong></span> <span class='ocrx_word' id='word_1_172' title='bbox 779 3309 836 3370; x_wconf 80' lang='lat' dir='ltr'><strong>ex</strong></span> <span class='ocrx_word' id='word_1_173' title='bbox 869 3281 1095 3371; x_wconf 85' lang='lat' dir='ltr'><strong>redituum</strong></span> <span class='ocrx_word' id='word_1_174' title='bbox 1130 3281 1343 3372; x_wconf 84' lang='lat' dir='ltr'><strong>Ecclesiae</strong></span> <span class='ocrx_word' id='word_1_175' title='bbox 1377 3278 1664 3399; x_wconf 68' lang='lat' dir='ltr'><strong>pinguedine.</strong></span> <span class='ocrx_word' id='word_1_176' title='bbox 1702 3277 1771 3368; x_wconf 82' lang='lat' dir='ltr'><strong>Ad</strong></span> <span class='ocrx_word' id='word_1_177' title='bbox 1798 3275 2054 3368; x_wconf 84' lang='lat' dir='ltr'><strong>distantiam</strong></span> 
     </span>
     <span class='ocr_line' id='line_1_26' title="bbox 563 3399 2154 3520; baseline -0.004 -30"><span class='ocrx_word' id='word_1_178' title='bbox 563 3417 708 3492; x_wconf 88' lang='lat' dir='ltr'><strong>autern</strong></span> <span class='ocrx_word' id='word_1_179' title='bbox 742 3403 861 3520; x_wconf 85' lang='lat' dir='ltr'><strong>quod</strong></span> <span class='ocrx_word' id='word_1_180' title='bbox 896 3404 1050 3492; x_wconf 88' lang='lat' dir='ltr'><strong>attinet</strong></span> <span class='ocrx_word' id='word_1_181' title='bbox 1097 3419 1141 3492; x_wconf 89' lang='lat' dir='ltr'><strong>et</strong></span> <span class='ocrx_word' id='word_1_182' title='bbox 1187 3402 1487 3496; x_wconf 84' lang='lat' dir='ltr'><strong>difficultatem</strong></span> <span class='ocrx_word' id='word_1_183' title='bbox 1534 3401 1592 3494; x_wconf 89' lang='lat' dir='ltr'><strong>ad</strong></span> <span class='ocrx_word' id='word_1_184' title='bbox 1635 3401 1882 3518; x_wconf 87' lang='lat' dir='ltr'><strong>paroeciam</strong></span> <span class='ocrx_word' id='word_1_185' title='bbox 1931 3425 2054 3490; x_wconf 83' lang='lat' dir='ltr'><strong>aece-</strong></span> <span class='ocrx_word' id='word_1_186' title='bbox 2150 3399 2154 3408; x_wconf 87' lang='grc'><strong>’</strong></span> 
     </span>
     <span class='ocr_line' id='line_1_27' title="bbox 563 3523 2056 3644; baseline -0.007 -28"><span class='ocrx_word' id='word_1_187' title='bbox 563 3523 698 3616; x_wconf 88' lang='lat' dir='ltr'><strong>dendi</strong></span> <span class='ocrx_word' id='word_1_188' title='bbox 751 3527 903 3616; x_wconf 86' lang='lat' dir='ltr'><strong>recolit</strong></span> <span class='ocrx_word' id='word_1_189' title='bbox 958 3525 1181 3616; x_wconf 85' lang='lat' dir='ltr'><strong>nemiuem</strong></span> <span class='ocrx_word' id='word_1_190' title='bbox 1235 3527 1385 3644; x_wconf 76' lang='lat' dir='ltr'><strong>lugere</strong></span> <span class='ocrx_word' id='word_1_191' title='bbox 1415 3525 1668 3615; x_wconf 82' lang='lat' dir='ltr'><strong>Tridentini</strong></span> <span class='ocrx_word' id='word_1_192' title='bbox 1719 3523 2056 3641; x_wconf 86' lang='lat' dir='ltr'><strong>dispositionem</strong></span> 
     </span>
     <span class='ocr_line' id='line_1_28' title="bbox 563 3646 2052 3768; baseline -0.005 -32"><span class='ocrx_word' id='word_1_193' title='bbox 563 3649 607 3736; x_wconf 90' lang='lat' dir='ltr'><strong>in</strong></span> <span class='ocrx_word' id='word_1_194' title='bbox 653 3681 747 3763; x_wconf 88' lang='lat' dir='ltr'><strong>cap.</strong></span> <span class='ocrx_word' id='word_1_195' title='bbox 800 3651 831 3736; x_wconf 76' lang='grc'><strong>1</strong></span> <span class='ocrx_word' id='word_1_196' title='bbox 873 3681 968 3736; x_wconf 86' lang='lat' dir='ltr'><strong>sess.</strong></span> <span class='ocrx_word' id='word_1_197' title='bbox 1022 3651 1083 3737; x_wconf 76' lang='grc'><strong>21,</strong></span> <span class='ocrx_word' id='word_1_198' title='bbox 1128 3646 1180 3736; x_wconf 87' lang='lat' dir='ltr'><strong>de</strong></span> <span class='ocrx_word' id='word_1_199' title='bbox 1228 3647 1404 3768; x_wconf 80' lang='lat' dir='ltr'><strong>reform.</strong></span> <span class='ocrx_word' id='word_1_200' title='bbox 1454 3647 1530 3736; x_wconf 89' lang='lat' dir='ltr'><strong>ubi</strong></span> <span class='ocrx_word' id='word_1_201' title='bbox 1578 3647 1732 3738; x_wconf 86' lang='lat' dir='ltr'><strong>statuit</strong></span> <span class='ocrx_word' id='word_1_202' title='bbox 1764 3649 2052 3736; x_wconf 85' lang='lat' dir='ltr'><strong>Sacrosancta</strong></span> 
     </span>
     <span class='ocr_line' id='line_1_29' title="bbox 562 3768 2053 3889; baseline -0.007 -25"><span class='ocrx_word' id='word_1_203' title='bbox 562 3772 768 3889; x_wconf 85' lang='lat' dir='ltr'><strong>Synodus</strong></span> <span class='ocrx_word' id='word_1_204' title='bbox 803 3798 937 3860; x_wconf 84' lang='lat' dir='ltr'><strong>novas</strong></span> <span class='ocrx_word' id='word_1_205' title='bbox 973 3770 1213 3888; x_wconf 83' lang='lat' dir='ltr'><strong>parochias,</strong></span> <span class='ocrx_word' id='word_1_206' title='bbox 1250 3770 1382 3860; x_wconf 86' lang='lat' dir='ltr'><strong>etiam</strong></span> <span class='ocrx_word' id='word_1_207' title='bbox 1419 3771 1564 3860; x_wconf 80' lang='lat' dir='ltr'><strong>invitis</strong></span> <span class='ocrx_word' id='word_1_208' title='bbox 1594 3769 1842 3865; x_wconf 84' lang='lat' dir='ltr'><strong>rectoribus,</strong></span> <span class='ocrx_word' id='word_1_209' title='bbox 1877 3768 2053 3884; x_wconf 82' lang='lat' dir='ltr'><strong>erigen-</strong></span> 
     </span>
     <span class='ocr_line' id='line_1_30' title="bbox 562 3891 2050 4010; baseline -0.003 -27"><span class='ocrx_word' id='word_1_210' title='bbox 562 3894 648 3997; x_wconf 62' lang='lat' dir='ltr'><strong>das,</strong></span> <span class='ocrx_word' id='word_1_211' title='bbox 674 3893 852 3982; x_wconf 72' lang='lat' dir='ltr'><strong>esselis</strong></span> <span class='ocrx_word' id='word_1_212' title='bbox 885 3893 957 3982; x_wconf 80' lang='lat' dir='ltr'><strong>in.</strong></span> <span class='ocrx_word' id='word_1_213' title='bbox 989 3891 1109 3997; x_wconf 83' lang='lat' dir='ltr'><strong>locis,</strong></span> <span class='ocrx_word' id='word_1_214' title='bbox 1162 3893 1206 3982; x_wconf 85' lang='lat' dir='ltr'><strong>in</strong></span> <span class='ocrx_word' id='word_1_215' title='bbox 1259 3893 1406 4010; x_wconf 81' lang='lat' dir='ltr'><strong>quidm</strong></span> <span class='ocrx_word' id='word_1_216' title='bbox 1457 3893 1508 3984; x_wconf 86' lang='lat' dir='ltr'><strong>ab</strong></span> <span class='ocrx_word' id='word_1_217' title='bbox 1564 3891 1745 3980; x_wconf 87' lang='lat' dir='ltr'><strong>locorum</strong></span> <span class='ocrx_word' id='word_1_218' title='bbox 1801 3891 2050 3979; x_wconf 79' lang='lat' dir='ltr'><strong>distantiam</strong></span> 
     </span>
     <span class='ocr_line' id='line_1_31' title="bbox 563 4006 2050 4138; baseline -0.004 -33"><span class='ocrx_word' id='word_1_219' title='bbox 563 4017 650 4106; x_wconf 83' lang='lat' dir='ltr'><strong>aine</strong></span> <span class='ocrx_word' id='word_1_220' title='bbox 700 4013 989 4138; x_wconf 75' lang='lat' dir='ltr'><strong>difficultatem</strong></span> <span class='ocrx_word' id='word_1_221' title='bbox 1034 4014 1288 4130; x_wconf 81' lang='lat' dir='ltr'><strong>parochiani</strong></span> <span class='ocrx_word' id='word_1_222' title='bbox 1336 4017 1425 4104; x_wconf 81' lang='lat' dir='ltr'><strong>sine</strong></span> <span class='ocrx_word' id='word_1_223' title='bbox 1477 4047 1625 4132; x_wconf 79' lang='lat' dir='ltr'><strong>mnpno</strong></span> <span class='ocrx_word' id='word_1_224' title='bbox 1680 4011 1938 4124; x_wconf 83' lang='lat' dir='ltr'><strong>incommodo</strong></span> <span class='ocrx_word' id='word_1_225' title='bbox 1994 4006 2050 4100; x_wconf 86' lang='lat' dir='ltr'><strong>nd</strong></span> 
     </span>
     <span class='ocr_line' id='line_1_32' title="bbox 557 4133 2049 4262; baseline -0.003 -38"><span class='ocrx_word' id='word_1_226' title='bbox 557 4137 834 4254; x_wconf 70' lang='lat' dir='ltr'><strong>percipiendo</strong></span> <span class='ocrx_word' id='word_1_227' title='bbox 863 4157 1121 4226; x_wconf 74' lang='lat' dir='ltr'><strong>sauromata</strong></span> <span class='ocrx_word' id='word_1_228' title='bbox 1153 4156 1191 4226; x_wconf 85' lang='grc'><strong>31</strong></span> <span class='ocrx_word' id='word_1_229' title='bbox 1223 4137 1374 4228; x_wconf 81' lang='lat' dir='ltr'><strong>divino</strong></span> <span class='ocrx_word' id='word_1_230' title='bbox 1416 4135 1555 4262; x_wconf 76' lang='lat' dir='ltr'><strong>officio</strong></span> <span class='ocrx_word' id='word_1_231' title='bbox 1595 4137 1811 4229; x_wconf 76' lang='grc'><strong>3331133313</strong></span> <span class='ocrx_word' id='word_1_232' title='bbox 1857 4133 2049 4226; x_wconf 73' lang='lat' dir='ltr'><strong>crudem</strong></span> 
     </span>
     <span class='ocr_line' id='line_1_33' title="bbox 561 4260 2051 4380; baseline 0.003 -34"><span class='ocrx_word' id='word_1_233' title='bbox 561 4286 644 4346; x_wconf 79' lang='lat' dir='ltr'><strong>saon</strong></span> <span class='ocrx_word' id='word_1_234' title='bbox 664 4278 850 4376; x_wconf 84' lang='lat' dir='ltr'><strong>possunt.</strong></span> <span class='ocrx_word' id='word_1_235' title='bbox 876 4260 957 4349; x_wconf 86' lang='lat' dir='ltr'><strong>Cui</strong></span> <span class='ocrx_word' id='word_1_236' title='bbox 979 4261 1254 4380; x_wconf 86' lang='lat' dir='ltr'><strong>dispositioni</strong></span> <span class='ocrx_word' id='word_1_237' title='bbox 1275 4261 1432 4378; x_wconf 75' lang='lat' dir='ltr'><strong>iugiter</strong></span> <span class='ocrx_word' id='word_1_238' title='bbox 1454 4263 1689 4353; x_wconf 85' lang='lat' dir='ltr'><strong>inhaerens</strong></span> <span class='ocrx_word' id='word_1_239' title='bbox 1711 4261 1758 4352; x_wconf 88' lang='lat' dir='ltr'><strong>S.</strong></span> <span class='ocrx_word' id='word_1_240' title='bbox 1778 4265 1840 4348; x_wconf 85' lang='lat' dir='ltr'><strong>·V.</strong></span> <span class='ocrx_word' id='word_1_241' title='bbox 1866 4261 1921 4348; x_wconf 88' lang='grc' dir='ltr'><strong>Ο.</strong></span> <span class='ocrx_word' id='word_1_242' title='bbox 1948 4285 2051 4350; x_wconf 82' lang='grc'><strong>333-</strong></span> 
     </span>
     <span class='ocr_line' id='line_1_34' title="bbox 560 4381 2045 4500; baseline -0.007 -28"><span class='ocrx_word' id='word_1_243' title='bbox 560 4382 697 4472; x_wconf 84' lang='lat' dir='ltr'><strong>oessit·</strong></span> <span class='ocrx_word' id='word_1_244' title='bbox 741 4383 819 4472; x_wconf 84' lang='lat' dir='ltr'><strong>rel·</strong></span> <span class='ocrx_word' id='word_1_245' title='bbox 860 4383 1139 4474; x_wconf 80' lang='lat' dir='ltr'><strong>confirmarit</strong></span> <span class='ocrx_word' id='word_1_246' title='bbox 1194 4387 1495 4500; x_wconf 88' lang='lat' dir='ltr'><strong>paroeciarum</strong></span> <span class='ocrx_word' id='word_1_247' title='bbox 1540 4383 1967 4474; x_wconf 77' lang='lat' dir='ltr'><strong>dismembratioues</strong></span> <span class='ocrx_word' id='word_1_248' title='bbox 2002 4381 2045 4465; x_wconf 89' lang='lat' dir='ltr'><strong>in</strong></span> 
     </span>
     <span class='ocr_line' id='line_1_35' title="bbox 559 4503 2045 4623; baseline -0.002 -31"><span class='ocrx_word' id='word_1_249' title='bbox 559 4504 1335 4608; x_wconf 69' lang='grc' dir='ltr'><strong>133ιη-8333333..16131111712,</strong></span> <span class='ocrx_word' id='word_1_250' title='bbox 1381 4507 1561 4623; x_wconf 85' lang='lat' dir='ltr'><strong>Papian.</strong></span> <span class='ocrx_word' id='word_1_251' title='bbox 1599 4507 1659 4596; x_wconf 85' lang='grc'><strong>19</strong></span> <span class='ocrx_word' id='word_1_252' title='bbox 1693 4506 1865 4622; x_wconf 78' lang='lat' dir='ltr'><strong>Aprilis</strong></span> <span class='ocrx_word' id='word_1_253' title='bbox 1897 4503 2045 4604; x_wconf 73' lang='grc'><strong>1717,</strong></span> 
     </span>
     <span class='ocr_line' id='line_1_36' title="bbox 561 4625 2046 4734; baseline -0.001 -18"><span class='ocrx_word' id='word_1_254' title='bbox 561 4629 1060 4720; x_wconf 65' lang='grc'><strong>1333331613333311</strong></span> <span class='ocrx_word' id='word_1_255' title='bbox 1105 4631 1242 4734; x_wconf 83' lang='grc'><strong>1691,</strong></span> <span class='ocrx_word' id='word_1_256' title='bbox 1278 4631 1484 4723; x_wconf 81' lang='lat' dir='ltr'><strong>Firmano</strong></span> <span class='ocrx_word' id='word_1_257' title='bbox 1517 4630 1577 4718; x_wconf 81' lang='grc'><strong>15</strong></span> <span class='ocrx_word' id='word_1_258' title='bbox 1623 4628 1859 4718; x_wconf 80' lang='lat' dir='ltr'><strong>Decembris</strong></span> <span class='ocrx_word' id='word_1_259' title='bbox 1908 4625 2046 4728; x_wconf 80' lang='lat' dir='ltr'><strong>l759,</strong></span> 
     </span>
    </p>
   </div>
   <div class='ocr_carea' id='block_1_2' title="bbox 563 4749 2047 4978">
    <p class='ocr_par' dir='ltr' id='par_1_4' title="bbox 563 4749 2047 4978">
     <span class='ocr_line' id='line_1_37' title="bbox 563 4749 2047 4866; baseline -0.001 -28"><span class='ocrx_word' id='word_1_260' title='bbox 563 4752 792 4864; x_wconf 75' lang='lat' dir='ltr'><strong>Nouariam</strong></span> <span class='ocrx_word' id='word_1_261' title='bbox 829 4753 974 4841; x_wconf 77' lang='lat' dir='ltr'><strong>Dinis.</strong></span> <span class='ocrx_word' id='word_1_262' title='bbox 1011 4785 1080 4841; x_wconf 83' lang='lat' dir='ltr'><strong>ssu</strong></span> <span class='ocrx_word' id='word_1_263' title='bbox 1112 4752 1510 4842; x_wconf 83' lang='lat' dir='ltr'><strong>Dismernbrntienia</strong></span> <span class='ocrx_word' id='word_1_264' title='bbox 1540 4750 1602 4842; x_wconf 76' lang='lat'><strong>20</strong></span> <span class='ocrx_word' id='word_1_265' title='bbox 1633 4749 2047 4866; x_wconf 67' lang='lat' dir='ltr'><strong>&amp;prostremam</strong></span> 
     </span>
     <span class='ocr_line' id='line_1_38' title="bbox 565 4873 2046 4978; baseline -0.002 -16"><span class='ocrx_word' id='word_1_266' title='bbox 565 4873 835 4963; x_wconf 74' lang='lat' dir='ltr'><strong>Terracinae.</strong></span> <span class='ocrx_word' id='word_1_267' title='bbox 876 4875 1176 4964; x_wconf 77' lang='lat' dir='ltr'><strong>Disnremhrct.</strong></span> <span class='ocrx_word' id='word_1_268' title='bbox 1219 4877 1431 4965; x_wconf 47' lang='lat' dir='ltr'><strong>curtata·</strong></span> <span class='ocrx_word' id='word_1_269' title='bbox 1480 4877 1620 4978; x_wconf 86' lang='grc'><strong>1785,</strong></span> <span class='ocrx_word' id='word_1_270' title='bbox 1656 4875 1862 4965; x_wconf 73' lang='lat' dir='ltr'><strong>Furtum</strong></span> <span class='ocrx_word' id='word_1_271' title='bbox 1904 4877 1936 4964; x_wconf 78' lang='grc'><strong>1</strong></span> <span class='ocrx_word' id='word_1_272' title='bbox 1975 4873 2046 4963; x_wconf 73' lang='lat' dir='ltr'><strong>lu·</strong></span> 
     </span>
    </p>
   </div>
   <div class='ocr_carea' id='block_1_3' title="bbox 560 4997 2179 5117">
    <p class='ocr_par' dir='ltr' id='par_1_5' title="bbox 560 4997 2179 5117">
     <span class='ocr_line' id='line_1_39' title="bbox 560 4997 2179 5117; baseline -0.002 -32"><span class='ocrx_word' id='word_1_273' title='bbox 560 4998 630 5085; x_wconf 86' lang='lat' dir='ltr'><strong>nii</strong></span> <span class='ocrx_word' id='word_1_274' title='bbox 656 4997 1144 5117; x_wconf 65' lang='grc'><strong>11886,1333313313.</strong></span> <span class='ocrx_word' id='word_1_275' title='bbox 1181 4999 1575 5088; x_wconf 79' lang='lat' dir='ltr'><strong>Dismsmlsrntionis</strong></span> <span class='ocrx_word' id='word_1_276' title='bbox 1610 4999 1938 5090; x_wconf 68' lang='lat' dir='ltr'><strong>carminato-</strong></span> <span class='ocrx_word' id='word_1_277' title='bbox 1968 4997 2051 5086; x_wconf 75' lang='lat' dir='ltr'><strong>Do</strong></span> <span class='ocrx_word' id='word_1_278' title='bbox 2177 5008 2179 5011; x_wconf 82' lang='grc'><strong>’</strong></span> 
     </span>
    </p>
   </div>
   <div class='ocr_carea' id='block_1_4' title="bbox 559 5120 2047 5363">
    <p class='ocr_par' dir='ltr' id='par_1_6' title="bbox 559 5120 2047 5363">
     <span class='ocr_line' id='line_1_40' title="bbox 559 5120 2045 5242; baseline -0.003 -32"><span class='ocrx_word' id='word_1_279' title='bbox 559 5120 733 5210; x_wconf 71' lang='lat' dir='ltr'><strong>matois</strong></span> <span class='ocrx_word' id='word_1_280' title='bbox 767 5121 901 5211; x_wconf 72' lang='grc'><strong>1876,</strong></span> <span class='ocrx_word' id='word_1_281' title='bbox 922 5123 1113 5242; x_wconf 87' lang='lat' dir='ltr'><strong>confirm.</strong></span> <span class='ocrx_word' id='word_1_282' title='bbox 1151 5123 1210 5212; x_wconf 89' lang='grc'><strong>19</strong></span> <span class='ocrx_word' id='word_1_283' title='bbox 1246 5123 1354 5212; x_wconf 85' lang='lat' dir='ltr'><strong>Maii</strong></span> <span class='ocrx_word' id='word_1_284' title='bbox 1386 5123 1524 5212; x_wconf 86' lang='grc'><strong>1877.</strong></span> <span class='ocrx_word' id='word_1_285' title='bbox 1562 5123 1682 5211; x_wconf 84' lang='grc'><strong>11333</strong></span> <span class='ocrx_word' id='word_1_286' title='bbox 1716 5145 2045 5239; x_wconf 85' lang='lat' dir='ltr'><strong>porrocaursam</strong></span> 
     </span>
     <span class='ocr_line' id='line_1_41' title="bbox 559 5239 2047 5363; baseline -0.001 -33"><span class='ocrx_word' id='word_1_287' title='bbox 559 5244 830 5332; x_wconf 75' lang='lat' dir='ltr'><strong>imthemute</strong></span> <span class='ocrx_word' id='word_1_288' title='bbox 864 5245 1077 5349; x_wconf 71' lang='lat' dir='ltr'><strong>verificari</strong></span> <span class='ocrx_word' id='word_1_289' title='bbox 1109 5245 1296 5336; x_wconf 85' lang='lat' dir='ltr'><strong>sustinet</strong></span> <span class='ocrx_word' id='word_1_290' title='bbox 1328 5248 1466 5335; x_wconf 81' lang='lat' dir='ltr'><strong>relata</strong></span> <span class='ocrx_word' id='word_1_291' title='bbox 1515 5244 1807 5363; x_wconf 77' lang='lat' dir='ltr'><strong>dispositione</strong></span> <span class='ocrx_word' id='word_1_292' title='bbox 1846 5239 2047 5362; x_wconf 82' lang='lat' dir='ltr'><strong>Episcopi</strong></span> 
     </span>
    </p>
   </div>
   <div class='ocr_carea' id='block_1_5' title="bbox 551 5361 2048 5732">
    <p class='ocr_par' dir='ltr' id='par_1_7' title="bbox 551 5361 2048 5732">
     <span class='ocr_line' id='line_1_42' title="bbox 557 5361 2048 5486; baseline -0.001 -33"><span class='ocrx_word' id='word_1_293' title='bbox 557 5367 749 5455; x_wconf 85' lang='lat' dir='ltr'><strong>llomseo</strong></span> <span class='ocrx_word' id='word_1_294' title='bbox 771 5369 831 5456; x_wconf 87' lang='lat' dir='ltr'><strong>de</strong></span> <span class='ocrx_word' id='word_1_295' title='bbox 855 5396 986 5457; x_wconf 79' lang='lat' dir='ltr'><strong>erano·</strong></span> <span class='ocrx_word' id='word_1_296' title='bbox 1010 5369 1132 5458; x_wconf 87' lang='grc'><strong>1559</strong></span> <span class='ocrx_word' id='word_1_297' title='bbox 1165 5369 1371 5486; x_wconf 78' lang='lat' dir='ltr'><strong>erigentis</strong></span> <span class='ocrx_word' id='word_1_298' title='bbox 1394 5369 1438 5458; x_wconf 92' lang='lat' dir='ltr'><strong>iu</strong></span> <span class='ocrx_word' id='word_1_299' title='bbox 1460 5367 1751 5458; x_wconf 78' lang='lat' dir='ltr'><strong>succursalem</strong></span> <span class='ocrx_word' id='word_1_300' title='bbox 1790 5371 1837 5458; x_wconf 89' lang='lat' dir='ltr'><strong>S.</strong></span> <span class='ocrx_word' id='word_1_301' title='bbox 1873 5361 2048 5484; x_wconf 77' lang='lat' dir='ltr'><strong>Georgii</strong></span> 
     </span>
     <span class='ocr_line' id='line_1_43' title="bbox 552 5489 2044 5608; baseline -0.001 -32"><span class='ocrx_word' id='word_1_302' title='bbox 552 5489 882 5580; x_wconf 73' lang='grc'><strong>1131331338.-</strong></span> <span class='ocrx_word' id='word_1_303' title='bbox 908 5493 1083 5581; x_wconf 86' lang='lat' dir='ltr'><strong>loannis</strong></span> <span class='ocrx_word' id='word_1_304' title='bbox 1112 5493 1247 5582; x_wconf 86' lang='lat' dir='ltr'><strong>etiam</strong></span> <span class='ocrx_word' id='word_1_305' title='bbox 1268 5491 1333 5580; x_wconf 84' lang='lat' dir='ltr'><strong>ml</strong></span> <span class='ocrx_word' id='word_1_306' title='bbox 1361 5489 1610 5580; x_wconf 77' lang='lat' dir='ltr'><strong>distuntsom</strong></span> <span class='ocrx_word' id='word_1_307' title='bbox 1654 5493 1790 5608; x_wconf 83' lang='lat' dir='ltr'><strong>ipsim.</strong></span> <span class='ocrx_word' id='word_1_308' title='bbox 1829 5489 2044 5581; x_wconf 77' lang='lat' dir='ltr'><strong>Ecclesiae</strong></span> 
     </span>
     <span class='ocr_line' id='line_1_44' title="bbox 551 5609 2040 5732; baseline -0.001 -30"><span class='ocrx_word' id='word_1_309' title='bbox 551 5609 596 5702; x_wconf 86' lang='lat' dir='ltr'><strong>S.</strong></span> <span class='ocrx_word' id='word_1_310' title='bbox 634 5612 805 5710; x_wconf 74' lang='lat' dir='ltr'><strong>locustis</strong></span> <span class='ocrx_word' id='word_1_311' title='bbox 836 5645 864 5700; x_wconf 91' lang='grc'><strong>3</strong></span> <span class='ocrx_word' id='word_1_312' title='bbox 894 5615 1109 5732; x_wconf 80' lang='lat' dir='ltr'><strong>quarterio</strong></span> <span class='ocrx_word' id='word_1_313' title='bbox 1141 5617 1354 5704; x_wconf 83' lang='lat' dir='ltr'><strong>nominato</strong></span> <span class='ocrx_word' id='word_1_314' title='bbox 1386 5613 1679 5703; x_wconf 80' lang='lat' dir='ltr'><strong>Frcnecoillu:</strong></span> <span class='ocrx_word' id='word_1_315' title='bbox 1705 5645 1875 5704; x_wconf 88' lang='lat' dir='ltr'><strong>necnon</strong></span> <span class='ocrx_word' id='word_1_316' title='bbox 1903 5613 2040 5702; x_wconf 90' lang='lat' dir='ltr'><strong>inlor·</strong></span> 
     </span>
    </p>
   </div>
   <div class='ocr_carea' id='block_1_6' title="bbox 0 0 2284 6340">
    <p class='ocr_par' dir='ltr' id='par_1_8' title="bbox 0 0 2284 6340">
     <span class='ocr_line' id='line_1_45' title="bbox 0 0 2284 6340; baseline 0 1"><span class='ocrx_word' id='word_1_317' title='bbox 0 0 2284 6340; x_wconf 95' lang='lat' dir='ltr'><strong> </strong></span> 
     </span>
    </p>
   </div>
  </div>
 </body>
</html>
