4516 6318
510 353 602 445 110
951 351 1036 438 Die
1066 351 1127 440 15
1159 348 1385 440 Februarii
1416 351 1555 442 1879.

509 519 527 560 ι
566 489 719 596 gotum
751 473 955 563 relietum
987 473 1041 564 sit
1073 474 1304 592 Episcopo,
1341 507 1419 565 scu
1452 475 1622 566 Rectori
1656 474 1996 572 alieuiusEecle·

513 643 530 681 ι
569 600 674 701 siae,
696 597 753 688 ad
786 596 1135 716 cognoscendum
1170 599 1240 688 cui
1273 599 1523 706 debeatur,
1560 599 1856 689 attendendae
1889 623 1994 695 sunt

515 765 532 806 ι
569 721 862 812 coniecturae.
901 719 981 810 Vel
1005 719 1123 809 cuim
1148 721 1340 842 legatum
1363 721 1562 811 relietum
1591 737 1656 812 est
1678 722 1737 810 ab
1762 740 1988 836 extraneo,

514 887 531 928 ι
569 845 690 934 nullo
725 843 1015 959 praecedente
1048 844 1253 949 amicitia,
1290 877 1366 934 seu
1399 845 1746 935 benemerentia·
1767 848 1984 967 Episcopi,

514 1013 530 1050 ι
571 981 649 1057 aut
697 965 907 1070 Baeturia,
965 981 1009 1056 et
1058 983 1159 1058 tunc
1205 967 1393 1088 legatum
1448 999 1536 1058 non
1585 968 1776 1058 debetur
1809 969 1992 1086 Episco-

512 1131 529 1172 ι
571 1121 629 1208 po
653 1087 932 1196 velllecturi,
954 1089 1030 1180 sed
1052 1091 1267 1182 Ecclesiae
1304 1159 1315 1178 .
1355 1157 1364 1180 .
1406 1159 1416 1180 .
1454 1091 1534 1181 Vel
1568 1091 1758 1208 legatum
1794 1093 1992 1186 relictum

511 1253 529 1295 e
569 1227 634 1302 est
666 1244 691 1300 a
724 1213 1065 1332 consanguineo,
1103 1215 1369 1334 propinquo,
1407 1214 1562 1319 amico,
1598 1213 1821 1320 familiari,
1855 1217 1987 1308 benc·

514 1377 532 1417 e
570 1335 715 1442 ficato,
767 1351 811 1424 ct
843 1336 1113 1444 huiusmodi3
1151 1355 1193 1428 et
1227 1355 1331 1426 tune
1352 1337 1545 1458 legatum
1572 1336 1777 1442 debetur,
1804 1343 1993 1430 nonEe·

514 1502 532 1541 ι
570 1458 744 1560 clasiae,
782 1457 859 1548 sed
881 1460 1094 1578 Episcopo
1126 1491 1203 1551 seu
1235 1462 1425 1566 Rectori3
1470 1491 1567 1550 cum
1617 1476 1846 1550 censeatur
1890 1464 1994 1554 reli-

372 1604 377 1611 ·
514 1624 531 1663 ι
569 1597 690 1670 ctum
723 1581 863 1670 solum
898 1583 1057 1672 intuitu
1075 1614 1302 1701 personae,
1328 1615 1418 1672 non
1441 1583 1641 1674 obstante
1664 1584 1782 1702 quud
1807 1615 1996 1704 expres-

513 1745 531 1787 «
571 1733 672 1794 sum
706 1704 761 1792 sit
795 1733 955 1794 nomen
990 1705 1278 1826 dignitatis»

634 1829 783 1940 Quum
818 1829 1027 1946 perlongo
1060 1829 1243 1948 quidem
1279 1847 1474 1947 tempore
1517 1861 1648 1948 super
1679 1831 1822 1947 legato
1856 1829 1994 1920 ellar-

505 1947 676 2038 buisset
697 1951 893 2068 quaestio
917 1951 1032 2040 inter
1062 1983 1328 2043 successores
1349 1953 1532 2043 Paroehi
1551 1952 1774 2042 existentis
1805 1952 1861 2041 da
1884 1969 1991 2044 tem·

504 2101 612 2194 pore
635 2073 780 2160 obitus
805 2075 1036 2179 testatoris,
1057 2093 1101 2164 et
1122 2077 1464 2196 consanguineos
1483 2076 1697 2166 testatoris
1720 2075 1986 2166 eiusdemex
2020 2135 2025 2146 ·

506 2192 704 2285 cessione
737 2194 896 2284 iuriam
931 2199 988 2285 ab
1031 2197 1144 2288 illius
1187 2201 1367 2289 Paroelri
1389 2199 1659 2290 haeredibus
1680 2198 1849 2303 ellectu,
1876 2198 1993 2290 haud

510 2317 692 2439 quidem
742 2317 868 2407 lacila
916 2321 1134 2439 praesumi
1178 2338 1333 2441 potest,
1360 2323 1479 2444 quod
1514 2321 1743 2441 praedietis
1776 2323 1992 2412 cessiona-

505 2441 581 2530 riis
619 2441 983 2533 contendentibus
1025 2444 1195 2532 nullum
1239 2477 1294 2535 ex
1342 2445 1502 2535 iutuitu
1552 2447 1685 2564 ipsius
1721 2445 1900 2533 Paroehi
1931 2445 1991 2536 le·

507 2563 662 2684 gatarii
701 2564 950 2653 subsidium
986 2567 1287 2685 opitularetur,
1324 2570 1561 2689 quominus
1611 2599 1700 2658 non
1738 2567 1987 2674 Ecclesiae,

506 2684 585 2776 sed
628 2685 772 2776 eidem
825 2689 1021 2794 Parotbu
1065 2692 1284 2808 prativum
1336 2694 1569 2810 praedium
1615 2693 1815 2781 relietum
1869 2719 1992 2780 asse·

506 2824 654 2898 rerent
692 2839 717 2896 a
752 2826 974 2901 testatore.
1012 2815 1060 2900 ln
1092 2815 1273 2934 ancipiti
1300 2816 1495 2937 alioquin
1528 2814 1801 2933 quaestione,
1848 2843 1993 2932 neque

509 2931 776 3038 consultum,
814 2963 958 3052 neque
990 2933 1269 3056 illegitimum
1315 2939 1549 3029 diiudicari
1582 2937 1747 3042 debet,
1784 2935 1819 3026 si
1858 2939 1991 3026 Paro-

508 3054 615 3148 clrus
640 3121 651 3159 ,
688 3054 764 3174 qui
796 3055 1092 3176 impetebatur
1121 3059 1298 3168 iudicio,
1320 3062 1491 3152 tametsi
1513 3061 1557 3152 in
1579 3059 1847 3179 possessione
1864 3090 1990 3179 prae·

508 3176 573 3268 dii
607 3195 867 3285 versaretur,
903 3181 1189 3273 nihilominus
1234 3187 1480 3279 recedendo
1513 3219 1537 3275 a
1569 3185 1677 3291 lite,
1721 3183 1994 3274 abdicaverit

510 3300 720 3418 legatum.
755 3303 853 3391 Non
888 3335 975 3393 una
1018 3306 1201 3427 quippe,
1247 3310 1325 3399 sed
1368 3309 1513 3399 variae
1548 3325 1592 3399 et
1623 3341 1709 3397 non
1742 3321 1897 3398 tenues
1922 3337 1993 3395 oc·

505 3423 748 3515 currebant
792 3426 999 3535 rationes,
1056 3447 1105 3518 ut
1148 3461 1173 3518 a
1210 3431 1456 3550 dispendiis
1503 3449 1546 3522 et
1593 3431 1796 3553 periculis
1843 3428 1993 3519 iudicii

504 3545 723 3636 eximeret
753 3551 1162 3648 suamEcelesiam.
1199 3555 1346 3644 Primo
1379 3554 1559 3674 quidem
1579 3555 1700 3678 qood
1733 3553 1903 3642 nullum
1937 3583 1993 3641 ex

509 3699 563 3757 eo
596 3669 739 3788 legato
762 3671 855 3789 ipsa
888 3675 1203 3793 compendium
1239 3679 1488 3784 referebat,
1516 3679 1633 3783 ‚dum
1669 3678 1832 3768 fruetus
1865 3703 1991 3792 prae-

507 3789 570 3881 dii
603 3811 745 3883 essent
779 3827 833 3883 ex
865 3796 1036 3916 integro
1084 3799 1128 3887 in
1162 3801 1455 3892 celebratione
1478 3801 1705 3893 missarum
1756 3797 1985 3916 erogandi3

511 3909 838 4040 deindeffitiam
871 3922 991 4039 quod
1023 3921 1167 4014 lorsan
1200 3925 1453 4016 scandalum
1503 3955 1558 4014 es
1590 3957 1643 4014 eo
1677 3923 1840 4014 iudicio
1872 3918 1993 4010 deri-

509 4037 681 4144 vabat,
734 4041 927 4133 maxime
969 4043 1076 4134 dum
1121 4049 1337 4139 testatoris
1380 4079 1648 4158 successores
1690 4047 1737 4136 in
1789 4045 1992 4162 indigen-

515 4157 572 4247 tia
595 4163 900 4273 versabantur3
936 4168 1098 4285 quibus
1129 4171 1325 4291 prolecto
1349 4172 1393 4260 in
1409 4172 1581 4286 casibus
1598 4173 1735 4291 magis
1757 4185 1821 4259 est.
1838 4189 1993 4258 conva-

388 4277 394 4292 ’
508 4281 635 4373 niens
657 4302 704 4373 ιιι
721 4287 906 4378 Ecclesia
924 4289 1135 4381 damnum
1159 4296 1367 4414 patiatur,
1404 4325 1534 4418 quam
1555 4311 1603 4384 ut
1638 4293 1832 4385 scandali
1863 4317 1990 4413 prae·

508 4401 614 4494 beat
656 4411 961 4520 occasionem,
999 4446 1101 4506 ecu‘
1127 4417 1234 4506 scita
1282 4418 1597 4508 animadvertit
1631 4417 1889 4508 Amostotius
1939 4411 1992 4502 de

510 4530 646 4616 causis
674 4533 762 4647 piis
797 4532 872 4624 lib.
910 4537 928 4624 l
971 4569 1065 4656 cup.
1103 4541 1162 4630 12
1193 4573 1238 4630 n.
1274 4541 1325 4629 51
1357 4560 1494 4632 «sont
1511 4544 1683 4663 aliquae
1701 4569 1871 4644 causae,
1897 4535 1992 4656 qui·

512 4689 530 4730 ι
569 4653 653 4742 bus
683 4657 907 4748 Praelatus
940 4680 1207 4770 excusatur,
1243 4664 1278 4754 si
1326 4667 1518 4786 legatum
1562 4667 1790 4787 repudiet3
1811 4688 1993 4780 nempe

512 4813 531 4854 ι
569 4777 747 4896 quando
780 4781 950 4873 adesset
980 4815 1113 4903 grave
1159 4787 1447 4898 scandalum,
1484 4791 1518 4880 si
1553 4821 1642 4880 non
1676 4788 1987 4907 repudiasset,
2095 4794 2105 4832 '

509 4935 529 4977 ι
567 4897 671 5016 quia
705 4903 867 4992 relictis
915 4910 1187 5030 pauperibus
1228 4913 1592 5030 consanguineis,
1628 4914 1818 5005 Ecclesia
1852 4905 1994 5027 perci

515 5057 530 5098 ι
569 5037 694 5140 peret
741 5026 949 5148 legatum,
1001 5065 1094 5151 cup.
1144 5034 1269 5124 lliltil
1314 5037 1345 5126 2
1384 5034 1450 5128 De
1485 5040 1740 5157 praeseript.
1775 5028 1991 5126 Ecclesiae
2073 5036 2078 5098 ἑ

509 5179 527 5222 ι
566 5147 686 5234 enim
721 5153 857 5269 magis
890 5171 955 5243 est
986 5158 1264 5265 conveniens,
1304 5179 1350 5251 ut
1372 5162 1587 5252 damnum
1622 5163 1829 5283 patiatur,
1855 5181 1988 5278 quam

510 5305 527 5345 ι
565 5267 650 5357 det.
673 5275 944 5382 scandalum
978 5279 1051 5369 vel
1082 5283 1259 5401 quando
1292 5285 1538 5376 haereditas
1571 5289 1631 5376 ita
1675 5287 1828 5375 litibus
1860 5301 1987 5367 com·
2139 5281 2142 5289 “

507 5425 526 5469 r
562 5389 817 5512 plicaretur,
855 5417 902 5489 ιιι
933 5400 1106 5494 difficile
1140 5406 1251 5496 loret
1283 5411 1477 5528 legatum
1501 5411 1712 5530 accipere,
1759 5406 1863 5528 quia
1896 5429 1986 5489 ser·

508 5549 527 5592 ι
563 5545 641 5604 vos
675 5519 758 5609 Dei
792 5523 972 5641 'expedit
1003 5523 1063 5618 ab
1093 5531 1277 5655 strepitu
1309 5563 1538 5625 causarum
1569 5564 1663 5626 esse
1684 5532 1984 5654 quietorum·

504 5674 524 5718 ι
563 5667 637 5727 un.
674 5641 740 5730 De
771 5645 986 5763 spodio.»
