4558 6340
691 363 775 452 no
806 362 866 450 ae
898 361 1073 478 Aprilis
1109 361 1248 450 tero.
1640 364 1729 454 rao

232 486 382 578 inultis
414 485 576 572 abhinc
609 485 735 572 annis
770 493 814 572 iu
847 486 1060 604 persimili
1110 517 1265 586 eausa,
1311 483 1537 599 Spoletorra
1583 489 1736 576 Matri·

233 611 367 698 monii
399 641 506 694 anno
541 608 662 696 4873
685 610 920 724 exagitata.
949 609 1129 697 Publica
1151 611 1320 726 quippe
1349 608 1611 699 notorietato
1634 641 1735 698 con·

233 735 379 822 stabat
412 730 459 818 in
490 731 570 818 bac
601 762 727 818 censa
761 732 880 848 qued
913 764 1105 849 sponsa,
1145 732 1425 820 matrimonio
1459 732 1731 824 clandestine

232 857 473 956 celebrato,
502 855 560 940 ab
594 853 781 941 Ecclesia
814 855 871 942 ad
903 855 1153 944 curavivium
1180 853 1519 942 inhabitatione
1560 857 1726 972 sponsi,

236 977 487 1068 a‘cnnvivio
508 976 563 1066 ad
589 991 790 1090 paternos
814 979 923 1065 lares
946 980 1156 1068 continuo
1183 977 1331 1066 luisset
1356 976 1553 1075 reducta,
1575 1011 1733 1095 quern·

234 1101 480 1192 admodum
514 1117 693 1187 enarrat
714 1101 922 1216 Synopsis
944 1101 1032 1188 diei
1056 1103 1118 1189 20
1139 1101 1399 1192 Decembris
1423 1099 1542 1190 4873
1566 1101 1611 1223 S.
1637 1104 1729 1192 Hoc

231 1227 397 1314 -ibi-
425 1265 441 1302 ι
471 1223 560 1310 Ηεε
587 1221 774 1310 mactata
809 1222 1012 1342 (nuptiali
1049 1223 1258 1311 nimirum
1295 1224 1401 1345 ritu)
1435 1223 1493 1310 nd
1534 1227 1623 1312 oiri
1662 1227 1725 1314 ta·

238 1390 255 1427 ι
296 1380 360 1435 res
395 1345 580 1432 reditum
617 1364 692 1448 est,
719 1349 1036 1434 comitantibus
1071 1366 1221 1442 eoseet
1242 1348 1424 1436 testibus
1449 1345 1720 1444 matrimonii

238 1509 254 1554 ι
294 1490 338 1560 ει
371 1469 453 1554 viri
490 1469 769 1586 propinquis
797 1471 1062 1558 Convivium
1098 1470 1158 1556 ibi
1185 1487 1386 1587 paratum
1412 1486 1521 1571 erat,
1544 1485 1586 1554 et
1620 1502 1726 1588 epu·

238 1635 254 1674 ι
296 1596 345 1682 lis
378 1592 648 1679 lumantibus
680 1593 765 1679 iam
801 1594 941 1682 cuncti
979 1594 1270 1708 tripudiantes
1321 1594 1435 1678 inter
1481 1592 1652 1705 sriplros
1684 1611 1728 1684 et

238 1757 255 1796 ι
296 1735 422 1834 potus
454 1715 599 1802 ventri
635 1715 860 1832 implendo
887 1717 1192 1816 intendebant,
1220 1747 1318 1804 cum
1344 1733 1590 1812 extremum
1616 1747 1725 1833 gau·

236 1879 259 1920 e
294 1841 416 1928 dium
454 1838 591 1924 luctus
626 1841 870 1956 occupavit.
913 1839 1288 1958 Quandoquidem
1340 1838 1436 1926 lacti
1487 1869 1637 1924 rumor
1676 1871 1727 1928 ac

237 2001 255 2044 a
294 1963 409 2050 lama
445 1991 524 2077 per
557 1975 694 2048 tutam
727 1963 916 2050 Trebiae
950 1964 1171 2051 civitatem
1207 1962 1379 2066 diflusa,
1417 1962 1598 2076 Agnetis
1647 1994 1727 2080 pa·

237 2124 256 2166 ι
294 2103 361 2174 ter
400 2125 415 2160 ι
456 2083 666 2199 telegralb
700 2086 739 2172 al
773 2085 1112 2174 Sotto-Preletto
1146 2083 1475 2203 preienendelo
1509 2085 1579 2170 dcl
1615 2083 1725 2172 latto

238 2249 256 2288 ι
295 2207 520 2307 accadut0,
548 2207 665 2294 ende
698 2205 892 2296 d’ollicie
926 2241 1078 2296 avesse
1109 2212 1227 2324 agito
1263 2239 1340 2323 ρει·
1374 2207 1591 2322 ritnglicre
1616 2208 1656 2296 la
1680 2207 1726 2293 fi·

241 2373 257 2414 ι
298 2332 383 2448 glia
402 2331 517 2417 dalle
532 2333 652 2417 mani
670 2331 1041 2442 dell’rlnzideiaet
1059 2333 1363 2431 incunctanter
1386 2330 1537 2445 ¹‹spedi
1555 2329 1599 2416 di
1626 2328 1728 2448 luga

238 2495 255 2532 ι
295 2455 324 2541 il
360 2453 531 2540 lratelln
564 2454 752 2570 Filippn,
779 2455 896 2542 onde
929 2455 963 2542 si
998 2486 1179 2574 penesse
1201 2454 1247 2540 di
1271 2471 1472 2543 correerto
1494 2454 1725 2542 oolSntto·

234 2617 253 2656 ι
291 2577 487 2663 Preletto
523 2607 600 2691 per
633 2579 804 2666 riavere
836 2579 876 2665 la
911 2577 1027 2696 figtia
1056 2619 1094 2666 ι.
1124 2579 1250 2666 Unde
1295 2578 1458 2676 evenit,
1497 2589 1543 2660 nt
1579 2577 1717 2689 Aquas

235 2737 252 2780 ι
292 2733 313 2786 ε
350 2731 488 2786 mensa
526 2699 583 2786 ud
628 2700 737 2786 lares
762 2719 959 2815 paternos
1010 2703 1198 2798 reducta,
1236 2713 1274 2786 et
1313 2698 1497 2788 Anaidei
1536 2700 1720 2814 stipante

236 2861 253 2902 ι
292 2823 431 2909 utilite
467 2821 525 2908 nd
566 2855 769 2910 carcerem
808 2824 940 2943 faerit
978 2824 1183 2911 detrusus.
1228 2865 1243 2900 ι

356 2947 401 3034 7.
439 2947 554 3032 llaec
586 2966 891 3035 verumtamen
937 2949 1194 3065 gravissima
1240 2945 1564 3035 circumstantia
1613 2973 1727 3062 quae

232 3085 515 3172 coarctatam,
558 3071 617 3156 nti
652 3070 829 3173 dicitnr,
875 3072 1083 3188 temporis
1115 3087 1267 3159 contra
1300 3067 1724 3156 consummationem
1846 3163 1849 3172 ,

230 3192 534 3293 constituisset,
581 3209 625 3279 ct
658 3225 773 3310 quae
806 3193 1118 3312 praecaeteris
1150 3226 1173 3281 a
1207 3193 1352 3308 sponsi
1377 3190 1617 3278 corrinnctis
1650 3219 1724 3304 ap-

233 3315 377 3432 prime
409 3314 582 3402 edoceri
613 3315 856 3419 debuisset,
882 3317 999 3405 bisce
1022 3317 1213 3404 examini
1237 3314 1390 3404 subiici
1415 3312 1722 3417 renuentibus,

233 3437 379 3524 adbuc
400 3439 573 3526 cuidam
599 3439 864 3527 dubitationi
889 3459 981 3527 erat
1004 3441 1213 3544 obnoxia,
1240 3436 1618 3555 quemadmodum
1644 3465 1723 3549 op·

233 3561 430 3680 ponebat
479 3562 748 3652 matrimonii
798 3563 1013 3652 Defensor
1048 3565 1091 3649 in
1126 3563 1170 3682 S.
1210 3561 1522 3683 finnt-ibi·
1550 3599 1564 3636 ι
1592 3562 1721 3645 Prae·

236 3721 254 3764 ι
295 3683 426 3770 misso
460 3697 607 3774 antem
642 3687 699 3776 de
732 3719 782 3774 ea
817 3687 1048 3806 (nimirum
1099 3683 1445 3802 dispensatione)
1490 3679 1643 3768 disseri
1679 3680 1726 3765 in

237 3847 254 3885 e
294 3808 374 3894 lrac
406 3807 558 3897 iudicii
591 3809 701 3896 sede
727 3842 815 3898 nou
851 3841 991 3926 posse,
1012 3842 1111 3901 cum
1145 3837 1407 3925 sponsorum
1432 3803 1611 3893 deficiat
1648 3833 1724 3918 pe·

240 3971 255 4007 ι
295 3930 406 4032 titio,
433 3947 477 4017 et
511 3935 804 4046 processnales
840 3936 1013 4023 tabulae
1036 3933 1092 4021 ad
1127 3935 1209 4021 boe
1231 3931 1451 4019 conlectae
1486 3927 1602 4014 baud
1627 3925 1722 4011 lne-

238 4091 254 4132 ι
296 4051 400 4156 εἰει,
428 4053 662 4157 existimat,
690 4058 828 4173 ipsam
863 4057 1103 4146 nullimode
1139 4087 1262 4172 posse
1296 4050 1531 4170 indulgere
1554 4049 1723 4165 l.quie

239 4214 256 4253 ι
298 4175 348 4262 de
390 4179 654 4264 inatriaronii
697 4185 1086 4268 inconsrrmmntioae
1129 4183 1240 4266 certo
1273 4196 1311 4264 et
1352 4173 1595 4262 concludens
1619 4203 1724 4286 pro·

242 4337 257 4376 ι
297 4298 410 4386 datio
448 4298 594 4386 hateri
631 4303 771 4417 nequit
807 4337 857 4390 eac
898 4337 943 4390 co
973 4303 1084 4420 qaod
1115 4333 1249 4388 omnes
1280 4299 1466 4386 Anaidei
1510 4296 1720 4382 coniuncti

243 4459 260 4500 ι
296 4423 485 4510 examini
507 4457 548 4509 se
585 4423 787 4514 subiicere
808 4446 1012 4532 recusant,
1033 4445 1070 4514 et
1092 4423 1266 4512 nliaade
1284 4423 1372 4510 sola
1405 4419 1723 4507 carasca-amatia-

242 4583 258 4624 ι
296 4547 362 4631 nis
395 4545 659 4659 possibilitas
682 4553 784 4635 sotis
806 4569 863 4658 est
895 4549 953 4636 cd
979 4583 1066 4637 eant
1090 4546 1378 4644 recusandam
1402 4545 1447 4631 2.
1474 4543 1576 4660 quia
1603 4539 1723 4626 nulla

241 4705 257 4742 ι
296 4697 346 4756 εε
381 4668 570 4785 legitima
603 4701 730 4760 cansa
766 4690 937 4786 praesto
971 4693 1035 4761 est
1068 4672 1123 4759 ad
1173 4701 1270 4757 eam
1322 4664 1659 4783 indulgendam.
1703 4701 1719 4738 ι

234 4789 358 4878 llisce
392 4791 552 4878 ideirco
584 4795 818 4910 exploratis
852 4815 894 4883 et
928 4797 1167 4914 perpensis,
1211 4793 1317 4880 baec
1364 4795 1410 4882 S.
1436 4783 1727 4904 Congregetio

241 4911 296 4999 ad
329 4944 506 5030 scopum
542 4920 800 5034 praesertim
835 4919 1169 5035 dispensationis
1200 4951 1223 5004 a
1257 4915 1539 5004 matrimonio
1564 4927 1657 4996 rato
1681 4923 1724 4994 et

244 5063 333 5122 nnn
366 5057 670 5127 consummato
719 5072 852 5130 novas
887 5043 1166 5131 adducendas
1190 5071 1282 5129 esse
1307 5036 1590 5156 probationes
1624 5061 1723 5119 con·
1833 5058 1836 5064 ’

238 5158 474 5250 sultissime
505 5163 715 5251 decrevit.
744 5166 978 5281 Propositis
1012 5197 1201 5284 namque
1235 5163 1408 5251 duobus
1433 5161 1547 5247 bisce
1570 5153 1726 5243 Dubiis

240 5283 371 5370 tAa
410 5285 651 5373 constet‘de
683 5287 880 5378 nullitate
915 5291 1177 5376 naatrimcaii
1222 5290 1267 5375 in
1310 5317 1424 5385 cosm·
1452 5323 1469 5362 c
1499 5298 1542 5370 et
1574 5294 1729 5398 quate·

240 5435 322 5493 nus
355 5410 556 5523 negative
577 5449 602 5486 a
630 5411 684 5498 ll.
710 5405 784 5498 An
819 5412 874 5500 sit
911 5411 1203 5500 considendum
1230 5409 1354 5532 SSrtro
1387 5440 1468 5526 pro
1508 5404 1728 5521 dispenso*

248 5528 358 5617 tione
381 5531 643 5620 nratrimcnii
663 5537 752 5623 reti
772 5553 810 5623 et
830 5568 911 5624 noa
933 5537 1201 5626 consummati
1223 5541 1269 5625 ia
1290 5565 1387 5625 casa
1418 5575 1449 5610 -ι
1481 5543 1732 5650 opportuno
