4558 6340
570 325 664 414 216
1041 329 1122 426 Die
1152 329 1214 418 26
1247 325 1420 446 Aprilis
1454 327 1592 418 1879.

150 695 460 944 ῗεεῇὃοαρ.
486 692 551 784 tt
709 583 1024 786 ANDRlEN.
1073 697 1379 788 CONGRUAE
1421 695 1816 790 Pnnoctttnnts.
1862 741 1895 774 =
1939 699 2072 792 Rele-

190 857 213 914 1
281 851 433 912 eorm.

584 837 711 908 rente
745 819 799 905 Η.
836 822 881 910 S.
919 821 973 909 0.
1010 821 1364 909 Eminentissimo
1407 819 1632 908 Praefecto
1675 821 1836 912 SSrirus
1881 823 2071 917 decrevit

583 943 655 1033 die
686 943 747 1030 23
782 943 942 1060 Aprilis
978 943 1782 1062 1850111111111111111111
1815 946 2072 1064 extinguen-

581 1067 684 1156 dam
720 1095 812 1154 esse
845 1066 1115 1154 habitualem
1151 1069 1200 1156 a'c
1231 1067 1447 1154 actualem
1469 1095 1617 1154 curam
1662 1067 1932 1172 animarum,
1959 1101 2068 1188 quae

571 1185 638 1279 'ab
674 1219 762 1278 uno
794 1187 995 1306 Capitulo
1028 1189 1297 1279 Cathedralis
1343 1189 1646 1308 principaliter
1687 1221 1819 1310 super
1868 1193 2071 1286 universa

583 1313 695 1402 urbe
729 1309 963 1400 Andriensi
1011 1311 1192 1432 eiusque
1225 1313 1391 1432 populo
1424 1311 1715 1400 exercebatur
1748 1333 1790 1402 et
1812 1315 2071 1408 subsidiaria

584 1471 607 1526 a
641 1435 845 1552 Capitulo
876 1433 1125 1552 collegiatis
1158 1433 1374 1524 Ecclesiae
1406 1435 1452 1525 S.
1490 1434 1654 1523 Nicolai
1688 1433 1884 1526 eiusdem
1920 1437 2069 1531 civita-

586 1559 638 1648 tis
673 1573 897 1678 tamquam
932 1557 1211 1663 Coadiutore‚
1264 1572 1395 1676 atque
1427 1587 1559 1676 super
1590 1559 1795 1648 Paroecia
1830 1559 2069 1653 Cathedra·

585 1683 637 1772 lis
668 1682 728 1769 sic
762 1681 949 1769 extincta
983 1712 1031 1769 ac
1063 1711 1296 1798 suppressa
1330 1711 1404 1768 sex
1440 1681 1611 1768 noviter
1663 1681 1895 1801 erigendas
1930 1699 1973 1772 et
2006 1685 2067 1774 in·

583 1803 828 1896 stituendas
861 1835 954 1892 esse
990 1805 1211 1920 paroecias
1245 1801 1472 1891 mandavit
1505 1833 1605 1890 eum
1641 1805 1770 1922 pleno
1807 1807 1902 1896 iure
1937 1809 2071 1897 Paro-
2219 1887 2221 1894 ,

583 1926 826 2017 cbialitatis.
867 1926 1014 2012 Voluit
1046 1942 1194 2014 autem
1230 1955 1469 2046 congruam
1492 1925 1533 2012 in
1559 1958 1702 2015 annuo
1721 1929 1865 2020 reditu
1891 1961 1973 2018 aon
1995 1935 2069 2019 mi·

582 2052 682 2138 nori
715 2047 878 2136 ducatis
913 2047 1135 2136 biscoctum
1169 2081 1249 2165 pro
1285 2079 1553 2169 unoquoque
1602 2051 1797 2140 Perocho
1831 2052 2070 2172 designan-

436 2207 441 2221 ·
584 2173 687 2262 dam
723 2201 816 2260 esse
859 2189 991 2290 atque
1041 2169 1361 2260 desumendum
1418 2190 1513 2259 tum
1547 2201 1600 2260 ex
1634 2173 1873 2262 redditibus
1915 2209 2066 2266 massae

582 2293 767 2384 choralis
799 2309 948 2410 septem
981 2295 1291 2382 canonicatuum
1315 2327 1365 2381 en
1387 2294 1573 2382 undecim
1608 2297 1848 2402 vacantibus
1867 2299 2069 2388 111111111-

581 2421 646 2507 sia
680 2417 930 2506 Catbedrali
961 2450 1060 2535 quos
1093 2449 1171 2536 pro
1196 2415 1446 2505 huiusmodi
1470 2417 1627 2508 ellectu
1650 2415 1906 2542 suppressos
1929 2422 2066 2512 decla·

582 2541 711 2644 ravit,
750 2557 840 2628 tum
877 2571 930 2626 ea
962 2540 1103 2628 reditu
1135 2539 1213 2626 Pii
1244 2541 1392 2658 Lepati
1426 2541 1571 2628 Ponza
1606 2543 1650 2628 in
1672 2575 1811 2630 annua
1835 2561 1972 2632 tumen
2000 2547 2067 2634 de-

585 2663 807 2756 terminata
840 2695 996 2750 sumana
1030 2661 1275 2752 ducatorum
1308 2677 1553 2751 sescentum.

707 2783 969 2874 Huiusmodi
1002 2783 1195 2890 decreto,
1233 2786 1302 2874 cui
1338 2787 1488 2874 brevis
1521 2785 1758 2906 Apostolici
1798 2791 1860 2877 vis
1905 2793 2065 2884 tributa

581 2909 739 3012 luerat,
777 2907 1064 3028 exequutioni
1097 2909 1382 3010 demandato,
1420 2907 1615 2998 dubitari
1648 2911 1792 3028 coepit
1825 2929 1975 3003 utrum
1998 2949 2066 3036 paa

580 3033 700 3124 rochi
724 3049 899 3150 praeter
921 3031 1101 3123 ducatos
1125 3060 1332 3120 nummos
1352 3031 1618 3136 biscentum,
1646 3033 1913 3152 participare
1937 3039 2064 3128 etiam

580 3156 796 3249 deberent
819 3155 967 3274 prouti
985 3159 1142 3244 caeteri
1165 3153 1374 3246 Canonici
1397 3155 1454 3245 de
1494 3153 1639 3244 reditu
1663 3159 1997 3252 canonicatuum
2029 3161 2064 3250 si

578 3279 654 3400 qui
678 3280 790 3368 lorte
808 3291 1045 3382 vacassent,
1078 3309 1177 3370 cum
1201 3279 1367 3367 reditus
1391 3307 1542 3366 omnes
1566 3279 1834 3396 Capitulures
1858 3282 1904 3368 in
1931 3313 2064 3374 massa

557 3395 804 3494 ¹communi
837 3401 1141 3490 consisterent.
1178 3405 1242 3491 Re
1277 3401 1331 3489 ad
1366 3403 1410 3492 S.
1448 3403 1502 3491 Ο.
1540 3397 1687 3488 delata
1723 3434 1807 3490 una
1839 3437 1940 3495 cum
1967 3439 2066 3496 non·

577 3527 708 3617 nullis
742 3525 838 3615 aliis
869 3524 1177 3614 controversiis
1211 3525 1294 3612 sub
1328 3524 1400 3612 die
1434 3526 1479 3612 l.
1508 3524 1671 3644 Aprilis
1694 3526 2063 3618 l860decretum

578 3650 664 3739 luit
696 3651 821 3738 etiam
850 3645 1111 3766 praebendas
1144 3648 1378 3762 assipnatas
1405 3677 1490 3763 pro
1524 3649 1722 3764 conpruis
1741 3651 2060 3766 parochialibus

573 3775 844 3892 participare
875 3769 1025 3858 debere
1050 3768 1483 3886 proportionabiliter
1517 3767 1569 3856 de
1601 3788 1818 3887 aapmcato
1852 3775 2061 3865 redituum

577 3929 734 3985 massae
768 3897 812 3982 in
834 3926 929 3980 casu
951 3893 1181 3980 uacationis
1203 3892 1383 3980 alicuius
1405 3895 1685 3981 canonicatus.
1706 3897 1758 3981 Et
1781 3925 1939 4016 reapse
1960 3899 2064 3987 dum

578 4017 758 4138 parochi
791 4015 1043 4105 asserebant
1075 4013 1248 4104 duobus
1282 4015 1505 4134 prioribus
1536 4017 1660 4103 annis
1695 4017 1959 4134 assignatam
2005 4025 2063 4110 eis

576 4143 708 4258 luisse
742 4140 989 4260 portionem
1033 4171 1088 4229 ex
1120 4137 1374 4226 huiusmodi
1394 4137 1697 4227 vacationibus
1711 4144 2057 4258 'provenientem

575 4283 726 4385 postea
761 4279 909 4352 tamen
942 4263 1220 4382 denegatam,
1258 4259 1465 4351 Canonici
1499 4261 1776 4350 documentis
1812 4265 2062 4356 nitebantur

575 4388 807 4480 ostendere
842 4385 1001 4506 iugiter
1023 4387 1285 4505 denegatam
1311 4385 1440 4472 luisse
1463 4383 1567 4502 quia
1595 4385 1907 4476 resolutionem
1929 4392 1975 4480 S.
2001 4392 2054 4480 Ο.

573 4513 755 4604 eosdem
789 4507 967 4614 latebal,
1006 4509 1166 4598 exinde
1219 4505 1404 4627 supplici
1439 4505 1589 4596 libello
1622 4505 1857 4625 expetierit
1890 4512 2058 4632 Capitu-

573 4634 667 4724 lum
701 4650 749 4723 ut
796 4649 946 4722 contra
993 4631 1305 4721 resolutionem
1356 4631 1495 4747 ipsam
1547 4629 1724 4717 dicendi
1757 4630 1939 4722 laeultas
1971 4632 2055 4724 sibi

572 4757 716 4848 fieret.
754 4757 850 4870 Qua
885 4757 1082 4858 obtenta,
1130 4785 1228 4843 cum
1278 4754 1443 4842 inutilis
1476 4753 1589 4840 inter
1637 4767 1779 4869 partes
1832 4757 2059 4846 concordia

573 4879 795 4982 evasisset,
831 4881 1030 5006 quaestio
1063 4879 1168 4966 haec
1201 4877 1422 4997 proposita
1455 4875 1537 4964 luit
1570 4874 1613 4962 in
1648 4875 1750 4963 lolio
1783 4875 1874 4967 diei
1906 4881 2058 4969 1811-
2216 5007 2218 5011 Α

570 5035 633 5094 nu
665 5003 948 5248 1111111111]
981 5126 1128 5245 itaque
1151 5155 1231 5246 per
1257 5125 1450 5234 td¹⁸⁰l⁰⁸
1467 5123 1671 5211 ⁰⁹³¹⁰¹⁹⁰⁸
1693 5123 1921 5214 contendit
1960 5145 2058 5218 ωηο

568 5251 787 5340 Perochos
809 5249 1044 5369 participes
1076 5247 1170 5338 lieri
1214 5279 1301 5337 non
1344 5277 1470 5367 posse
1492 5243 1548 5332 de
1569 5275 1708 5334 massa
1749 5243 1914 5336 chorali
1935 5237 2052 5371 prae·

572 5373 825 5462 bandarum
860 5374 1108 5462 vacantium
1147 5372 1190 5460 l.
1228 5372 1333 5490 quia
1366 5399 1562 5487 congrua
1590 5383 1706 5456 certa
1729 5397 1821 5456 essa
1845 5369 1978 5464 debet
2009 5385 2050 5462 et

572 5513 740 5586 certum
773 5495 959 5615 proinde
992 5494 1182 5614 Capituli
1217 5525 1342 5582 onus.
1378 5490 1508 5606 Quod
1539 5492 1585 5578 2.
1623 5490 1759 5610 magis
1791 5490 2052 5590 obfirmabat
