4558 6340
672 381 786 502 ‘Die
818 383 879 470 26
909 382 1085 498 Aprilis
1120 385 1256 474 1879.
1636 392 1731 484 215

237 509 295 596 ab
329 505 480 594 iisdem
517 503 700 607 oblatas,
726 505 788 592 uti
823 506 910 594 mei
938 505 1134 596 muneris
1166 527 1230 596 est
1263 537 1343 626 per
1376 539 1551 600 summa
1584 517 1730 634 capita

238 657 475 750 exponam.
1414 721 1417 728 ,

361 748 552 867 Capituli
586 749 792 840 delensor
835 751 880 840 iu
932 767 1015 840 tres
1067 767 1212 868 partes
1260 753 1565 871 allegationem
1599 790 1726 853 suam

236 875 471 994 dispescit3
510 872 552 958 in
588 874 733 990 prima
774 875 955 992 quidem
991 876 1218 962 contendit
1251 892 1580 968 controversum
1616 886 1728 1002 Epi-

236 997 356 1116 scopi
390 995 619 1084 decretum
645 1029 729 1086 non
758 997 960 1085 sustineri
996 998 1038 1082 in
1071 999 1289 1112 petitori03
1319 999 1362 1086 in
1397 1002 1531 1090 altera
1564 1035 1729 1122 propu-

237 1137 356 1240 gnat,
386 1149 466 1208 nec
499 1121 632 1206 etiam
670 1121 859 1236 idipsum
894 1119 1094 1208 sustineri
1126 1120 1169 1206 in
1205 1123 1480 1238 possessori03
1512 1124 1556 1212 in
1598 1131 1725 1220 tertia

239 1247 419 1338 demum
447 1243 617 1329 nullum
642 1273 735 1332 esse
759 1245 849 1360 ipso
873 1245 965 1330 iore
988 1241 1192 1332 allirmat.
1230 1245 1425 1332 Primum
1451 1246 1596 1365 itaque
1619 1251 1725 1340 Ora·

237 1369 368 1454 tionis
401 1395 506 1454 suae
551 1383 685 1482 eaput
718 1366 975 1484 aggrediens
1009 1365 1251 1480 praemittit
1285 1368 1523 1471 iudicium,
1563 1373 1721 1487 petito·

237 1491 369 1589 riunr,
397 1486 517 1604 quod
552 1489 670 1576 iuxta
693 1489 875 1578 lleuoclt.
902 1492 967 1576 De
988 1519 1175 1602 recuper.
1200 1519 1371 1603 possess.
1396 1492 1596 1604 praelud.
1623 1527 1666 1582 u.
1694 1498 1724 1584 8

237 1614 380 1700 locum
417 1613 543 1697 babet
580 1643 667 1698 cum
703 1611 754 1698 de
785 1613 849 1698 rei
880 1613 1142 1728 proprietate
1174 1628 1232 1698 est
1259 1614 1461 1727 quaestio,
1489 1645 1605 1702 nune
1638 1618 1726 1734 pri·

236 1767 357 1826 mum
381 1765 513 1852 super
546 1735 625 1821 bac
660 1736 955 1824 controversia
989 1733 1172 1822 institui.
1210 1735 1486 1850 Praepositus
1519 1738 1637 1824 euim
1672 1740 1724 1825 li-

236 1861 343 1948 teris
375 1857 464 1946 diei
501 1859 548 1944 ll
583 1859 823 1948 stati-1877
858 1858 1153 1978 provisionem
1189 1857 1443 1972 provocavit
1466 1861 1523 1948 ab
1546 1861 1723 1975 Episco-

238 2013 313 2099 po,
351 1981 454 2100 quia
488 1979 526 2064 si
563 1981 759 2070 uorrebbe
791 1982 879 2068 ullo
914 1999 1036 2070 stesso
1079 1995 1305 2066 coattestare
1338 1979 1374 2065 il
1404 1981 1527 2094 piene
1562 1982 1717 2072 diritto

221 2093 306 2190 ¹del
337 2105 479 2218 primo
513 2101 639 2191 stallo
663 2107 707 2190 iu
730 2137 843 2192 coro.
880 2097 1121 2223 Episcopus
1146 2118 1289 2190 autem
1316 2116 1412 2219 post
1434 2121 1600 2221 septem
1632 2123 1725 2194 tan·

234 2225 686 2334 tumrnododierum
732 2227 927 2344 spatium
971 2224 1283 2316 deficientibus
1328 2226 1537 2315 adversae
1588 2229 1723 2345 partis

236 2349 456 2450 citatione,
493 2351 808 2438 contestatione
835 2351 938 2452 litis,
976 2377 1145 2438 necnon
1179 2346 1433 2436 detonsione
1477 2366 1522 2436 et
1555 2352 1725 2438 conclu·

238 2472 361 2559 sioue
394 2471 435 2556 in
471 2503 597 2560 causa
632 2474 856 2562 decretum
894 2475 1007 2560 ultra
1042 2473 1176 2590 petita
1220 2473 1428 2586 protulit,
1463 2472 1724 2587 'petitorium

236 2625 333 2682 cum
368 2596 630 2711 possessorio
663 2595 971 2711 coniungendo
999 2635 1015 2674 ι
1046 2609 1271 2708 cotnpetere
1303 2593 1349 2679 cl
1375 2594 1584 2682 Canonico
1614 2596 1720 2682 Pre-

234 2732 346 2804 uosto
380 2717 495 2802 dello
527 2717 794 2834 Collepietc.
821 2785 831 2805 .
862 2719 936 2806 .lo
969 2718 1095 2806 stallo
1114 2715 1290 2804 distinto
1324 2717 1369 2802 iu
1392 2749 1488 2803 coro
1510 2716 1567 2802 ad
1589 2718 1718 2804 esclu-

234 2843 347 2928 sione
380 2839 429 2926 di
460 2841 559 2956 opni
592 2843 707 2928 altro
729 2875 750 2928 e
772 2840 939 2932 daversi
973 2842 1009 2927 il
1030 2838 1249 2928 medesirao
1284 2856 1514 2928 meateuere
1536 2839 1604 2926 uel
1628 2871 1727 2956 pos·

233 2993 336 3050 sesso
372 2963 483 3048 d'iui
515 2964 668 3052 sedere.
1465 3035 1468 3039 .

356 3085 482 3174 Hisce
518 3085 576 3176 ita
613 3085 896 3202 praemonitis
930 3083 1153 3174 contendit
1185 3085 1344 3172 Orator
1366 3084 1487 3205 quod
1522 3115 1577 3172 ex
1620 3084 1725 3174 iuris

234 3211 479 3298 communis
501 3205 787 3325 dispositione
809 3210 1044 3328 dignitates
1062 3237 1148 3295 non
1169 3237 1290 3296 secus
1308 3226 1407 3296 sunt
1425 3209 1481 3296 de
1497 3207 1718 3324 Capitulo,

234 3361 368 3448 quam
395 3347 441 3416 ut
464 3334 674 3448 quasdam
695 3333 979 3422 solemniores
1002 3329 1249 3418 [unctiones
1273 3331 1316 3418 in
1341 3329 1581 3418 maioribus
1620 3329 1726 3416 auni

234 3453 545 3542 lestisitatibus
561 3475 785 3574 peragant,
824 3459 881 3544 ita
918 3473 962 3544 ut
987 3455 1148 3544 nedum
1174 3454 1359 3541 minime
1376 3466 1609 3540 teneantur
1625 3452 1726 3541 resi·

235 3576 409 3664 dentiae
442 3577 609 3693 legibus
642 3600 684 3666 et.
717 3580 1086 3668 Conventualium
1119 3591 1249 3663 turno
1269 3573 1655 3664 Debucudiseurs.
1694 3576 1725 3663 lv
1791 3623 1795 3638 ν

234 3699 1500 3818 1501011101.11Βὶ91111.1101.1)εοί3.708ρανι.
1558 3699 1575 3784 l
1638 3730 1723 3786 rec.

236 3821 324 3910 imo
357 3822 489 3908 etiarn
509 3853 656 3942 neque
672 3827 950 3942 quotidianas
966 3823 1295 3914 distributiones
1316 3824 1558 3924 lucrantur,
1581 3852 1725 3938 neque

234 3973 383 4031 vocem
421 3946 585 4034 babent
619 3947 660 4032 in
697 3949 916 4064 Capitulo,
956 3977 1038 4035 nec
1069 3946 1243 4038 stallum
1280 3947 1324 4034 in
1369 3948 1518 4047 choro;
1557 3943 1725 4032 affabre

235 4097 337 4154 mos
372 4070 575 4157 recitatus
609 4074 773 4158 Auctor
809 4070 886 4158 loc.
913 4071 985 4160 cit.
1011 4069 1130 4156 Dirc.
1158 4070 1176 4154 l
1209 4101 1321 4158 aum.
1348 4069 1394 4156 6.
1412 4117 1441 4132 -
1464 4066 1527 4153 ibi
1548 4115 1577 4130 -
1606 4106 1621 4144 ι
1654 4071 1720 4155 De

244 4231 260 4270 a
300 4191 396 4278 iure
430 4223 479 4278 ac
511 4210 702 4281 cessante
738 4192 989 4310 particulari
1022 4191 1598 4308 consuetudineDignitates
1633 4219 1721 4278 non

240 4353 256 4394 ι
294 4313 501 4402 dicuntur
533 4316 588 4402 de
622 4316 881 4432 Capitulo...
912 4317 1157 4404 tumetium
1193 4317 1295 4432 quia
1330 4315 1431 4404 illae
1454 4329 1553 4400 sunt
1577 4341 1725 4400 exem-

241 4479 257 4516 ι
297 4455 398 4552 ptao
432 4469 456 4522 a
491 4453 620 4526 turno
653 4443 879 4528 Missurum
915 4439 1287 4543 conventualium,
1314 4438 1589 4551 aliarumque
1620 4465 1727 4550 quo-

238 4599 255 4640 «
298 4559 559 4648 tidianarutn
606 4561 904 4675 provisionum
951 4558 1289 4650 sacerdotalium
1341 4558 1442 4647 solis
1484 4553 1718 4646 Canonicis

237 4720 255 4760 ι
295 4681 662 4790 incumbentium,
699 4717 799 4772 eum
825 4684 1126 4804 Dignitatibus
1148 4682 1412 4770 distributae
1434 4679 1524 4766 sint
1547 4679 1720 4794 aliquae

238 4845 256 4884 ι
297 4807 486 4892 maiores
535 4805 833 4896 solemnitates
877 4809 1077 4924 aliaeque
1125 4805 1366 4894 luuctiones
1406 4845 1444 4888 ι.
1492 4801 1726 4917 Duplicem

236 4927 353 5014 euim
379 4927 655 5045 Dignitatum
671 4931 865 5046 speciem
899 4930 1080 5048 agnovit
1102 4927 1345 5019 Coracilium
1379 4924 1719 5028 Tridentinum3

234 5049 413 5138 alteram
449 5079 609 5169 nempe
641 5053 807 5170 aliquid
845 5081 1079 5142 commuue
1111 5081 1211 5140 eum
1234 5049 1437 5167 Capitnlo
1461 5049 1719 5150 habentem,

235 5173 527 5288 uulnerata
568 5207 664 5262 sess.
685 5177 737 5264 21
770 5173 821 5261 de
852 5175 1062 5296 Resona„
1098 5192 1140 5262 et
1175 5174 1354 5260 alteram
1389 5187 1566 5260 econtra
1609 5195 1724 5286 quae

235 5296 453 5383 uibilcum
471 5325 523 5386 eo
542 5297 672 5387 babet
695 5327 945 5402 commune,
972 5313 1019 5384 ut
1042 5297 1085 5383 in
1104 5327 1201 5382 sess.
1218 5295 1285 5383 22
1312 5293 1406 5382 eod.
1433 5325 1526 5410 cop.
1565 5291 1616 5380 de
1650 5290 1727 5380 lle·

232 5417 381 5540 [orm.;
401 5421 458 5506 ita
478 5436 599 5508 uolat
631 5424 821 5537 Fopuau.
843 5423 888 5510 in
902 5421 1011 5537 Gap.
1036 5417 1351 5531 Quiauoauulli
1367 5418 1431 5505 De
1449 5417 1605 5506 Clario.
1642 5443 1724 5502 nou

233 5542 433 5632 residant.
451 5575 496 5632 a.
518 5543 578 5632 12
603 5545 678 5633 ubi
702 5546 836 5634 babet
856 5593 886 5612 ·-
906 5545 969 5634 ibi
991 5591 1021 5612 -
1049 5585 1065 5624 ι
1094 5541 1445 5666 Concilium-duo
1464 5569 1624 5662 genera
1647 5536 1723 5626 Di·
