4446 6330
585 346 649 436 dd
1044 341 1127 429 Die
1157 341 1217 428 25
1250 339 1446 426 Ianuarii
1480 333 1618 428 t879.
2066 433 2069 439 ,
2195 453 2196 456 Ν

590 466 819 560 affectione
857 465 913 553 ita
947 465 1233 553 in·eumdem
1270 461 1508 565 serebatur,
1539 475 1586 548 ut
1623 459 1697 550 vix
1720 457 1833 548 inito
1867 463 2081 556 connubio

591 592 711 712 apud
744 591 884 706 ipsum
932 588 1114 690 instetit,
1151 619 1239 704 quo
1280 585 1464 674 citiuse
1509 583 1645 674 domo
1690 601 1876 704 paterna
1900 581 1943 670 iu
1967 615 2081 678 suam
2195 587 2196 602 ‘

590 713 914 805 habitationem
960 710 1234 827 perdurarem
1272 710 1377 797 baec
1424 737 1554 827 porro
1592 707 1813 825 exipsius
1853 737 1933 794 ore
1968 711 2081 799 audi·

592 840 707 927 visse
745 833 930 952 deponit
965 833 1174 923 Sacerdos
1213 823 1400 920 Arduiui
1439 858 1675 950 germanus
1708 831 1844 918 frater
1879 828 2073 924 eiusdem

595 991 613 1042 ι
654 960 768 1050 disse
792 959 832 1044 la
869 957 1176 1046 Violantina...
1203 955 1324 1042 Sorai
1347 954 1505 1043 andalo
1525 954 1591 1042 col
1609 955 1764 1052 Pizzo,·
1784 955 1890 1042 unzi
1913 953 2074 1066 QUAst

602 1127 619 1163 ι
659 1082 861 1189 Stttttto
906 1080 1060 1174 0οΡ0
1085 1080 1137 1166 tt
1166 1079 1528 1168 Marntttottto
1566 1079 1639 1168 LO
1662 1077 1875 1168 PREGAI
1897 1074 1937 1163 Α
1960 1079 2082 1170 CON—

594 1243 618 1292 ,ι
660 1205 841 1293 Dttttm
876 1206 911 1292 A
946 1205 1144 1304 satta,
1187 1201 1295 1290 SUO
1328 1203 1518 1291 LUOGO
1562 1203 1753 1306 mamm
1803 1231 1876 1288 ma
1923 1201 2008 1318 egli
2030 1203 2082 1290 ri·

598 1369 616 1410 ι
657 1357 798 1444 spose,
836 1327 914 1414 che
945 1325 987 1412 in
1023 1357 1121 1413 uasa
1155 1357 1230 1412 sua
1256 1355 1343 1410 non
1381 1327 1497 1414 o’era
1532 1320 1660 1442 luogo
1697 1356 1776 1443 per
1807 1354 1898 1429 ma;
1945 1353 1970 1408 e
2007 1325 2080 1414 cbo

599 1495 616 1532 ι
658 1449 974 1565 abhisognava,
1011 1449 1091 1536 obe
1120 1448 1160 1535 {o
1194 1448 1313 1535 stessi
1355 1450 1398 1535 in
1432 1477 1529 1536 casa
1564 1447 1607 1536 di
1645 1450 1734 1534 mio
1769 1447 1928 1564 padre,
1968 1477 2083 1536 come

597 1617 614 1654 ι
656 1593 865 1664 eravamo
897 1571 1129 1660 d'acoordo
1171 1612 1209 1657 ι.

720 1697 795 1782 19.
832 1697 895 1782 Ex
910 1695 1024 1782 hisce
1047 1693 1251 1782 omnibus
1273 1694 1498 1811 iuncusque
1520 1693 1769 1796 enucleatis,
1797 1709 1922 1780 extra
1947 1693 2081 1780 omnis

593 1816 881 1942 dubitationis
915 1819 1056 1906 aleam
1096 1817 1297 1920 eruitur,
1339 1816 1458 1934 quod
1504 1839 1582 1933 per
1625 1815 1823 1904 notabile
1868 1815 1957 1904 diei
1992 1837 2082 1933 sptt-

598 1943 708 2032 tiu'm
767 1939 944 2028 Violans
994 1938 1180 2027 Arduini
1234 1957 1331 2059 post
1385 1939 1592 2026 eonndhii
1652 1938 1996 2028 celebrationem
2035 1939 2075 2025 in

595 2063 778 2188 propria
813 2061 1096 2167 habitatione,
1132 2064 1313 2151 absente
1349 2079 1487 2179 patre,
1514 2062 1694 2150 absente
1717 2062 1867 2164 fratre,
1907 2091 2076 2148 conver·

594 2201 686 2278 sata
721 2203 784 2276 est
818 2205 916 2274 oum
951 2185 1148 2274 eiusdem
1187 2185 1344 2273 marito
1392 2184 1619 2274 Francisco
1663 2185 1803 2272 Pizto.
1851 2184 2072 2296 Quidnam

594 2309 769 2431 egerint
801 2307 847 2397 in
881 2307 1024 2426 primo
1069 2309 1142 2396 itta
1172 2308 1468 2397 incalescentis
1506 2308 1743 2426 coniugalis
1783 2305 1955 2396 ardoris
1989 2337 2077 2396 mo·

597 2449 747 2523 mento
781 2447 912 2550 atque
946 2431 1208 2548 importunis
1257 2431 1607 2549 quibuscumque
1653 2431 1832 2519 testibus
1888 2430 2073 2532 remotis,

592 2554 713 2646 baud
746 2553 921 2643 difficite
955 2572 1018 2643 est
1063 2555 1295 2657 coniicere,
1354 2554 1460 2648 dum
1504 2585 1584 2642 neo
1628 2570 1767 2672 pater,
1819 2585 1903 2642 neo
1961 2553 2082 2642 irater

594 2709 784 2798 sponsae
817 2675 985 2766 ibidem
1022 2678 1219 2782 aderant3
1258 2677 1493 2765 familiares
1525 2695 1670 2764 autem
1700 2676 1970 2765 deficiebant
1993 2705 2080 2762 om-

592 2806 715 2905 bino,
754 2800 900 2918 prouti
934 2817 1115 2889 testatur
1139 2802 1367 2890 decretum
1390 2800 1726 2916 Albittganensis
1751 2800 1916 2890 Vicarii
1934 2801 2078 2889 Gene-

594 2925 695 3015 ralis
728 2923 816 3013 diei
851 2923 909 3009 45
942 2924 1215 3042 Septembris
1249 2925 1371 3015 t87t
1410 2965 1427 3003 ι
1466 2923 1815 3037 NULLOSQUE,
1860 2941 1906 3010 ut
1945 2919 2079 3038 publi-

594 3069 692 3170 cum·
715 3063 754 3137 et
785 3047 994 3134 notorium
1027 3063 1100 3152 tut,
1130 3049 1175 3134 itt
1209 3046 1330 3137 domo
1361 3043 1575 3164 praedicti
1596 3047 1750 3134 Felicis
1772 3045 1969 3134 Arduini
2002 3075 2076 3130 esse

593 3166 965 3270 FAMILIARES,
1007 3173 1079 3289 'qui
1127 3169 1279 3260 subiici
1320 3171 1481 3288 possint
1528 3172 1713 3258 amamini
1751 3208 1789 3258 ι.
1827 3166 2077 3260 certissime

594 3295 714 3384 enim
755 3295 800 3381 in
853 3293 965 3382 iacto
1017 3309 1197 3393 constat,
1239 3293 1360 3415 quod
1397 3291 1571 3410 nuptias
1618 3321 1718 3382 cum
1758 3295 1881 3380 Pizzo
1934 3289 2079 3378 vivide

594 3416 754 3507 mulier
788 3415 1084 3524 anhelaverat3
1128 3416 1239 3506 adeo
1284 3433 1347 3534 ut,
1381 3417 1616 3506 obsistente
1664 3432 1806 3536 patre,
1859 3434 1997 3535 atque
2032 3425 2076 3498 ut

594 3539 784 3659 ipsamet
821 3539 1068 3659 profitetur,
1110 3541 1344 3631 obsistente
1377 3541 1613 3660 aliquando
1647 3541 1778 3629 etiam
1802 3539 1952 3646 fratre,
1987 3563 2079 3624 ma·
2157 3536 2160 3540 ’

593 3663 850 3754 trimonium
863 3663 1144 3752 contraxerit.
1178 3703 1194 3740 ι
1219 3666 1483 3781 lutterropoto
1499 3694 1539 3750 se
1554 3665 1620 3751 sio
1636 3663 1843 3751 ortdotoa
1874 3661 2077 3750 celebrare

593 3787 631 3874 it
664 3773 934 3875 matrimonio
969 3785 1190 3874 d’ocrordo
1223 3821 1296 3876 coa
1329 3820 1401 3876 suo
1429 3784 1568 3902 padre
1599 3781 2076 3907 esroteiioildisponde:

597 3909 685 3997 Mio
717 3904 853 4026 padre
885 3941 963 3997 aon
998 3941 1047 3997 ne
1078 3943 1228 4027 supero
1261 3911 1399 4012 nolim
1434 3909 1518 3996 mio
1549 3909 1726 4032 [rotello
1766 3909 1805 3996 io
1853 3933 2023 4026 saprum
2057 3935 2076 3988 e

595 4033 710 4119 aeaco
761 4031 809 4118 di
842 4030 1039 4120 distormi
1067 4053 1108 4134 »ζ
1143 4049 1273 4153 atquo
1290 4033 1485 4124 eiusdem
1525 4032 1657 4122 frater
1696 4027 2070 4152 quemadmodum

596 4171 730 4273 subm
755 4155 959 4244 enarravi
998 4156 1147 4244 «ande
1178 4159 1236 4262 io,
1285 4157 1358 4248 ube
1394 4187 1474 4243 aon
1516 4156 1659 4245 voiana
1696 4154 1970 4243 contraditae
2002 4149 2075 4268 piir

596 4277 704 4365 oltra
739 4275 780 4364 io
812 4277 967 4365 sorella
993 4277 1175 4367 dedissit
1216 4284 1444 4369 «Aetatem
1476 4277 1598 4366 tutes
1639 4315 1679 4381 »ς
1716 4279 1777 4367 toi
1800 4281 1866 4364 sia
1885 4277 1934 4363 di
1967 4292 2002 4364 te
2037 4310 2073 4358 ι.

593 4400 657 4488 Ex
680 4400 772 4518 ipsa
789 4400 956 4519 quippe
973 4401 1189 4492 humanae
1205 4403 1443 4523 fragilitatis
1464 4420 1621 4491 natura
1643 4401 1940 4522 praesumitur
1971 4425 2077 4486 sem·

593 4539 674 4641 per
713 4550 924 4642 sponsum
972 4551 1071 4614 oum
1104 4527 1193 4615 soia
1229 4557 1387 4645 sponsa
1419 4527 1777 4647 haudquaquam,
1814 4554 1894 4614 ceu
1918 4519 2075 4614 dicitur

420 4665 425 4672 ’
571 4645 828 4735 „recitandis
867 4663 992 4766 poter
1012 4665 1150 4736 noster
1170 4679 1342 4755 vacare3
1371 4650 1662 4770 quamobrem
1681 4679 1766 4737 non
1785 4669 1840 4735 ex
1858 4647 1964 4736 iuris
1989 4662 2075 4732 tan-

595 4768 827 4857 tummodo
841 4771 1173 4886 praeventione,
1195 4772 1272 4860 sod
1292 4771 1425 4889 ipsius
1443 4803 1496 4860 ex
1513 4789 1696 4861 naturae
1720 4790 1825 4860 voott
1853 4765 2074 4891 quaelibet

570 4963 573 4972 .
597 4892 733 4981 etiam
759 4894 976 4982 evanescit
1008 4893 1445 4983 insensummationis
1464 4895 1737 4984 matrimonii
1765 4888 2071 5014 praesumptio.

714 5015 794 5102 00.
832 5015 1133 5134 Praesumptio
1170 5017 1258 5106 imo
1280 5018 1512 5121 contraria,
1540 5018 1658 5138 quod
1679 5017 1894 5106 nimirum
1929 5008 2073 5104 matri·
2121 5016 2123 5020 '

591 5136 790 5225 monium
826 5135 958 5227 tuerit
990 5155 1358 5246 consummatum,
1381 5166 1513 5260 quam
1541 5141 1734 5230 maxime
1773 5171 1826 5232 ex
1858 5173 1911 5228 eo
1938 5161 2074 5228 cerro

590 5259 788 5366 boratun,
813 5261 933 5381 quod
951 5261 1253 5355 incunotante'r
1269 5263 1717 5384 postueiehrationem
1739 5266 1878 5383 ipsam
1902 5257 2070 5380 nuptia·

590 5397 692 5468 rum
722 5381 836 5484 int-et
863 5403 1047 5504 sponsos
1066 5405 1112 5475 et
1130 5387 1455 5478 moderatorem
1479 5388 1676 5478 omnium
1697 5389 1904 5478 harumce
1930 5407 2073 5475 rerum

592 5498 877 5595 Satamotetn
914 5509 1139 5602 Nicolaum
1178 5526 1455 5617 conuenerat,
1498 5529 1546 5599 ιιι
1574 5511 1866 5631 paratiquod
1905 5507 2108 5626 tempo-¹
