<?xml version="1.0" encoding="UTF-8"?>
<!DOCTYPE html PUBLIC "-//W3C//DTD XHTML 1.0 Transitional//EN"
    "http://www.w3.org/TR/xhtml1/DTD/xhtml1-transitional.dtd">
<html xmlns="http://www.w3.org/1999/xhtml" xml:lang="en" lang="en">
 <head>
  <title>
</title>
<meta http-equiv="Content-Type" content="text/html;charset=utf-8" />
  <meta name='ocr-system' content='tesseract 3.04.00' />
  <meta name='ocr-capabilities' content='ocr_page ocr_carea ocr_par ocr_line ocrx_word'/>
</head>
<body>
  <div class='ocr_page' id='page_1' title='image "./thesaurusresolu00churgoog_0260.png"; bbox 0 0 4558 6340; ppageno 0'>
   <div class='ocr_carea' id='block_1_1' title="bbox 239 337 1789 4884">
    <p class='ocr_par' dir='ltr' id='par_1_1' title="bbox 707 337 1731 456">
     <span class='ocr_line' id='line_1_1' title="bbox 707 337 1731 456; baseline 0.007 -30"><span class='ocrx_word' id='word_1_1' title='bbox 707 337 795 427; x_wconf 74' lang='lat' dir='ltr'>nia</span> <span class='ocrx_word' id='word_1_2' title='bbox 822 339 885 426; x_wconf 72' lang='grc'>26</span> <span class='ocrx_word' id='word_1_3' title='bbox 917 337 1091 456; x_wconf 79' lang='lat' dir='ltr'>Aprttis</span> <span class='ocrx_word' id='word_1_4' title='bbox 1123 340 1262 430; x_wconf 85' lang='grc'><strong>1879.</strong></span> <span class='ocrx_word' id='word_1_5' title='bbox 1508 435 1518 448; x_wconf 65' lang='grc'><em>,</em></span> <span class='ocrx_word' id='word_1_6' title='bbox 1637 344 1731 433; x_wconf 70' lang='lat'>249</span> 
     </span>
    </p>

    <p class='ocr_par' dir='ltr' id='par_1_2' title="bbox 239 463 1789 4884">
     <span class='ocr_line' id='line_1_2' title="bbox 246 463 1729 580; baseline 0.009 -38"><span class='ocrx_word' id='word_1_7' title='bbox 246 501 265 542; x_wconf 75' lang='grc' dir='ltr'>ι</span> <span class='ocrx_word' id='word_1_8' title='bbox 305 475 450 564; x_wconf 84' lang='lat' dir='ltr'>cento,</span> <span class='ocrx_word' id='word_1_9' title='bbox 487 491 613 550; x_wconf 91' lang='lat' dir='ltr'>come</span> <span class='ocrx_word' id='word_1_10' title='bbox 636 463 912 579; x_wconf 84' lang='lat' dir='ltr'>pretendono</span> <span class='ocrx_word' id='word_1_11' title='bbox 936 465 947 549; x_wconf 94' lang='lat' dir='ltr'>i</span> <span class='ocrx_word' id='word_1_12' title='bbox 970 464 1227 580; x_wconf 88' lang='lat' dir='ltr'>Capitolari,</span> <span class='ocrx_word' id='word_1_13' title='bbox 1254 465 1295 552; x_wconf 85' lang='lat' dir='ltr'>ia</span> <span class='ocrx_word' id='word_1_14' title='bbox 1316 493 1488 553; x_wconf 85' lang='lat' dir='ltr'>somma</span> <span class='ocrx_word' id='word_1_15' title='bbox 1510 465 1553 554; x_wconf 92' lang='lat' dir='ltr'>di</span> <span class='ocrx_word' id='word_1_16' title='bbox 1581 465 1729 556; x_wconf 87' lang='lat' dir='ltr'>ducati</span> 
     </span>
     <span class='ocr_line' id='line_1_3' title="bbox 247 585 1727 706; baseline 0.002 -32"><span class='ocrx_word' id='word_1_17' title='bbox 247 626 265 664; x_wconf 86' lang='lat'><strong>«</strong></span> <span class='ocrx_word' id='word_1_18' title='bbox 305 585 523 674; x_wconf 91' lang='lat' dir='ltr'>dueceuto</span> <span class='ocrx_word' id='word_1_19' title='bbox 556 615 635 702; x_wconf 90' lang='lat' dir='ltr'>per</span> <span class='ocrx_word' id='word_1_20' title='bbox 657 585 858 674; x_wconf 78' lang='lat' dir='ltr'>ciascuno</span> <span class='ocrx_word' id='word_1_21' title='bbox 881 589 996 676; x_wconf 86' lang='lat' dir='ltr'>ottre</span> <span class='ocrx_word' id='word_1_22' title='bbox 1017 587 1164 702; x_wconf 83' lang='lat' dir='ltr'>qrreho</span> <span class='ocrx_word' id='word_1_23' title='bbox 1187 589 1267 676; x_wconf 92' lang='lat' dir='ltr'>che</span> <span class='ocrx_word' id='word_1_24' title='bbox 1292 604 1501 706; x_wconf 77' lang='lat' dir='ltr'>traggono</span> <span class='ocrx_word' id='word_1_25' title='bbox 1525 619 1604 706; x_wconf 89' lang='lat' dir='ltr'>pcr</span> <span class='ocrx_word' id='word_1_26' title='bbox 1626 590 1727 678; x_wconf 82' lang='lat' dir='ltr'>nitri</span> 
     </span>
     <span class='ocr_line' id='line_1_4' title="bbox 249 707 1730 826; baseline 0.011 -40"><span class='ocrx_word' id='word_1_27' title='bbox 249 749 265 786; x_wconf 77' lang='grc' dir='ltr'>ι</span> <span class='ocrx_word' id='word_1_28' title='bbox 305 708 401 826; x_wconf 94' lang='lat' dir='ltr'>capi</span> <span class='ocrx_word' id='word_1_29' title='bbox 410 773 506 796; x_wconf 91' lang='grc'><strong>.....</strong></span> <span class='ocrx_word' id='word_1_30' title='bbox 531 707 783 797; x_wconf 87' lang='lat' dir='ltr'>Dovendosi</span> <span class='ocrx_word' id='word_1_31' title='bbox 817 711 889 824; x_wconf 94' lang='lat' dir='ltr'>poi</span> <span class='ocrx_word' id='word_1_32' title='bbox 924 711 1075 798; x_wconf 84' lang='lat' dir='ltr'>venire</span> <span class='ocrx_word' id='word_1_33' title='bbox 1106 711 1147 798; x_wconf 85' lang='lat' dir='ltr'>ai</span> <span class='ocrx_word' id='word_1_34' title='bbox 1180 741 1388 800; x_wconf 89' lang='lat' dir='ltr'>concorso</span> <span class='ocrx_word' id='word_1_35' title='bbox 1431 741 1456 798; x_wconf 92' lang='lat' dir='ltr'>e</span> <span class='ocrx_word' id='word_1_36' title='bbox 1504 715 1730 802; x_wconf 84' lang='lat' dir='ltr'>creaaioue</span> 
     </span>
     <span class='ocr_line' id='line_1_5' title="bbox 242 831 1730 934; baseline 0.004 -14"><span class='ocrx_word' id='word_1_37' title='bbox 242 871 269 910; x_wconf 69' lang='grc' dir='ltr'>-ε</span> <span class='ocrx_word' id='word_1_38' title='bbox 307 831 379 920; x_wconf 90' lang='lat' dir='ltr'>de&#39;</span> <span class='ocrx_word' id='word_1_39' title='bbox 399 831 560 920; x_wconf 81' lang='lat' dir='ltr'><strong>novelli</strong></span> <span class='ocrx_word' id='word_1_40' title='bbox 595 831 813 934; x_wconf 88' lang='lat' dir='ltr'>Parrochi,</span> <span class='ocrx_word' id='word_1_41' title='bbox 842 832 882 919; x_wconf 94' lang='lat' dir='ltr'>io</span> <span class='ocrx_word' id='word_1_42' title='bbox 904 863 992 918; x_wconf 90' lang='lat' dir='ltr'>non</span> <span class='ocrx_word' id='word_1_43' title='bbox 1025 863 1072 919; x_wconf 84' lang='lat' dir='ltr'>so</span> <span class='ocrx_word' id='word_1_44' title='bbox 1103 863 1151 922; x_wconf 88' lang='lat' dir='ltr'>se</span> <span class='ocrx_word' id='word_1_45' title='bbox 1186 835 1225 920; x_wconf 86' lang='lat' dir='ltr'>ta</span> <span class='ocrx_word' id='word_1_46' title='bbox 1262 837 1308 924; x_wconf 89' lang='lat' dir='ltr'>S.</span> <span class='ocrx_word' id='word_1_47' title='bbox 1344 833 1460 923; x_wconf 85' lang='lat' dir='ltr'>Sede</span> <span class='ocrx_word' id='word_1_48' title='bbox 1509 835 1730 926; x_wconf 90' lang='lat' dir='ltr'>ricouosca</span> 
     </span>
     <span class='ocr_line' id='line_1_6' title="bbox 245 953 1734 1072; baseline 0.008 -36"><span class='ocrx_word' id='word_1_49' title='bbox 245 994 268 1036; x_wconf 68' lang='grc' dir='ltr'>ι</span> <span class='ocrx_word' id='word_1_50' title='bbox 307 984 387 1071; x_wconf 88' lang='lat' dir='ltr'>per</span> <span class='ocrx_word' id='word_1_51' title='bbox 420 953 739 1070; x_wconf 87' lang='lat' dir='ltr'>impedimento</span> <span class='ocrx_word' id='word_1_52' title='bbox 773 984 798 1040; x_wconf 88' lang='lat' dir='ltr'>u</span> <span class='ocrx_word' id='word_1_53' title='bbox 832 955 1119 1072; x_wconf 85' lang='lat' dir='ltr'>provvedersi</span> <span class='ocrx_word' id='word_1_54' title='bbox 1153 957 1297 1044; x_wconf 87' lang='lat' dir='ltr'>sinora</span> <span class='ocrx_word' id='word_1_55' title='bbox 1340 957 1421 1045; x_wconf 87' lang='lat' dir='ltr'>essi</span> <span class='ocrx_word' id='word_1_56' title='bbox 1459 957 1662 1047; x_wconf 87' lang='lat' dir='ltr'>beneficii</span> <span class='ocrx_word' id='word_1_57' title='bbox 1705 990 1734 1048; x_wconf 87' lang='lat' dir='ltr'>e</span> 
     </span>
     <span class='ocr_line' id='line_1_7' title="bbox 246 1077 1734 1193; baseline 0.011 -36"><span class='ocrx_word' id='word_1_58' title='bbox 246 1117 266 1157; x_wconf 65' lang='lat' dir='ltr'>a</span> <span class='ocrx_word' id='word_1_59' title='bbox 307 1081 347 1164; x_wconf 87' lang='lat' dir='ltr'>ta</span> <span class='ocrx_word' id='word_1_60' title='bbox 386 1077 611 1193; x_wconf 80' lang='lat' dir='ltr'>pendeam</span> <span class='ocrx_word' id='word_1_61' title='bbox 646 1077 761 1166; x_wconf 86' lang='lat' dir='ltr'>delia</span> <span class='ocrx_word' id='word_1_62' title='bbox 789 1077 866 1164; x_wconf 87' lang='lat' dir='ltr'>iite</span> <span class='ocrx_word' id='word_1_63' title='bbox 893 1079 949 1167; x_wconf 89' lang='lat' dir='ltr'>ed</span> <span class='ocrx_word' id='word_1_64' title='bbox 979 1080 1006 1164; x_wconf 85' lang='lat' dir='ltr'>ii</span> <span class='ocrx_word' id='word_1_65' title='bbox 1037 1106 1123 1166; x_wconf 89' lang='lat' dir='ltr'>non</span> <span class='ocrx_word' id='word_1_66' title='bbox 1168 1111 1311 1170; x_wconf 88' lang='lat' dir='ltr'>essere</span> <span class='ocrx_word' id='word_1_67' title='bbox 1349 1081 1635 1170; x_wconf 89' lang='lat' dir='ltr'>riconosciuto</span> <span class='ocrx_word' id='word_1_68' title='bbox 1659 1081 1734 1174; x_wconf 85' lang='lat' dir='ltr'>dal</span> 
     </span>
     <span class='ocr_line' id='line_1_8' title="bbox 247 1201 1733 1318; baseline 0.009 -36"><span class='ocrx_word' id='word_1_69' title='bbox 247 1237 269 1282; x_wconf 69' lang='grc' dir='ltr'>ι</span> <span class='ocrx_word' id='word_1_70' title='bbox 307 1231 502 1312; x_wconf 70' lang='lat' dir='ltr'>governo</span> <span class='ocrx_word' id='word_1_71' title='bbox 535 1201 760 1317; x_wconf 85' lang='lat' dir='ltr'>i’acquisto</span> <span class='ocrx_word' id='word_1_72' title='bbox 792 1201 872 1288; x_wconf 94' lang='lat' dir='ltr'>che</span> <span class='ocrx_word' id='word_1_73' title='bbox 920 1203 1000 1290; x_wconf 89' lang='lat' dir='ltr'>essi</span> <span class='ocrx_word' id='word_1_74' title='bbox 1044 1217 1218 1318; x_wconf 90' lang='lat' dir='ltr'>quattro</span> <span class='ocrx_word' id='word_1_75' title='bbox 1265 1205 1416 1292; x_wconf 85' lang='lat' dir='ltr'>Curati</span> <span class='ocrx_word' id='word_1_76' title='bbox 1465 1203 1610 1292; x_wconf 80' lang='lat' dir='ltr'>fecero</span> <span class='ocrx_word' id='word_1_77' title='bbox 1659 1205 1733 1295; x_wconf 85' lang='lat' dir='ltr'>dei</span> 
     </span>
     <span class='ocr_line' id='line_1_9' title="bbox 248 1323 1738 1441; baseline 0.009 -37"><span class='ocrx_word' id='word_1_78' title='bbox 248 1363 266 1404; x_wconf 74' lang='grc' dir='ltr'>ι</span> <span class='ocrx_word' id='word_1_79' title='bbox 307 1323 573 1413; x_wconf 72' lang='lat' dir='ltr'><strong>canonicato</strong></span> <span class='ocrx_word' id='word_1_80' title='bbox 607 1353 631 1410; x_wconf 93' lang='lat' dir='ltr'>e</span> <span class='ocrx_word' id='word_1_81' title='bbox 664 1323 818 1441; x_wconf 90' lang='lat' dir='ltr'>quindi</span> <span class='ocrx_word' id='word_1_82' title='bbox 852 1323 893 1430; x_wconf 65' lang='lat' dir='ltr'>¹ta</span> <span class='ocrx_word' id='word_1_83' title='bbox 927 1325 1150 1440; x_wconf 77' lang='lat' dir='ltr'><strong>prudenza</strong></span> <span class='ocrx_word' id='word_1_84' title='bbox 1183 1326 1348 1414; x_wconf 85' lang='lat' dir='ltr'>doruta</span> <span class='ocrx_word' id='word_1_85' title='bbox 1382 1325 1518 1414; x_wconf 92' lang='lat' dir='ltr'>usarsi</span> <span class='ocrx_word' id='word_1_86' title='bbox 1553 1355 1738 1418; x_wconf 87' lang='lat' dir='ltr'>avverso</span> 
     </span>
     <span class='ocr_line' id='line_1_10' title="bbox 246 1445 1730 1564; baseline 0.003 -36"><span class='ocrx_word' id='word_1_87' title='bbox 246 1485 267 1528; x_wconf 75' lang='grc' dir='ltr'>ι</span> <span class='ocrx_word' id='word_1_88' title='bbox 306 1447 348 1533; x_wconf 87' lang='lat' dir='ltr'>la</span> <span class='ocrx_word' id='word_1_89' title='bbox 380 1445 593 1564; x_wconf 70' lang='lat' dir='ltr'>vigilance</span> <span class='ocrx_word' id='word_1_90' title='bbox 626 1445 997 1534; x_wconf 86' lang='lat' dir='ltr'>deh&#39;Economato</span> <span class='ocrx_word' id='word_1_91' title='bbox 1030 1447 1105 1535; x_wconf 92' lang='lat' dir='ltr'>dei</span> <span class='ocrx_word' id='word_1_92' title='bbox 1137 1447 1340 1536; x_wconf 85' lang='lat' dir='ltr'>beneficii</span> <span class='ocrx_word' id='word_1_93' title='bbox 1375 1449 1546 1536; x_wconf 88' lang='lat' dir='ltr'>vacanti</span> <span class='ocrx_word' id='word_1_94' title='bbox 1580 1480 1670 1538; x_wconf 92' lang='lat' dir='ltr'>ecc.</span> <span class='ocrx_word' id='word_1_95' title='bbox 1713 1492 1730 1532; x_wconf 76' lang='grc' dir='ltr'>ι</span> 
     </span>
     <span class='ocr_line' id='line_1_11' title="bbox 369 1568 1734 1664; baseline 0.005 -8"><span class='ocrx_word' id='word_1_96' title='bbox 369 1571 479 1658; x_wconf 86' lang='lat' dir='ltr'>Huic</span> <span class='ocrx_word' id='word_1_97' title='bbox 513 1568 902 1658; x_wconf 84' lang='lat' dir='ltr'>novolibeilodie</span> <span class='ocrx_word' id='word_1_98' title='bbox 937 1572 994 1658; x_wconf 78' lang='lat' dir='ltr'>tr</span> <span class='ocrx_word' id='word_1_99' title='bbox 1030 1570 1141 1658; x_wconf 84' lang='lat' dir='ltr'>iunii</span> <span class='ocrx_word' id='word_1_100' title='bbox 1185 1571 1382 1660; x_wconf 91' lang='lat' dir='ltr'>eiusdem</span> <span class='ocrx_word' id='word_1_101' title='bbox 1429 1571 1533 1658; x_wconf 91' lang='lat' dir='ltr'>anni</span> <span class='ocrx_word' id='word_1_102' title='bbox 1581 1572 1734 1664; x_wconf 94' lang='lat' dir='ltr'>denuo</span> 
     </span>
     <span class='ocr_line' id='line_1_12' title="bbox 243 1691 1732 1811; baseline 0.002 -28"><span class='ocrx_word' id='word_1_103' title='bbox 243 1693 506 1810; x_wconf 88' lang='lat' dir='ltr'>rescriptum</span> <span class='ocrx_word' id='word_1_104' title='bbox 541 1692 640 1781; x_wconf 84' lang='lat' dir='ltr'>fuit:</span> <span class='ocrx_word' id='word_1_105' title='bbox 683 1733 698 1772; x_wconf 78' lang='grc' dir='ltr'>ι</span> <span class='ocrx_word' id='word_1_106' title='bbox 748 1691 902 1780; x_wconf 82' lang='lat' dir='ltr'>Eidem</span> <span class='ocrx_word' id='word_1_107' title='bbox 950 1693 1164 1810; x_wconf 82' lang='lat' dir='ltr'>Episcopo</span> <span class='ocrx_word' id='word_1_108' title='bbox 1212 1693 1288 1811; x_wconf 95' lang='lat' dir='ltr'>qui</span> <span class='ocrx_word' id='word_1_109' title='bbox 1322 1694 1480 1784; x_wconf 91' lang='lat' dir='ltr'>auditis</span> <span class='ocrx_word' id='word_1_110' title='bbox 1524 1695 1732 1786; x_wconf 89' lang='lat' dir='ltr'>omnibus</span> 
     </span>
     <span class='ocr_line' id='line_1_13' title="bbox 247 1815 1737 1934; baseline 0.009 -38"><span class='ocrx_word' id='word_1_111' title='bbox 247 1855 267 1896; x_wconf 80' lang='grc' dir='ltr'>ι</span> <span class='ocrx_word' id='word_1_112' title='bbox 310 1818 518 1902; x_wconf 80' lang='lat' dir='ltr'>interesse</span> <span class='ocrx_word' id='word_1_113' title='bbox 551 1815 833 1918; x_wconf 91' lang='lat' dir='ltr'>habentibus,</span> <span class='ocrx_word' id='word_1_114' title='bbox 870 1815 1033 1903; x_wconf 82' lang='lat' dir='ltr'>reserat</span> <span class='ocrx_word' id='word_1_115' title='bbox 1066 1847 1119 1904; x_wconf 93' lang='lat' dir='ltr'>an</span> <span class='ocrx_word' id='word_1_116' title='bbox 1154 1817 1361 1934; x_wconf 86' lang='lat' dir='ltr'>expediat</span> <span class='ocrx_word' id='word_1_117' title='bbox 1393 1821 1737 1910; x_wconf 83' lang='lat' dir='ltr'>controversiam</span> 
     </span>
     <span class='ocr_line' id='line_1_14' title="bbox 249 1938 1736 2057; baseline 0.007 -37"><span class='ocrx_word' id='word_1_118' title='bbox 249 1979 267 2020; x_wconf 75' lang='grc' dir='ltr'>ι</span> <span class='ocrx_word' id='word_1_119' title='bbox 305 1938 516 2028; x_wconf 81' lang='lat' dir='ltr'>dirimere</span> <span class='ocrx_word' id='word_1_120' title='bbox 549 1969 627 2026; x_wconf 92' lang='lat' dir='ltr'>seu</span> <span class='ocrx_word' id='word_1_121' title='bbox 658 1938 803 2057; x_wconf 89' lang='lat' dir='ltr'>potius</span> <span class='ocrx_word' id='word_1_122' title='bbox 838 1939 1021 2028; x_wconf 82' lang='lat' dir='ltr'>ulterius</span> <span class='ocrx_word' id='word_1_123' title='bbox 1054 1939 1243 2042; x_wconf 78' lang='lat' dir='ltr'>deferre,</span> <span class='ocrx_word' id='word_1_124' title='bbox 1279 1957 1324 2027; x_wconf 89' lang='lat' dir='ltr'>et</span> <span class='ocrx_word' id='word_1_125' title='bbox 1356 1941 1570 2057; x_wconf 88' lang='lat' dir='ltr'>quidnam</span> <span class='ocrx_word' id='word_1_126' title='bbox 1604 1943 1736 2032; x_wconf 90' lang='lat' dir='ltr'>obiici</span> 
     </span>
     <span class='ocr_line' id='line_1_15' title="bbox 248 2061 1736 2180; baseline 0.009 -40"><span class='ocrx_word' id='word_1_127' title='bbox 248 2104 269 2140; x_wconf 79' lang='grc'><strong>«</strong></span> <span class='ocrx_word' id='word_1_128' title='bbox 308 2079 452 2180; x_wconf 89' lang='lat' dir='ltr'>posset</span> <span class='ocrx_word' id='word_1_129' title='bbox 486 2091 541 2147; x_wconf 92' lang='lat' dir='ltr'>ne</span> <span class='ocrx_word' id='word_1_130' title='bbox 574 2061 776 2164; x_wconf 76' lang='lat' dir='ltr'>Perenni,</span> <span class='ocrx_word' id='word_1_131' title='bbox 822 2079 951 2176; x_wconf 81' lang='lat' dir='ltr'>prout</span> <span class='ocrx_word' id='word_1_132' title='bbox 1000 2062 1277 2180; x_wconf 91' lang='lat' dir='ltr'>proponitur,</span> <span class='ocrx_word' id='word_1_133' title='bbox 1331 2063 1447 2150; x_wconf 91' lang='lat' dir='ltr'>inter</span> <span class='ocrx_word' id='word_1_134' title='bbox 1493 2064 1736 2154; x_wconf 85' lang='lat' dir='ltr'>Canonicos</span> 
     </span>
     <span class='ocr_line' id='line_1_16' title="bbox 248 2185 1737 2303; baseline 0.008 -39"><span class='ocrx_word' id='word_1_135' title='bbox 248 2227 271 2264; x_wconf 61' lang='grc' dir='ltr'>ι</span> <span class='ocrx_word' id='word_1_136' title='bbox 309 2185 659 2274; x_wconf 85' lang='lat' dir='ltr'>adnumeremur</span> <span class='ocrx_word' id='word_1_137' title='bbox 705 2202 750 2271; x_wconf 92' lang='lat' dir='ltr'>et</span> <span class='ocrx_word' id='word_1_138' title='bbox 801 2185 1100 2300; x_wconf 90' lang='lat' dir='ltr'>praebendam</span> <span class='ocrx_word' id='word_1_139' title='bbox 1149 2187 1332 2274; x_wconf 89' lang='lat' dir='ltr'>caeteris</span> <span class='ocrx_word' id='word_1_140' title='bbox 1379 2216 1527 2303; x_wconf 90' lang='lat' dir='ltr'>parem</span> <span class='ocrx_word' id='word_1_141' title='bbox 1572 2216 1737 2276; x_wconf 90' lang='lat' dir='ltr'>conse-</span> 
     </span>
     <span class='ocr_line' id='line_1_17' title="bbox 247 2308 1737 2427; baseline 0.005 -37"><span class='ocrx_word' id='word_1_142' title='bbox 247 2347 268 2390; x_wconf 85' lang='grc' dir='ltr'>ι</span> <span class='ocrx_word' id='word_1_143' title='bbox 306 2325 517 2427; x_wconf 88' lang='lat' dir='ltr'>quantur.</span> <span class='ocrx_word' id='word_1_144' title='bbox 562 2349 576 2383; x_wconf 84' lang='lat'><strong>·</strong></span> <span class='ocrx_word' id='word_1_145' title='bbox 618 2308 854 2424; x_wconf 82' lang='lat' dir='ltr'>Episcopus</span> <span class='ocrx_word' id='word_1_146' title='bbox 890 2311 942 2394; x_wconf 89' lang='lat' dir='ltr'>V.</span> <span class='ocrx_word' id='word_1_147' title='bbox 979 2310 1024 2398; x_wconf 90' lang='lat' dir='ltr'>S.</span> <span class='ocrx_word' id='word_1_148' title='bbox 1052 2310 1106 2398; x_wconf 92' lang='lat'>0.</span> <span class='ocrx_word' id='word_1_149' title='bbox 1134 2338 1302 2398; x_wconf 85' lang='lat' dir='ltr'>morem</span> <span class='ocrx_word' id='word_1_150' title='bbox 1327 2308 1737 2398; x_wconf 83' lang='lat' dir='ltr'>saciensdeductio·</span> 
     </span>
     <span class='ocr_line' id='line_1_18' title="bbox 245 2428 1735 2548; baseline 0.001 -28"><span class='ocrx_word' id='word_1_151' title='bbox 245 2461 323 2522; x_wconf 84' lang='lat' dir='ltr'>nes</span> <span class='ocrx_word' id='word_1_152' title='bbox 357 2463 380 2519; x_wconf 92' lang='lat' dir='ltr'>a</span> <span class='ocrx_word' id='word_1_153' title='bbox 413 2428 782 2518; x_wconf 90' lang='lat' dir='ltr'>contendentibus</span> <span class='ocrx_word' id='word_1_154' title='bbox 816 2431 1015 2548; x_wconf 87' lang='lat' dir='ltr'>partibus</span> <span class='ocrx_word' id='word_1_155' title='bbox 1047 2432 1131 2518; x_wconf 92' lang='lat' dir='ltr'>sihi</span> <span class='ocrx_word' id='word_1_156' title='bbox 1165 2433 1331 2520; x_wconf 76' lang='lat' dir='ltr'>oblatas</span> <span class='ocrx_word' id='word_1_157' title='bbox 1365 2431 1438 2519; x_wconf 92' lang='lat' dir='ltr'>die</span> <span class='ocrx_word' id='word_1_158' title='bbox 1464 2431 1512 2517; x_wconf 83' lang='lat' dir='ltr'>tr</span> <span class='ocrx_word' id='word_1_159' title='bbox 1545 2435 1735 2548; x_wconf 73' lang='lat' dir='ltr'>Augusti</span> 
     </span>
     <span class='ocr_line' id='line_1_19' title="bbox 243 2554 1738 2674; baseline 0.001 -30"><span class='ocrx_word' id='word_1_160' title='bbox 243 2555 429 2644; x_wconf 76' lang='lat' dir='ltr'>remisit.</span> <span class='ocrx_word' id='word_1_161' title='bbox 465 2555 603 2642; x_wconf 92' lang='lat' dir='ltr'>Porro</span> <span class='ocrx_word' id='word_1_162' title='bbox 636 2585 690 2640; x_wconf 82' lang='lat' dir='ltr'>ex</span> <span class='ocrx_word' id='word_1_163' title='bbox 724 2554 976 2643; x_wconf 84' lang='lat' dir='ltr'>huiusmodi</span> <span class='ocrx_word' id='word_1_164' title='bbox 1008 2555 1284 2643; x_wconf 72' lang='lat' dir='ltr'>documentis</span> <span class='ocrx_word' id='word_1_165' title='bbox 1318 2572 1440 2671; x_wconf 88' lang='lat' dir='ltr'>patet</span> <span class='ocrx_word' id='word_1_166' title='bbox 1473 2555 1592 2674; x_wconf 91' lang='lat' dir='ltr'>quod</span> <span class='ocrx_word' id='word_1_167' title='bbox 1636 2558 1738 2645; x_wconf 88' lang='lat' dir='ltr'>licet</span> 
     </span>
     <span class='ocr_line' id='line_1_20' title="bbox 244 2677 1736 2796; baseline -0.001 -27"><span class='ocrx_word' id='word_1_168' title='bbox 244 2679 496 2796; x_wconf 83' lang='lat' dir='ltr'>Capitulum</span> <span class='ocrx_word' id='word_1_169' title='bbox 532 2677 700 2764; x_wconf 83' lang='lat' dir='ltr'>nulium</span> <span class='ocrx_word' id='word_1_170' title='bbox 735 2677 1104 2793; x_wconf 80' lang='lat' dir='ltr'>impedimentum</span> <span class='ocrx_word' id='word_1_171' title='bbox 1131 2691 1329 2795; x_wconf 88' lang='lat' dir='ltr'>opponat</span> <span class='ocrx_word' id='word_1_172' title='bbox 1351 2681 1585 2795; x_wconf 88' lang='lat' dir='ltr'>quominus</span> <span class='ocrx_word' id='word_1_173' title='bbox 1606 2709 1736 2768; x_wconf 88' lang='lat' dir='ltr'>causa</span> 
     </span>
     <span class='ocr_line' id='line_1_21' title="bbox 246 2799 1736 2917; baseline -0.001 -27"><span class='ocrx_word' id='word_1_174' title='bbox 246 2802 303 2890; x_wconf 89' lang='lat' dir='ltr'>ab</span> <span class='ocrx_word' id='word_1_175' title='bbox 337 2803 421 2890; x_wconf 88' lang='lat' dir='ltr'>EE.</span> <span class='ocrx_word' id='word_1_176' title='bbox 459 2801 542 2887; x_wconf 71' lang='lat' dir='ltr'>Pt‘.</span> <span class='ocrx_word' id='word_1_177' title='bbox 580 2801 712 2889; x_wconf 91' lang='lat' dir='ltr'>modo</span> <span class='ocrx_word' id='word_1_178' title='bbox 745 2799 981 2888; x_wconf 87' lang='lat' dir='ltr'>dirimatur</span> <span class='ocrx_word' id='word_1_179' title='bbox 1011 2829 1112 2888; x_wconf 90' lang='lat' dir='ltr'>cum</span> <span class='ocrx_word' id='word_1_180' title='bbox 1146 2801 1197 2888; x_wconf 78' lang='lat' dir='ltr'>tis</span> <span class='ocrx_word' id='word_1_181' title='bbox 1230 2817 1383 2890; x_wconf 89' lang='lat' dir='ltr'>contra</span> <span class='ocrx_word' id='word_1_182' title='bbox 1423 2800 1575 2889; x_wconf 88' lang='lat' dir='ltr'>fiscum</span> <span class='ocrx_word' id='word_1_183' title='bbox 1603 2803 1736 2917; x_wconf 77' lang='lat' dir='ltr'>vulgo</span> 
     </span>
     <span class='ocr_line' id='line_1_22' title="bbox 246 2923 1735 3042; baseline -0.001 -29"><span class='ocrx_word' id='word_1_184' title='bbox 246 2924 441 3013; x_wconf 77' lang='lat' dir='ltr'>demonio</span> <span class='ocrx_word' id='word_1_185' title='bbox 477 2943 668 3042; x_wconf 83' lang='lat' dir='ltr'>peracta,</span> <span class='ocrx_word' id='word_1_186' title='bbox 704 2954 839 3042; x_wconf 85' lang='lat' dir='ltr'>quom</span> <span class='ocrx_word' id='word_1_187' title='bbox 875 2923 1054 3011; x_wconf 83' lang='lat' dir='ltr'>Perochi</span> <span class='ocrx_word' id='word_1_188' title='bbox 1077 2955 1158 3039; x_wconf 93' lang='lat' dir='ltr'>pro</span> <span class='ocrx_word' id='word_1_189' title='bbox 1180 2924 1435 3041; x_wconf 88' lang='lat' dir='ltr'>respectivis</span> <span class='ocrx_word' id='word_1_190' title='bbox 1457 2925 1602 3041; x_wconf 91' lang='lat' dir='ltr'>quotis</span> <span class='ocrx_word' id='word_1_191' title='bbox 1620 2925 1735 3012; x_wconf 89' lang='lat' dir='ltr'>obti-</span> 
     </span>
     <span class='ocr_line' id='line_1_23' title="bbox 247 3044 1735 3165; baseline -0.003 -27"><span class='ocrx_word' id='word_1_192' title='bbox 247 3049 406 3138; x_wconf 91' lang='lat' dir='ltr'>nendis</span> <span class='ocrx_word' id='word_1_193' title='bbox 440 3062 644 3135; x_wconf 81' lang='lat' dir='ltr'>excutere</span> <span class='ocrx_word' id='word_1_194' title='bbox 687 3048 919 3148; x_wconf 87' lang='lat' dir='ltr'>deberent,</span> <span class='ocrx_word' id='word_1_195' title='bbox 971 3046 1133 3134; x_wconf 89' lang='lat' dir='ltr'>malum</span> <span class='ocrx_word' id='word_1_196' title='bbox 1179 3049 1351 3134; x_wconf 85' lang='lat' dir='ltr'>exitum</span> <span class='ocrx_word' id='word_1_197' title='bbox 1385 3044 1735 3165; x_wconf 85' lang='lat' dir='ltr'>irreparabiliter</span> 
     </span>
     <span class='ocr_line' id='line_1_24' title="bbox 244 3169 1733 3274; baseline -0.001 -14"><span class='ocrx_word' id='word_1_198' title='bbox 244 3171 466 3274; x_wconf 90' lang='lat' dir='ltr'>habuerit;</span> <span class='ocrx_word' id='word_1_199' title='bbox 505 3169 606 3259; x_wconf 90' lang='lat' dir='ltr'>totis</span> <span class='ocrx_word' id='word_1_200' title='bbox 640 3188 786 3258; x_wconf 89' lang='lat' dir='ltr'>tamen</span> <span class='ocrx_word' id='word_1_201' title='bbox 821 3169 970 3256; x_wconf 86' lang='lat' dir='ltr'>nervis</span> <span class='ocrx_word' id='word_1_202' title='bbox 1001 3169 1225 3258; x_wconf 86' lang='lat' dir='ltr'>contendit</span> <span class='ocrx_word' id='word_1_203' title='bbox 1259 3169 1473 3256; x_wconf 86' lang='lat' dir='ltr'>Parochos</span> <span class='ocrx_word' id='word_1_204' title='bbox 1508 3171 1620 3257; x_wconf 92' lang='lat' dir='ltr'>iuter</span> <span class='ocrx_word' id='word_1_205' title='bbox 1651 3171 1733 3260; x_wconf 85' lang='lat' dir='ltr'>Ca·</span> 
     </span>
     <span class='ocr_line' id='line_1_25' title="bbox 246 3291 1789 3410; baseline -0.001 -28"><span class='ocrx_word' id='word_1_206' title='bbox 246 3293 427 3382; x_wconf 89' lang='lat' dir='ltr'>nonioos</span> <span class='ocrx_word' id='word_1_207' title='bbox 460 3323 548 3380; x_wconf 91' lang='lat' dir='ltr'>nou</span> <span class='ocrx_word' id='word_1_208' title='bbox 593 3323 687 3382; x_wconf 86' lang='lat' dir='ltr'>esse</span> <span class='ocrx_word' id='word_1_209' title='bbox 718 3292 1014 3410; x_wconf 73' lang='lat' dir='ltr'>recipiendos</span> <span class='ocrx_word' id='word_1_210' title='bbox 1045 3292 1226 3381; x_wconf 86' lang='lat' dir='ltr'>Pamchi</span> <span class='ocrx_word' id='word_1_211' title='bbox 1266 3321 1319 3380; x_wconf 81' lang='lat' dir='ltr'>ex</span> <span class='ocrx_word' id='word_1_212' title='bbox 1358 3291 1543 3380; x_wconf 90' lang='lat' dir='ltr'>adverso</span> <span class='ocrx_word' id='word_1_213' title='bbox 1584 3291 1734 3381; x_wconf 80' lang='lat' dir='ltr'>effusis</span> <span class='ocrx_word' id='word_1_214' title='bbox 1784 3343 1789 3357; x_wconf 34' lang='grc' dir='ltr'><em>κ</em></span> 
     </span>
     <span class='ocr_line' id='line_1_26' title="bbox 246 3414 1729 3535; baseline 0.001 -31"><span class='ocrx_word' id='word_1_215' title='bbox 246 3419 453 3535; x_wconf 79' lang='lat' dir='ltr'>precihus</span> <span class='ocrx_word' id='word_1_216' title='bbox 483 3415 727 3535; x_wconf 72' lang='lat' dir='ltr'>efflagitant</span> <span class='ocrx_word' id='word_1_217' title='bbox 771 3434 816 3504; x_wconf 92' lang='lat' dir='ltr'>ut</span> <span class='ocrx_word' id='word_1_218' title='bbox 848 3417 1178 3533; x_wconf 86' lang='lat' dir='ltr'>quamprimum</span> <span class='ocrx_word' id='word_1_219' title='bbox 1224 3414 1520 3504; x_wconf 84' lang='lat' dir='ltr'>controversia</span> <span class='ocrx_word' id='word_1_220' title='bbox 1562 3415 1729 3506; x_wconf 87' lang='lat' dir='ltr'>haeca</span> 
     </span>
     <span class='ocr_line' id='line_1_27' title="bbox 247 3533 1730 3654; baseline -0.001 -28"><span class='ocrx_word' id='word_1_221' title='bbox 247 3542 304 3626; x_wconf 86' lang='lat' dir='ltr'>V.</span> <span class='ocrx_word' id='word_1_222' title='bbox 348 3541 392 3632; x_wconf 92' lang='lat' dir='ltr'>S.</span> <span class='ocrx_word' id='word_1_223' title='bbox 429 3540 485 3628; x_wconf 91' lang='grc' dir='ltr'>Ο.</span> <span class='ocrx_word' id='word_1_224' title='bbox 525 3539 776 3642; x_wconf 90' lang='lat' dir='ltr'>dirimatur,</span> <span class='ocrx_word' id='word_1_225' title='bbox 825 3533 992 3654; x_wconf 66' lang='lat' dir='ltr'>piaccia&amp;</span> <span class='ocrx_word' id='word_1_226' title='bbox 1038 3537 1074 3624; x_wconf 74' lang='lat' dir='ltr'>it</span> <span class='ocrx_word' id='word_1_227' title='bbox 1115 3538 1307 3625; x_wconf 74' lang='lat' dir='ltr'>denario</span> <span class='ocrx_word' id='word_1_228' title='bbox 1343 3537 1385 3622; x_wconf 83' lang='lat' dir='ltr'>ci</span> <span class='ocrx_word' id='word_1_229' title='bbox 1424 3554 1521 3626; x_wconf 85' lang='lat' dir='ltr'>urta</span> <span class='ocrx_word' id='word_1_230' title='bbox 1550 3567 1633 3652; x_wconf 83' lang='lat' dir='ltr'>per</span> <span class='ocrx_word' id='word_1_231' title='bbox 1687 3539 1730 3626; x_wconf 82' lang='lat' dir='ltr'>io</span> 
     </span>
     <span class='ocr_line' id='line_1_28' title="bbox 239 3659 1732 3779; baseline -0.001 -28"><span class='ocrx_word' id='word_1_232' title='bbox 239 3661 430 3751; x_wconf 66' lang='lat' dir='ltr'>cantato.</span> <span class='ocrx_word' id='word_1_233' title='bbox 468 3663 587 3774; x_wconf 82' lang='lat' dir='ltr'>Quas</span> <span class='ocrx_word' id='word_1_234' title='bbox 629 3663 923 3779; x_wconf 88' lang='lat' dir='ltr'>parochorum</span> <span class='ocrx_word' id='word_1_235' title='bbox 961 3675 1115 3778; x_wconf 83' lang='lat' dir='ltr'>preces</span> <span class='ocrx_word' id='word_1_236' title='bbox 1155 3661 1389 3778; x_wconf 84' lang='lat' dir='ltr'>Episcopus</span> <span class='ocrx_word' id='word_1_237' title='bbox 1443 3659 1591 3750; x_wconf 75' lang='lat' dir='ltr'>favore</span> <span class='ocrx_word' id='word_1_238' title='bbox 1647 3691 1732 3750; x_wconf 91' lang='lat' dir='ltr'>suo</span> 
     </span>
     <span class='ocr_line' id='line_1_29' title="bbox 243 3781 1725 3904; baseline 0.001 -32"><span class='ocrx_word' id='word_1_239' title='bbox 243 3785 531 3904; x_wconf 86' lang='lat' dir='ltr'>prosequitur</span> <span class='ocrx_word' id='word_1_240' title='bbox 552 3803 596 3873; x_wconf 92' lang='lat' dir='ltr'>et</span> <span class='ocrx_word' id='word_1_241' title='bbox 628 3789 712 3872; x_wconf 90' lang='lat' dir='ltr'>EE.</span> <span class='ocrx_word' id='word_1_242' title='bbox 734 3789 820 3873; x_wconf 84' lang='lat' dir='ltr'>PP.</span> <span class='ocrx_word' id='word_1_243' title='bbox 839 3785 1136 3890; x_wconf 89' lang='lat' dir='ltr'>commendat,</span> <span class='ocrx_word' id='word_1_244' title='bbox 1168 3785 1224 3882; x_wconf 83' lang='lat' dir='ltr'>ad</span> <span class='ocrx_word' id='word_1_245' title='bbox 1258 3783 1450 3898; x_wconf 82' lang='lat' dir='ltr'>pericula</span> <span class='ocrx_word' id='word_1_246' title='bbox 1483 3781 1725 3873; x_wconf 85' lang='lat' dir='ltr'>avertenda</span> 
     </span>
     <span class='ocr_line' id='line_1_30' title="bbox 242 3906 1723 4026; baseline -0.001 -30"><span class='ocrx_word' id='word_1_247' title='bbox 242 3939 356 4026; x_wconf 90' lang='lat' dir='ltr'>quae</span> <span class='ocrx_word' id='word_1_248' title='bbox 388 3940 442 3998; x_wconf 87' lang='lat' dir='ltr'>ex</span> <span class='ocrx_word' id='word_1_249' title='bbox 476 3909 672 3998; x_wconf 80' lang='lat' dir='ltr'>ulteriori</span> <span class='ocrx_word' id='word_1_250' title='bbox 707 3907 1062 4026; x_wconf 89' lang='lat' dir='ltr'>repropositionis</span> <span class='ocrx_word' id='word_1_251' title='bbox 1095 3937 1250 3998; x_wconf 88' lang='lat' dir='ltr'>causae</span> <span class='ocrx_word' id='word_1_252' title='bbox 1282 3906 1494 3996; x_wconf 83' lang='lat' dir='ltr'>dilatione</span> <span class='ocrx_word' id='word_1_253' title='bbox 1516 3909 1643 3994; x_wconf 89' lang='lat' dir='ltr'>bonis</span> <span class='ocrx_word' id='word_1_254' title='bbox 1665 3907 1723 3995; x_wconf 91' lang='lat' dir='ltr'>ad</span> 
     </span>
     <span class='ocr_line' id='line_1_31' title="bbox 243 4029 1728 4148; baseline -0.002 -29"><span class='ocrx_word' id='word_1_255' title='bbox 243 4033 470 4120; x_wconf 89' lang='lat' dir='ltr'>Paroeoias</span> <span class='ocrx_word' id='word_1_256' title='bbox 504 4032 829 4148; x_wconf 84' lang='lat' dir='ltr'>pertinentibus</span> <span class='ocrx_word' id='word_1_257' title='bbox 867 4029 1100 4118; x_wconf 85' lang='lat' dir='ltr'>imminere</span> <span class='ocrx_word' id='word_1_258' title='bbox 1132 4047 1321 4148; x_wconf 89' lang='lat' dir='ltr'>possent.</span> <span class='ocrx_word' id='word_1_259' title='bbox 1341 4031 1410 4116; x_wconf 87' lang='lat' dir='ltr'>Da</span> <span class='ocrx_word' id='word_1_260' title='bbox 1432 4029 1581 4116; x_wconf 77' lang='lat' dir='ltr'>ultimo</span> <span class='ocrx_word' id='word_1_261' title='bbox 1596 4061 1728 4144; x_wconf 75' lang='lat' dir='ltr'>propo</span> 
     </span>
     <span class='ocr_line' id='line_1_32' title="bbox 247 4152 1738 4276; baseline -0.004 -32"><span class='ocrx_word' id='word_1_262' title='bbox 247 4153 295 4244; x_wconf 92' lang='lat' dir='ltr'><em>V</em></span> <span class='ocrx_word' id='word_1_263' title='bbox 291 4171 407 4242; x_wconf 85' lang='lat' dir='ltr'>ostra</span> <span class='ocrx_word' id='word_1_264' title='bbox 431 4154 663 4242; x_wconf 83' lang='lat' dir='ltr'>Emiacazo</span> <span class='ocrx_word' id='word_1_265' title='bbox 692 4185 769 4270; x_wconf 84' lang='lat' dir='ltr'>per</span> <span class='ocrx_word' id='word_1_266' title='bbox 788 4153 830 4240; x_wconf 85' lang='lat' dir='ltr'>ic</span> <span class='ocrx_word' id='word_1_267' title='bbox 846 4154 1034 4241; x_wconf 80' lang='lat' dir='ltr'>soliecito</span> <span class='ocrx_word' id='word_1_268' title='bbox 1058 4153 1311 4276; x_wconf 70' lang='lat' dir='ltr'>defiaiziorre</span> <span class='ocrx_word' id='word_1_269' title='bbox 1333 4152 1447 4239; x_wconf 78' lang='lat' dir='ltr'>detio</span> <span class='ocrx_word' id='word_1_270' title='bbox 1468 4153 1540 4240; x_wconf 83' lang='lat' dir='ltr'>tite</span> <span class='ocrx_word' id='word_1_271' title='bbox 1570 4152 1738 4268; x_wconf 65' lang='lat' dir='ltr'>piacet&amp;</span> 
     </span>
     <span class='ocr_line' id='line_1_33' title="bbox 244 4275 1734 4398; baseline -0.001 -34"><span class='ocrx_word' id='word_1_272' title='bbox 244 4276 441 4392; x_wconf 76' lang='lat' dir='ltr'>potrebbe</span> <span class='ocrx_word' id='word_1_273' title='bbox 471 4277 585 4398; x_wconf 81' lang='lat' dir='ltr'>sarsi</span> <span class='ocrx_word' id='word_1_274' title='bbox 614 4277 803 4392; x_wconf 83' lang='lat' dir='ltr'>pericolo</span> <span class='ocrx_word' id='word_1_275' title='bbox 834 4277 879 4366; x_wconf 68' lang='grc' dir='ltr'>αι’</span> <span class='ocrx_word' id='word_1_276' title='bbox 911 4277 1004 4364; x_wconf 78' lang='lat' dir='ltr'>teni</span> <span class='ocrx_word' id='word_1_277' title='bbox 1035 4279 1235 4392; x_wconf 81' lang='lat' dir='ltr'>spcttuuti</span> <span class='ocrx_word' id='word_1_278' title='bbox 1265 4275 1353 4363; x_wconf 81' lang='lat' dir='ltr'>olle</span> <span class='ocrx_word' id='word_1_279' title='bbox 1375 4275 1647 4364; x_wconf 85' lang='lat' dir='ltr'>Porroechie.</span> <span class='ocrx_word' id='word_1_280' title='bbox 1686 4280 1734 4362; x_wconf 81' lang='lat' dir='ltr'>ln</span> 
     </span>
     <span class='ocr_line' id='line_1_34' title="bbox 245 4397 1727 4520; baseline -0.002 -34"><span class='ocrx_word' id='word_1_281' title='bbox 245 4399 478 4515; x_wconf 91' lang='lat' dir='ltr'>hypothesi</span> <span class='ocrx_word' id='word_1_282' title='bbox 510 4429 615 4488; x_wconf 85' lang='lat' dir='ltr'>vero</span> <span class='ocrx_word' id='word_1_283' title='bbox 658 4400 777 4520; x_wconf 93' lang='lat' dir='ltr'>quod</span> <span class='ocrx_word' id='word_1_284' title='bbox 822 4431 949 4510; x_wconf 81' lang='lat' dir='ltr'>causa</span> <span class='ocrx_word' id='word_1_285' title='bbox 1002 4401 1289 4517; x_wconf 85' lang='lat' dir='ltr'>parochorum</span> <span class='ocrx_word' id='word_1_286' title='bbox 1334 4397 1447 4485; x_wconf 85' lang='lat' dir='ltr'>votis</span> <span class='ocrx_word' id='word_1_287' title='bbox 1498 4398 1727 4501; x_wconf 86' lang='lat' dir='ltr'>arrideret,</span> 
     </span>
     <span class='ocr_line' id='line_1_35' title="bbox 245 4521 1735 4642; baseline 0 -36"><span class='ocrx_word' id='word_1_288' title='bbox 245 4522 486 4639; x_wconf 87' lang='lat' dir='ltr'>Episcopus</span> <span class='ocrx_word' id='word_1_289' title='bbox 520 4524 723 4641; x_wconf 85' lang='lat' dir='ltr'>postuiat,</span> <span class='ocrx_word' id='word_1_290' title='bbox 760 4540 809 4612; x_wconf 89' lang='lat' dir='ltr'>ut</span> <span class='ocrx_word' id='word_1_291' title='bbox 843 4524 944 4642; x_wconf 87' lang='lat' dir='ltr'>ipsis</span> <span class='ocrx_word' id='word_1_292' title='bbox 975 4527 1035 4610; x_wconf 88' lang='lat' dir='ltr'>ab</span> <span class='ocrx_word' id='word_1_293' title='bbox 1067 4526 1122 4610; x_wconf 88' lang='lat' dir='ltr'>H.</span> <span class='ocrx_word' id='word_1_294' title='bbox 1158 4526 1202 4613; x_wconf 89' lang='lat' dir='ltr'>S.</span> <span class='ocrx_word' id='word_1_295' title='bbox 1241 4525 1291 4610; x_wconf 88' lang='lat' dir='ltr'>C.</span> <span class='ocrx_word' id='word_1_296' title='bbox 1329 4551 1439 4608; x_wconf 85' lang='lat' dir='ltr'>onus</span> <span class='ocrx_word' id='word_1_297' title='bbox 1482 4521 1735 4634; x_wconf 85' lang='lat' dir='ltr'>imponatur</span> 
     </span>
     <span class='ocr_line' id='line_1_36' title="bbox 246 4642 1730 4762; baseline 0 -32"><span class='ocrx_word' id='word_1_298' title='bbox 246 4642 500 4736; x_wconf 89' lang='lat' dir='ltr'>instituendi</span> <span class='ocrx_word' id='word_1_299' title='bbox 536 4677 671 4734; x_wconf 88' lang='lat' dir='ltr'>novas</span> <span class='ocrx_word' id='word_1_300' title='bbox 704 4647 903 4760; x_wconf 83' lang='lat' dir='ltr'>ecclesias</span> <span class='ocrx_word' id='word_1_301' title='bbox 936 4645 1201 4746; x_wconf 76' lang='lat' dir='ltr'>auxiliariae,</span> <span class='ocrx_word' id='word_1_302' title='bbox 1238 4673 1351 4762; x_wconf 87' lang='lat' dir='ltr'>quae</span> <span class='ocrx_word' id='word_1_303' title='bbox 1385 4671 1484 4730; x_wconf 92' lang='lat' dir='ltr'>cum</span> <span class='ocrx_word' id='word_1_304' title='bbox 1519 4643 1578 4729; x_wconf 94' lang='lat' dir='ltr'>ob</span> <span class='ocrx_word' id='word_1_305' title='bbox 1611 4644 1730 4730; x_wconf 85' lang='lat' dir='ltr'>ioco·</span> 
     </span>
     <span class='ocr_line' id='line_1_37' title="bbox 247 4764 1731 4884; baseline -0.002 -30"><span class='ocrx_word' id='word_1_306' title='bbox 247 4797 346 4855; x_wconf 84' lang='lat' dir='ltr'>rum</span> <span class='ocrx_word' id='word_1_307' title='bbox 382 4768 635 4884; x_wconf 89' lang='lat' dir='ltr'>distantiam</span> <span class='ocrx_word' id='word_1_308' title='bbox 670 4787 759 4857; x_wconf 91' lang='lat' dir='ltr'>tum</span> <span class='ocrx_word' id='word_1_309' title='bbox 796 4769 942 4856; x_wconf 89' lang='lat' dir='ltr'>etiam·</span> <span class='ocrx_word' id='word_1_310' title='bbox 963 4769 1022 4856; x_wconf 92' lang='lat' dir='ltr'>oh</span> <span class='ocrx_word' id='word_1_311' title='bbox 1056 4769 1254 4859; x_wconf 84' lang='lat' dir='ltr'>fidetium</span> <span class='ocrx_word' id='word_1_312' title='bbox 1305 4795 1537 4854; x_wconf 87' lang='lat' dir='ltr'>numerum</span> <span class='ocrx_word' id='word_1_313' title='bbox 1572 4764 1650 4884; x_wconf 92' lang='lat' dir='ltr'>qui</span> <span class='ocrx_word' id='word_1_314' title='bbox 1685 4767 1731 4851; x_wconf 94' lang='lat' dir='ltr'>in</span> 
     </span>
    </p>
   </div>
   <div class='ocr_carea' id='block_1_2' title="bbox 115 4889 1737 5475">
    <p class='ocr_par' dir='ltr' id='par_1_3' title="bbox 115 4889 1737 5475">
     <span class='ocr_line' id='line_1_38' title="bbox 246 4889 1736 5010; baseline -0.005 -29"><span class='ocrx_word' id='word_1_315' title='bbox 246 4889 340 4981; x_wconf 87' lang='lat' dir='ltr'>dies</span> <span class='ocrx_word' id='word_1_316' title='bbox 373 4891 564 5010; x_wconf 83' lang='lat' dir='ltr'>augescit</span> <span class='ocrx_word' id='word_1_317' title='bbox 607 4892 872 4980; x_wconf 86' lang='lat' dir='ltr'>necessariae</span> <span class='ocrx_word' id='word_1_318' title='bbox 889 4891 1101 4980; x_wconf 87' lang='lat' dir='ltr'>evadunt.</span> <span class='ocrx_word' id='word_1_319' title='bbox 1145 4935 1161 4970; x_wconf 75' lang='grc' dir='ltr'>ι</span> <span class='ocrx_word' id='word_1_320' title='bbox 1198 4892 1292 4983; x_wconf 82' lang='lat' dir='ltr'>Che</span> <span class='ocrx_word' id='word_1_321' title='bbox 1307 4917 1359 4978; x_wconf 80' lang='lat' dir='ltr'>aa</span> <span class='ocrx_word' id='word_1_322' title='bbox 1381 4891 1421 4978; x_wconf 86' lang='lat' dir='ltr'>la</span> <span class='ocrx_word' id='word_1_323' title='bbox 1454 4891 1584 4980; x_wconf 88' lang='lat' dir='ltr'>Sacra</span> <span class='ocrx_word' id='word_1_324' title='bbox 1610 4891 1736 4978; x_wconf 84' lang='lat' dir='ltr'>Con-</span> 
     </span>
     <span class='ocr_line' id='line_1_39' title="bbox 250 5010 1735 5132; baseline -0.003 -30"><span class='ocrx_word' id='word_1_325' title='bbox 250 5047 268 5094; x_wconf 79' lang='lat'><strong>·</strong></span> <span class='ocrx_word' id='word_1_326' title='bbox 309 5014 790 5132; x_wconf 73' lang='lat' dir='ltr'>gregazionedecidera</span> <span class='ocrx_word' id='word_1_327' title='bbox 812 5043 936 5103; x_wconf 88' lang='lat' dir='ltr'>come</span> <span class='ocrx_word' id='word_1_328' title='bbox 981 5014 1131 5119; x_wconf 89' lang='lat' dir='ltr'>oredo,</span> <span class='ocrx_word' id='word_1_329' title='bbox 1169 5047 1193 5102; x_wconf 88' lang='lat' dir='ltr'>a</span> <span class='ocrx_word' id='word_1_330' title='bbox 1225 5014 1385 5102; x_wconf 78' lang='lat' dir='ltr'>farore·</span> <span class='ocrx_word' id='word_1_331' title='bbox 1410 5011 1481 5099; x_wconf 90' lang='lat' dir='ltr'>dei</span> <span class='ocrx_word' id='word_1_332' title='bbox 1527 5010 1735 5102; x_wconf 73' lang='lat' dir='ltr'>Panochi</span> 
     </span>
     <span class='ocr_line' id='line_1_40' title="bbox 252 5134 1737 5255; baseline -0.001 -31"><span class='ocrx_word' id='word_1_333' title='bbox 252 5173 270 5215; x_wconf 79' lang='grc' dir='ltr'>ι</span> <span class='ocrx_word' id='word_1_334' title='bbox 307 5136 493 5228; x_wconf 87' lang='lat' dir='ltr'>farehhe</span> <span class='ocrx_word' id='word_1_335' title='bbox 524 5169 622 5228; x_wconf 89' lang='lat' dir='ltr'>cosa</span> <span class='ocrx_word' id='word_1_336' title='bbox 656 5136 854 5226; x_wconf 85' lang='lat' dir='ltr'>richiesta</span> <span class='ocrx_word' id='word_1_337' title='bbox 876 5137 951 5226; x_wconf 83' lang='lat' dir='ltr'>dat</span> <span class='ocrx_word' id='word_1_338' title='bbox 975 5140 1160 5255; x_wconf 74' lang='lat' dir='ltr'>bisogno</span> <span class='ocrx_word' id='word_1_339' title='bbox 1176 5138 1293 5227; x_wconf 83' lang='lat' dir='ltr'>detto</span> <span class='ocrx_word' id='word_1_340' title='bbox 1317 5150 1570 5223; x_wconf 83' lang='lat' dir='ltr'>aumentate</span> <span class='ocrx_word' id='word_1_341' title='bbox 1593 5134 1737 5251; x_wconf 74' lang='lat' dir='ltr'>figtta·</span> 
     </span>
     <span class='ocr_line' id='line_1_41' title="bbox 115 5257 1737 5378; baseline -0.002 -30"><span class='ocrx_word' id='word_1_342' title='bbox 115 5320 119 5326; x_wconf 90' lang='lat'><em>-</em></span> <span class='ocrx_word' id='word_1_343' title='bbox 251 5297 269 5336; x_wconf 74' lang='grc' dir='ltr'>ι</span> <span class='ocrx_word' id='word_1_344' title='bbox 309 5261 382 5350; x_wconf 92' lang='lat' dir='ltr'>nie</span> <span class='ocrx_word' id='word_1_345' title='bbox 415 5293 461 5351; x_wconf 93' lang='lat' dir='ltr'>se</span> <span class='ocrx_word' id='word_1_346' title='bbox 495 5291 752 5351; x_wconf 84' lang='lat' dir='ltr'>accennasse</span> <span class='ocrx_word' id='word_1_347' title='bbox 785 5261 869 5350; x_wconf 86' lang='lat' dir='ltr'>ailo</span> <span class='ocrx_word' id='word_1_348' title='bbox 904 5262 1205 5350; x_wconf 78' lang='lat' dir='ltr'>stabilimento</span> <span class='ocrx_word' id='word_1_349' title='bbox 1227 5259 1367 5378; x_wconf 82' lang='lat' dir='ltr'>dipiir</span> <span class='ocrx_word' id='word_1_350' title='bbox 1400 5257 1737 5346; x_wconf 81' lang='lat' dir='ltr'>succursatiche</span> 
     </span>
     <span class='ocr_line' id='line_1_42' title="bbox 251 5379 1733 5475; baseline -0.002 -5"><span class='ocrx_word' id='word_1_351' title='bbox 251 5415 269 5462; x_wconf 78' lang='lat' dir='ltr'>r</span> <span class='ocrx_word' id='word_1_352' title='bbox 309 5385 424 5472; x_wconf 82' lang='lat' dir='ltr'>redo</span> <span class='ocrx_word' id='word_1_353' title='bbox 440 5387 788 5475; x_wconf 78' lang='lat' dir='ltr'>necessarissime</span> <span class='ocrx_word' id='word_1_354' title='bbox 808 5385 850 5471; x_wconf 93' lang='lat' dir='ltr'>in</span> <span class='ocrx_word' id='word_1_355' title='bbox 868 5384 1219 5474; x_wconf 80' lang='lat' dir='ltr'>considerazione</span> <span class='ocrx_word' id='word_1_356' title='bbox 1236 5383 1351 5470; x_wconf 87' lang='lat' dir='ltr'>dette</span> <span class='ocrx_word' id='word_1_357' title='bbox 1373 5381 1566 5470; x_wconf 76' lang='lat' dir='ltr'>distance</span> <span class='ocrx_word' id='word_1_358' title='bbox 1589 5412 1614 5468; x_wconf 88' lang='lat' dir='ltr'>e</span> <span class='ocrx_word' id='word_1_359' title='bbox 1635 5379 1733 5470; x_wconf 82' lang='lat' dir='ltr'>dei-</span> 
     </span>
    </p>
   </div>
   <div class='ocr_carea' id='block_1_3' title="bbox 252 5504 1733 5718">
    <p class='ocr_par' dir='ltr' id='par_1_4' title="bbox 252 5504 1733 5718">
     <span class='ocr_line' id='line_1_43' title="bbox 252 5504 1733 5718; baseline -0.001 -123"><span class='ocrx_word' id='word_1_360' title='bbox 252 5541 269 5584; x_wconf 68' lang='lat' dir='ltr'>a</span> <span class='ocrx_word' id='word_1_361' title='bbox 307 5507 638 5598; x_wconf 80' lang='lat' dir='ltr'>ia-uumerosith</span> <span class='ocrx_word' id='word_1_362' title='bbox 656 5508 772 5598; x_wconf 84' lang='lat' dir='ltr'>della</span> <span class='ocrx_word' id='word_1_363' title='bbox 787 5538 964 5626; x_wconf 86' lang='lat' dir='ltr'>sempro</span> <span class='ocrx_word' id='word_1_364' title='bbox 986 5525 1207 5598; x_wconf 65' lang='lat' dir='ltr'>crescente</span> <span class='ocrx_word' id='word_1_365' title='bbox 1229 5504 1534 5625; x_wconf 80' lang='lat' dir='ltr'>popolaaione.</span> <span class='ocrx_word' id='word_1_366' title='bbox 1553 5505 1640 5718; x_wconf 65' lang='lat' dir='ltr'>3C2id</span> <span class='ocrx_word' id='word_1_367' title='bbox 1662 5537 1733 5593; x_wconf 85' lang='lat' dir='ltr'>sa·</span> 
     </span>
    </p>
   </div>
   <div class='ocr_carea' id='block_1_4' title="bbox 0 0 2286 6340">
    <p class='ocr_par' dir='ltr' id='par_1_5' title="bbox 0 0 2286 6340">
     <span class='ocr_line' id='line_1_44' title="bbox 0 0 2286 6340; baseline 0 0"><span class='ocrx_word' id='word_1_368' title='bbox 0 0 2286 6340; x_wconf 95' lang='lat' dir='ltr'> </span> 
     </span>
    </p>
   </div>
  </div>
 </body>
</html>
