4446 6330
675 313 786 434 ‘Die'
812 315 878 404 25·
905 316 1102 406 Ianuarii
1137 319 1272 410 1879.
1701 332 1732 419 7

239 439 323 528 tiae
357 436 656 554 gravissimae,
683 469 797 558 quae
820 441 1120 558 quaestionem
1139 459 1231 530 tum
1267 443 1726 559 inconsummationis,

237 581 327 652 tum
363 591 594 684 causarum
628 560 965 679 dispensationis
998 563 1164 654 directe
1185 563 1391 656 afficiunt.
1419 567 1725 664 Enunciaban·

231 701 301 772 tur
334 699 560 800 praeterea
588 701 741 787 testeS,
779 686 854 806 qui
890 687 947 775 de
980 686 1097 775 hisce
1131 687 1264 776 rebus
1297 689 1456 778 claram
1481 721 1530 778 ac
1550 709 1716 786 certam

231 807 526 926 cognitionem
563 807 737 896 tradere
783 825 1002 924 poterant.
1039 811 1150 900 Sunt
1208 811 1444 914 coniuncti,
1503 813 1715 910 nimirum

224 929 513 1020 consobrinae
547 930 759 1034 mulieris3
797 947 899 1019 sunt
931 933 1042 1022 aliae
1074 963 1288 1050 personae
1321 935 1550 1050 probitatis
1584 939 1715 1031 notne

226 1051 471 1170 praeditae,
524 1053 739 1144 Sacerdos
772 1081 933 1171 nempe
967 1055 1184 1144 Darochus
1235 1061 1376 1146 Motae
1429 1057 1706 1170 Marabionis,

225 1175 461 1264 Laurentia
495 1173 602 1264 Diez
648 1208 698 1265 ac
729 1178 883 1320 loseph
918 1179 1067 1296 Nigro,
1094 1181 1170 1298 qui
1214 1179 1450 1268 examinati
1476 1179 1687 1270 luerunt
1675 1217 1719 1275 ιιι

229 1295 395 1386 iudicio
420 1295 655 1388 taliditatis
677 1299 886 1416 coniugii,
913 1319 958 1390 et
979 1302 1055 1418 qui
1081 1302 1259 1390 tametsi
1280 1303 1494 1390 nominati
1517 1333 1722 1420 expresse

224 1451 314 1509 non
349 1419 510 1509 luerint
546 1453 569 1509 a
604 1422 757 1525 Maria,
795 1423 1077 1512 nihilominus
1125 1426 1228 1512 sutis
1270 1442 1423 1541 aperte
1479 1425 1720 1520 denuncia-

222 1543 390 1632 bantur
422 1575 503 1662 per
561 1545 754 1633 verba«
793 1545 907 1633 etl
890 1580 935 1634 tn
974 1576 1178 1688 presrnzu
1211 1545 1259 1632 di
1306 1545 1416 1634 oltra
1458 1579 1637 1664 persone
1675 1591 1716 1642 ι

222 1663 504 1758 Manifestum
539 1667 676 1756 etiam
710 1684 789 1770 est,
827 1669 992 1787 quod
981 1701 1024 1756 ιιι
1058 1667 1315 1787 quaestione
1348 1669 1481 1758 etiam
1507 1675 1716 1788 pergnovi

221 1789 608 1879 conversationum
643 1792 875 1910 coniugum
911 1793 993 1910 ipsi
1028 1809 1071 1878 et
1105 1821 1192 1878 non
1238 1791 1310 1880 alii
1361 1792 1593 1912 complere
1632 1795 1719 1885 de-

220 1915 332 2002 bent
366 1913 599 2028 septimam
635 1943 817 2002 manum
851 1945 905 2002 ex
940 1919 1076 2004 latere
1101 1913 1311 2002 mulieris
1338 1914 1389 2002 Et
1377 1944 1552 2034 quum
1576 1914 1715 2006 iidem

219 2033 386 2125 luerint
420 2037 598 2124 omnino
652 2036 962 2179 praetermissi,
1000 2038 1103 2124 binc
1136 2035 1270 2125 isthac
1316 2037 1449 2126 etiam
1493 2037 1539 2125 in
1594 2057 1718 2154 parte

217 2159 508 2248 substantiale
542 2159 697 2246 vitium
732 2160 776 2246 in
812 2189 1013 2274 processu
1031 2187 1276 2302 emergere
1310 2159 1595 2250 iudicandum
1623 2179 1706 2251 est.

347 2279 546 2370 Validius
579 2283 716 2368 robur
763 2283 869 2371 baec
921 2283 1069 2372 omnia
1124 2282 1344 2400 accipiunt
1376 2311 1431 2369 ex
1464 2313 1517 2370 co
1571 2283 1710 2401 quod,

220 2417 451 2494 constante
485 2405 772 2520 possibilitate
804 2404 1193 2493 consummationis
1228 2403 1512 2508 matrimonii,
1542 2404 1631 2494 iam
1657 2437 1713 2496 ex

218 2529 356 2648 ipsius
392 2521 498 2614 iuris
528 2526 696 2644 gremio
729 2528 923 2643 exsurgit
957 2527 1276 2644 praesumptio,
1304 2527 1425 2644 quod
1444 2557 1599 2644 reapse
1624 2558 1714 2618 ma·

217 2649 475 2738 trimonium
509 2647 639 2738 luerit
670 2667 1036 2754 consummatum,
1074 2683 1122 2741 ac
1154 2681 1235 2770 per
1269 2679 1539 2767 consequens
1572 2681 1709 2768 nega-

217 2773 257 2862 ri
291 2773 425 2861 debet
459 2771 744 2890 dispensatio,
782 2773 840 2860 ad
885 2774 1042 2862 tradita
1089 2774 1220 2864 inS
1270 2775 1322 2859 H
1365 2773 1420 2860 0.
1468 2771 1511 2858 in
1554 2772 1708 2862 Cltien.

220 2895 490 2984 Matrimonii
518 2893 577 2982 ta
616 2894 851 2981 Decembris
885 2897 1007 2984 1792
1040 2894 1068 3014 S
1101 2897 1131 2981 5
1165 2893 1285 3011 apud
1319 2893 1534 2982 Zamboni
1575 2895 1705 2984 verb.

219 3013 602 3224 Matrimonium&
636 3017 710 3116 19,
748 3035 792 3104 et
825 3017 867 3105 in
899 3017 1126 3133 Spoletunn
1160 3017 1429 3104 Matrimonii
1459 3019 1523 3104 20
1545 3019 1714 3104 Decem-

217 3141 307 3228 bris
341 3139 523 3260 tstttg
599 3169 645 3228 oc
677 3139 879 3228 absoluto.
916 3141 1077 3229 Potiori
1112 3139 1272 3229 idcirco
1306 3140 1476 3227 ratione
1511 3140 1550 3228 id
1598 3139 1711 3228 affir-

218 3259 451 3365 mandum,
489 3261 683 3380 quando,
723 3264 864 3404 prouti
898 3264 941 3352 in
975 3293 1094 3367 casu,
1131 3263 1376 3382 neglectum
1412 3262 1705 3351 luitexamen

218 3385 397 3474 illorum
432 3386 622 3486 testium,
659 3385 762 3532 qui
772 3385 916 3474 banc
904 3414 1042 3504 ipsam
1068 3385 1401 3526 possibilitatem
1444 3400 1518 3475 aut
1538 3385 1701 3474 confir-

215 3537 355 3610 mare,
395 3527 469 3594 aut
502 3500 762 3596 excludere
769 3525 963 3624 possunt.
990 3513 1115 3597 Tunc
1137 3509 1257 3599 enim
1281 3523 1458 3624 praeter
1478 3506 1702 3598 delectum

215 3628 527 3750 probationum
564 3630 770 3718 meritum
802 3660 957 3720 causae
980 3631 1322 3748 respicientium,
1344 3629 1540 3749 exsurgit
1571 3629 1705 3718 etiam

215 3753 502 3842 substantiale
535 3751 692 3842 vitium
725 3781 965 3872 processus,
1023 3753 1146 3844 cuius
1191 3752 1356 3841 intuitu
1402 3752 1474 3840 vel
1527 3751 1708 3842 omuino

219 3875 342 3964 reiici
376 3875 514 3965 debet
536 3876 701 3992 petitio
734 3875 1085 3994 dispensationis,
1122 3877 1191 3964 vel
1210 3872 1471 3965 demandari
1494 3873 1631 3964 debet
1660 3889 1709 3964 ul

212 4028 438 4118 processus
470 3985 764 4115 compleatur.

339 4123 466 4211 Hisce
498 4121 707 4210 omnibus
756 4121 1008 4228 enucleatis,
1062 4119 1342 4240 progreditur
1388 4049 1665 4208 Defensor
1652 4150 1696 4206 ιιι

218 4259 418 4333 extrema
450 4243 671 4334 Orationis
705 4260 828 4362 parte
860 4245 918 4335 ad
949 4243 1261 4333 confutandum
1298 4261 1391 4332 tum
1414 4271 1601 4332 examen
1631 4257 1693 4330 te·

216 4365 350 4454 stium
385 4369 605 4472 Corunae,
643 4367 717 4455 ubi
739 4366 1002 4456 brevissimo
1026 4367 1337 4456 nonnullarum
1363 4367 1573 4456 horarum
1596 4393 1700 4480 spa·

214 4487 276 4575 tio
312 4491 471 4578 mulier
504 4489 744 4608 permansit
778 4505 874 4606 post
898 4491 1245 4593 matrimonium;
1275 4507 1371 4577 tum
1395 4485 1701 4579 extraiudicia·

217 4608 305 4700 lem
339 4613 655 4702 confessionem
688 4612 929 4716 Henriui,
918 4645 963 4700 ιιι
996 4611 1196 4732 epistolio
1230 4610 1286 4700 ad
1320 4612 1593 4699 coniunctam
1617 4609 1704 4695 Ma·

216 4733 306 4822 riae
328 4736 577 4826 transmisso
598 4735 836 4839 elicitam,
826 4767 869 4823 ιιι
893 4767 980 4854 qua
1003 4736 1127 4824 isthic
1149 4733 1520 4852 dispensationem
1554 4761 1579 4816 a
1611 4755 1710 4816 ma-¹

219 4855 423 4948 trimonio
456 4875 548 4947 rato
581 4890 606 4947 a
638 4858 834 4947 mulieris
865 4859 1058 4976 patronis
1090 4875 1325 4976 speratam,
1353 4851 1712 4993 praetensionem

215 4981 423 5096 appellat.
460 4979 548 5073 Sed
582 4981 640 5071 de
657 4980 803 5070 hisce
791 5011 879 5069 ram
903 4982 1006 5071 satis
1038 4997 1183 5072 actum
1202 4981 1247 5069 in
1264 4974 1546 5100 praecedenti
1579 4974 1701 5062 Folio

216 5099 305 5190 diei
342 5107 401 5194 tt
434 5103 694 5218 Decembris
727 5105 849 5192 1878
881 5102 910 5224 S
944 5105 1024 5192 lllcu
1072 5103 1299 5220 quidquam
1323 5118 1367 5190 et
1388 5096 1691 5216 sequentibus

220 5224 339 5315 unde
370 5231 456 5318 DE.
493 5229 590 5316 VV
625 5223 682 5315 ad
714 5225 834 5315 idem
867 5225 1020 5312 lolium
1055 5226 1247 5313 remitto.

341 5353 409 5440 De
430 5350 569 5441 causis
602 5365 752 5438 autem
783 5346 1122 5468 dispensationis
1152 5346 1260 5435 nihil
1293 5342 1442 5436 adiicit
1464 5343 1693 5449 Delensor,

217 5473 426 5588 quoniam
469 5491 513 5564 et
555 5473 649 5592 ipse
681 5472 737 5562 ad
770 5471 1078 5592 praecedentes
1115 5466 1509 5560 Animadversioncs
1542 5499 1588 5560 se
1628 5499 1699 5557 re·
