4460 6332
590 311 685 410 tas
1060 313 1148 406 rto
1173 315 1234 408 23
1266 317 1452 440 Anytus·
1484 319 1622 412 raro.

585 443 702 561 lytae
754 439 914 560 gradus
963 438 1134 528 nonnisi
1179 471 1314 560 quam
1365 442 1407 530 iu
1443 443 1728 534 solemnitate
1759 445 1998 539 extrinseca
2036 485 2056 545 a

583 565 805 655 Doctcrali
841 562 987 652 laurea
1033 561 1240 654 differens
1288 579 1398 672 erat,
1450 564 1510 655 ita
1560 567 1782 657 referente
1833 572 2059 686 Apostolico

584 687 764 791 Nuntio·
806 727 822 764 ι
861 685 1108 808 Nell'epoca
1142 687 1408 804 precedente
1442 689 1483 777 al
1505 689 1876 781 Concordatodel
1901 693 2056 788 test„
2152 738 2153 773 t

590 855 606 892 ι
647 811 675 898 il
709 809 848 929 grado
881 809 925 903 di
961 811 1146 899 Liccnuu
1173 807 1483 901 differentiam
1520 811 1578 902 da
1610 813 1764 932 quello
1798 813 1848 902 di
1897 817 2058 910 Dottare

590 976 606 1014 ι
647 934 691 1022 in
724 952 889 1052 quanto
928 931 1011 1020 alla
1060 933 1276 1023 solennita
1323 935 1554 1024 estrinseca
1603 966 1629 1022 e
1677 967 1770 1023 non
1817 937 1902 1054 agli
1945 945 2059 1032 studii

451 1153 455 1160 .
589 1097 613 1138 ι·
647 1057 738 1147 latti
779 1096 817 1143 ι.
854 1053 942 1147 Sed
976 1085 1027 1144 ea
1061 1056 1154 1174 ipsa
1185 1056 1454 1160 solemnitas,
1492 1089 1578 1178 qua
1601 1057 1770 1176 gradus
1795 1059 1876 1148 iste
1898 1063 2058 1154 enniani

584 1197 886 1284 consueverat,
925 1179 970 1267 in
1001 1177 1221 1295 llispaniis
1254 1195 1373 1268 tanta
1390 1199 1484 1270 erat
1501 1197 1547 1270 ut
1569 1183 1637 1269 Da
1652 1183 1773 1271 Luca
1813 1181 2058 1275 licentiatun

586 1331 643 1392 ca
678 1304 720 1390 iu
754 1303 933 1420 regione
956 1302 1207 1390 Doctoratui
1237 1301 1513 1420 aequiparari
1547 1304 1610 1389 Dc
1638 1304 1840 1394 Pruecm.
1881 1304 1980 1396 disc.
2013 1313 2058 1398 35

473 1515 480 1528 ,
586 1459 699 1515 num.
736 1428 764 1514 7
798 1425 958 1514 docere
993 1455 1078 1512 non
1113 1425 1288 1514 dubitet
1326 1463 1342 1504 ι
1392 1425 1662 1516 licentiatura
1694 1443 1764 1515 est
1786 1428 1931 1517 solum
1976 1433 2057 1549 qui»

591 1591 609 1628 a
647 1549 753 1640 dam
786 1565 905 1636 actus
940 1549 1284 1666 praeparationis
1317 1551 1594 1652 Doctaratus,
1642 1569 1688 1639 ut
1734 1567 1805 1639 est
1857 1551 1898 1638 in
1932 1553 2052 1658 ltalia,

589 1711 609 1754 ι
646 1701 768 1762 secus
801 1685 949 1760 auten
996 1671 1038 1757 in
1090 1670 1296 1788 Hispania
1349 1671 1426 1758 ubi
1476 1669 1525 1760 lit
1569 1673 1851 1778 solemniter,
1896 1673 2056 1794 ideoque

589 1829 614 1873 c
644 1792 889 1883 doctoratoi
923 1793 1194 1914 aequipollet
1233 1831 1272 1880 ι.
1307 1793 1510 1884 Concinit
1543 1793 1870 1884 idemsnuctor
1904 1797 1964 1885 De
1986 1797 2051 1884 Co·

583 1917 723 2006 tunic.
760 1916 867 2005 disc.
904 1917 963 2004 33
996 1947 1110 2004 natm.
1147 1917 1213 2014 l„
1249 1917 1407 2004 Lotter.
1444 1919 1507 2004 De
1540 1917 1671 2040 beses.
1704 1937 1831 2036 part.
1869 1921 2053 2037 :impl

581 2063 699 2128 aum:
737 2041 797 2130 35
831 2063 940 2156 seqq.

707 2161 833 2252 llisce
866 2161 1072 2250 omnibus
1104 2160 1325 2282 fastigium
1360 2163 1593 2280 imponunt
1613 2163 2050 2254 Constitutionesda-

582 2285 811 2406 pitulares,
837 2312 969 2404 qnae,
1005 2285 1104 2373 licet
1125 2315 1215 2374 non
1253 2286 1340 2373 sint
1378 2283 1661 2376 confirmatae
1688 2319 1713 2376 a
1748 2287 1873 2379 Sede
1893 2293 2051 2402 Aposto

581 2407 680 2512 lica,
718 2409 805 2496 nim
844 2423 988 2498 tamen
1023 2407 1130 2527 legis
1175 2409 1356 2512 habent,
1394 2425 1437 2498 et
1482 2425 1583 2498 sunt
1616 2410 1911 2529 exequendae
1944 2409 1982 2495 in
2009 2439 2049 2498 ct

582 2547 724 2676 parte,
762 2561 848 2650 qua
880 2529 1064 2618 minime
1102 2531 1394 2622 adversantur
1426 2531 1510 2619 iuri
1550 2533 1792 2638 communi,
1831 2534 1878 2624 S.
1905 2533 2042 2650 Congu

583 2684 627 2743 m
663 2653 1042 2744 Pinum-Cam.
1078 2654 1132 2742 El
1186 2651 1427 2742 Nooeodris
1465 2655 1578 2742 t76t
1624 2653 1670 2778 S.
1705 2657 1753 2746 2.
1794 2658 1990 2744 lamvero
2016 2653 2048 2740 in

581 2777 775 2866 themate
810 2776 968 2867 adsunt
1009 2777 1350 2868 constitutiones
1383 2777 1658 2897 capitulares
1691 2781 1775 2888 rite
1797 2791 2045 2896 peractaect

581 2899 717 3022 ipsius
743 2901 940 3021 Episcopi
967 2901 1200 2990 accedente
1214 2901 1472 2991 auctoritate
1494 2899 1774 3004 obfirmatae,
1801 2933 1919 3024 quae
1946 2920 2045 2985 mant

563 3023 685 3114 'dant
719 3021 775 3112 ad
808 3051 1065 3114 concursum
1111 3057 1191 3144 pro
1239 3040 1419 3113 vacante
1460 3025 1692 3143 llagistrali
1733 3025 1805 3114 vel
1846 3017 2046 3111 Doctorali
2155 3031 2156 3106 t

578 3145 837 3268 praebenda
864 3147 1149 3237 assumendos
1170 3175 1270 3237 esse·
1298 3145 1677 3238 indiscriminatim
1706 3149 1802 3237 sive
1839 3149 2043 3245 Doctores,
2156 3234 2157 3267 ,

579 3269 675 3360 sive
697 3270 974 3359 licentiatos.
1015 3273 1127 3362 Cum
1165 3298 1268 3386 ocgo
1312 3301 1392 3390 per
1429 3271 1604 3360 easdem
1630 3301 1765 3388 saper
1788 3271 1923 3362 Piana
1945 3269 2046 3357 Can-

578 3393 814 3483 stitutionc·
840 3394 1151 3513 interpretatio
1177 3394 1280 3484 data
1314 3393 1443 3482 luerit
1477 3393 1616 3513 magis
1648 3395 1729 3482 iuri
1766 3412 1813 3484 et
1836 3404 2045 3483 consuetu·

580 3516 677 3607 diui
711 3515 979 3622 conlormis,
1016 3545 1093 3605 ceu
1131 3546 1185 3608 ex
1216 3516 1345 3606 dictis
1380 3517 1608 3622 clarescit,
1656 3517 1774 3638 ipsas
1812 3507 2044 3606 omnimodo

405 3651 410 3661 '
576 3641 820 3730 servandae
853 3655 1018 3729 essent.
1053 3640 1227 3729 Fortius
1258 3639 1359 3758 quia
1393 3668 1477 3728 non
1514 3640 1653 3730 maior
1685 3658 1809 3731 certe
1848 3631 2040 3727 idoneitas

576 3762 741 3880 requiri
781 3763 868 3852 dici
908 3763 1043 3852 debet
1085 3793 1166 3882 pro
1207 3761 1461 3852 obtinendis
1493 3763 1746 3854 memoratis
1798 3751 2044 3884 praebendis

574 3883 620 3971 in
675 3884 937 3992 Cathedrali,
984 3912 1118 4007 quarn
1179 3887 1223 3974 iu
1277 3885 1514 4004 Collegiata
1567 3887 1788 3991 Ecclesia,
1844 3873 2041 4005 qualisl!

576 4035 783 4124 praesens
831 4009 1020 4098 habetur
1072 4011 1268 4098 Ecclesia
1313 4009 1661 4114 Barbastrdnsis,
1710 4026 1822 4098 teste
1864 3996 2043 4121 capituto

580 4162 605 4206 ι’
638 4131 674 4219 Ε
704 4129 761 4220 da
795 4131 1013 4224 avvertire
1046 4131 1127 4222 clre
1160 4132 1356 4221 sebbene
1389 4148 1545 4252 questa
1566 4135 1719 4223 Cltiesa
1751 4133 1778 4222 e
1811 4120 2041 4226 cattedrale

582 4293 599 4331 e
638 4253 684 4342 di
719 4253 888 4361 dirittn,
926 4254 1208 4345 nendi-neno
1236 4255 1427 4345 siccome·
1464 4255 1529 4345 col
1581 4272 1758 4346 recente
1787 4245 2040 4347 eoncortao

580 4415 598 4456 ι
637 4377 826 4468 debbesi
865 4377 1037 4468 ridurre
1070 4411 1094 4468 a
1130 4379 1384 4499 Colleqiata,
1420 4379 1448 4467 il
1490 4407 1684 4500 governo
1719 4377 1851 4470 civile
1889 4377 1928 4464 la
1958 4393 2041 4457 con·

581 4539 598 4575 ι
634 4499 781 4588 sidera
814 4525 939 4591 come
971 4503 1210 4621 collegiata
1258 4502 1696 4622 nell'assegnamento
1727 4502 1799 4592 del
1834 4485 2040 4624 persentit

580 4659 598 4700 ι
636 4619 812 4834 effidello
845 4623 1039 4731 condito,
1076 4625 1312 4716 essendovi
1356 4623 1543 4715 soltaoto
1588 4623 1676 4714 due
1723 4614 1971 4717 Canonicati
1999 4607 2035 4696 dt

577 4771 604 4823 ὁ
636 4775 661 4832 0
707 4777 774 4834 cto
799 4787 838 4836 r.

697 4869 850 4960 Altera
879 4871 958 4960 sed
992 4901 1095 4960 vcro
1129 4901 1182 4961 ex
1216 4887 1342 4990 parte
1382 4869 1827 4961 animadvertendum
1863 4853 2031 5006 qccurril

571 4987 761 5080 Eianam
790 4994 1154 5084 constitutionem
1191 4994 1304 5084 adeo
1351 4994 1394 5082 in
1439 4995 1606 5082 honore
1640 4993 1888 5084 habendam
1920 5007 2031 5075 este.

571 5127 621 5201 ut
653 5113 710 5204 ad
743 5145 1001 5204 concursum
1034 5147 1115 5235 pro
1138 5135 1320 5206 vacante
1341 5115 1592 5236 praebenda
1617 5117 1855 5235 Magistrali:
1873 5109 1937 5200 vel
1957 5106 2032 5194 uo·

570 5237 722 5327 ctorali
760 5239 1085 5328 Barbastrensis
1117 5239 1332 5329 Ecclesiae
1367 5239 1538 5329 nonnisi
1574 5269 1707 5358 quam
1748 5221 2034 5329 nocareto·

570 5359 705 5450 beant
741 5361 933 5452 admitti.
971 5361 1082 5451 Cum
1117 5364 1234 5451 enim
1269 5362 1391 5452 Balla
1425 5363 1535 5450 lranc
1567 5379 1612 5451 et
1647 5391 1733 5451 non
1756 5363 1891 5452 aliam
1919 5359 2034 5442 inter·

572 5485 862 5601 pretntionem
898 5485 1112 5606 recepisse
1161 5485 1378 5592 videatur,
1405 5485 1464 5573 ab
1487 5515 1537 5573 ea
1560 5509 1647 5575 non
1672 5501 1735 5574 cst
1758 5471 2033 5576 recedentltt¹¹
