<?xml version="1.0" encoding="UTF-8"?>
<!DOCTYPE html PUBLIC "-//W3C//DTD XHTML 1.0 Transitional//EN"
    "http://www.w3.org/TR/xhtml1/DTD/xhtml1-transitional.dtd">
<html xmlns="http://www.w3.org/1999/xhtml" xml:lang="en" lang="en">
 <head>
  <title>
</title>
<meta http-equiv="Content-Type" content="text/html;charset=utf-8" />
  <meta name='ocr-system' content='tesseract 3.04.00' />
  <meta name='ocr-capabilities' content='ocr_page ocr_carea ocr_par ocr_line ocrx_word'/>
</head>
<body>
  <div class='ocr_page' id='page_1' title='image "./thesaurusresolu00churgoog_0398.png"; bbox 0 0 4460 6332; ppageno 0'>
   <div class='ocr_carea' id='block_1_1' title="bbox 238 301 1814 5076">
    <p class='ocr_par' dir='ltr' id='par_1_1' title="bbox 242 301 1800 1990">
     <span class='ocr_line' id='line_1_1' title="bbox 706 301 1730 416; baseline -0.002 -26"><span class='ocrx_word' id='word_1_1' title='bbox 706 305 790 392; x_wconf 84' lang='lat' dir='ltr'><strong>Dic</strong></span> <span class='ocrx_word' id='word_1_2' title='bbox 821 302 881 390; x_wconf 77' lang='lat'><strong>23</strong></span> <span class='ocrx_word' id='word_1_3' title='bbox 919 301 1098 416; x_wconf 54' lang='lat' dir='ltr'><strong>adaquati</strong></span> <span class='ocrx_word' id='word_1_4' title='bbox 1134 301 1268 389; x_wconf 83' lang='grc'><strong>1879.</strong></span> <span class='ocrx_word' id='word_1_5' title='bbox 1639 301 1730 390; x_wconf 84' lang='grc'><strong>387</strong></span> 
     </span>
     <span class='ocr_line' id='line_1_2' title="bbox 242 421 1719 540; baseline -0.006 -20"><span class='ocrx_word' id='word_1_6' title='bbox 242 429 402 520; x_wconf 88' lang='lat' dir='ltr'><strong>auditis</strong></span> <span class='ocrx_word' id='word_1_7' title='bbox 434 428 642 516; x_wconf 89' lang='lat' dir='ltr'><strong>interesse</strong></span> <span class='ocrx_word' id='word_1_8' title='bbox 686 425 968 515; x_wconf 73' lang='lat' dir='ltr'><strong>habentibus.</strong></span> <span class='ocrx_word' id='word_1_9' title='bbox 1007 423 1094 536; x_wconf 84' lang='lat' dir='ltr'><strong>Qui</strong></span> <span class='ocrx_word' id='word_1_10' title='bbox 1127 427 1172 516; x_wconf 91' lang='lat' dir='ltr'><strong>S.</strong></span> <span class='ocrx_word' id='word_1_11' title='bbox 1210 425 1262 510; x_wconf 88' lang='grc' dir='ltr'><strong>Η.</strong></span> <span class='ocrx_word' id='word_1_12' title='bbox 1300 422 1348 512; x_wconf 90' lang='lat' dir='ltr'><strong>C.</strong></span> <span class='ocrx_word' id='word_1_13' title='bbox 1389 421 1599 540; x_wconf 86' lang='lat' dir='ltr'><strong>imperata</strong></span> <span class='ocrx_word' id='word_1_14' title='bbox 1649 421 1719 512; x_wconf 89' lang='lat' dir='ltr'><strong>la-</strong></span> 
     </span>
     <span class='ocr_line' id='line_1_3' title="bbox 244 543 1731 670; baseline -0.005 -27"><span class='ocrx_word' id='word_1_15' title='bbox 244 554 364 644; x_wconf 83' lang='lat' dir='ltr'>ciens</span> <span class='ocrx_word' id='word_1_16' title='bbox 399 565 631 670; x_wconf 87' lang='lat' dir='ltr'><strong>postquam</strong></span> <span class='ocrx_word' id='word_1_17' title='bbox 657 567 806 638; x_wconf 87' lang='lat' dir='ltr'><strong>votum</strong></span> <span class='ocrx_word' id='word_1_18' title='bbox 827 547 1093 642; x_wconf 87' lang='lat' dir='ltr'><strong>Consultoris</strong></span> <span class='ocrx_word' id='word_1_19' title='bbox 1115 546 1169 635; x_wconf 91' lang='lat' dir='ltr'><strong>ad</strong></span> <span class='ocrx_word' id='word_1_20' title='bbox 1196 547 1275 634; x_wconf 94' lang='lat' dir='ltr'><strong>boc</strong></span> <span class='ocrx_word' id='word_1_21' title='bbox 1296 543 1570 634; x_wconf 87' lang='lat' dir='ltr'><strong>elaboratum</strong></span> <span class='ocrx_word' id='word_1_22' title='bbox 1596 563 1731 636; x_wconf 89' lang='lat' dir='ltr'><strong>trans-</strong></span> 
     </span>
     <span class='ocr_line' id='line_1_4' title="bbox 244 669 1729 794; baseline -0.004 -30"><span class='ocrx_word' id='word_1_23' title='bbox 244 677 377 778; x_wconf 82' lang='lat' dir='ltr'><strong>misit,</strong></span> <span class='ocrx_word' id='word_1_24' title='bbox 416 675 480 794; x_wconf 91' lang='lat' dir='ltr'><strong>(in</strong></span> <span class='ocrx_word' id='word_1_25' title='bbox 513 705 600 790; x_wconf 92' lang='lat' dir='ltr'><strong>quo</strong></span> <span class='ocrx_word' id='word_1_26' title='bbox 636 673 966 761; x_wconf 86' lang='lat' dir='ltr'><strong>Marcbionissae</strong></span> <span class='ocrx_word' id='word_1_27' title='bbox 999 688 1042 758; x_wconf 88' lang='lat' dir='ltr'><strong>et</strong></span> <span class='ocrx_word' id='word_1_28' title='bbox 1076 670 1140 758; x_wconf 91' lang='lat' dir='ltr'><strong>ius</strong></span> <span class='ocrx_word' id='word_1_29' title='bbox 1173 669 1469 786; x_wconf 86' lang='lat' dir='ltr'><strong>proprietatis,</strong></span> <span class='ocrx_word' id='word_1_30' title='bbox 1508 686 1551 758; x_wconf 90' lang='lat' dir='ltr'><strong>et</strong></span> <span class='ocrx_word' id='word_1_31' title='bbox 1585 686 1729 786; x_wconf 91' lang='lat' dir='ltr'><strong>patro-</strong></span> 
     </span>
     <span class='ocr_line' id='line_1_5' title="bbox 244 791 1731 912; baseline -0.003 -26"><span class='ocrx_word' id='word_1_32' title='bbox 244 817 371 886; x_wconf 91' lang='lat' dir='ltr'><strong>natus</strong></span> <span class='ocrx_word' id='word_1_33' title='bbox 405 798 671 912; x_wconf 76' lang='lat' dir='ltr'><strong>denegatur,</strong></span> <span class='ocrx_word' id='word_1_34' title='bbox 709 796 943 911; x_wconf 83' lang='lat' dir='ltr'><strong>eidemque</strong></span> <span class='ocrx_word' id='word_1_35' title='bbox 977 809 1020 882; x_wconf 88' lang='lat' dir='ltr'><strong>et</strong></span> <span class='ocrx_word' id='word_1_36' title='bbox 1052 793 1283 882; x_wconf 77' lang='lat' dir='ltr'><strong>Ecclesiam</strong></span> <span class='ocrx_word' id='word_1_37' title='bbox 1320 791 1577 908; x_wconf 87' lang='lat' dir='ltr'><strong>perficiendi</strong></span> <span class='ocrx_word' id='word_1_38' title='bbox 1602 809 1644 880; x_wconf 88' lang='lat' dir='ltr'><strong>et</strong></span> <span class='ocrx_word' id='word_1_39' title='bbox 1666 826 1731 882; x_wconf 89' lang='lat' dir='ltr'><strong>so·</strong></span> 
     </span>
     <span class='ocr_line' id='line_1_6' title="bbox 245 915 1732 1036; baseline -0.002 -27"><span class='ocrx_word' id='word_1_40' title='bbox 245 919 363 1010; x_wconf 87' lang='lat' dir='ltr'><strong>dales</strong></span> <span class='ocrx_word' id='word_1_41' title='bbox 396 917 693 1035; x_wconf 77' lang='lat' dir='ltr'><strong>reintegraudi</strong></span> <span class='ocrx_word' id='word_1_42' title='bbox 728 947 836 1005; x_wconf 88' lang='lat' dir='ltr'><strong>onus</strong></span> <span class='ocrx_word' id='word_1_43' title='bbox 869 915 1128 1036; x_wconf 84' lang='lat' dir='ltr'><strong>imponitur)</strong></span> <span class='ocrx_word' id='word_1_44' title='bbox 1162 917 1228 1004; x_wconf 91' lang='lat' dir='ltr'><strong>sui</strong></span> <span class='ocrx_word' id='word_1_45' title='bbox 1264 916 1398 1003; x_wconf 80' lang='lat' dir='ltr'><strong>aninri</strong></span> <span class='ocrx_word' id='word_1_46' title='bbox 1431 945 1607 1004; x_wconf 86' lang='lat' dir='ltr'><strong>sonsum</strong></span> <span class='ocrx_word' id='word_1_47' title='bbox 1631 948 1732 1034; x_wconf 90' lang='lat' dir='ltr'><strong>ape-</strong></span> 
     </span>
     <span class='ocr_line' id='line_1_7' title="bbox 246 1037 1730 1157; baseline 0 -27"><span class='ocrx_word' id='word_1_48' title='bbox 246 1043 362 1131; x_wconf 89' lang='lat' dir='ltr'><strong>riens</strong></span> <span class='ocrx_word' id='word_1_49' title='bbox 396 1041 472 1130; x_wconf 90' lang='lat' dir='ltr'><strong>ait:</strong></span> <span class='ocrx_word' id='word_1_50' title='bbox 514 1079 530 1118; x_wconf 73' lang='grc' dir='ltr'>ι</span> <span class='ocrx_word' id='word_1_51' title='bbox 569 1070 727 1129; x_wconf 88' lang='lat' dir='ltr'><strong>censeo</strong></span> <span class='ocrx_word' id='word_1_52' title='bbox 760 1043 809 1126; x_wconf 89' lang='lat' dir='ltr'><strong>E.</strong></span> <span class='ocrx_word' id='word_1_53' title='bbox 847 1041 899 1125; x_wconf 87' lang='lat' dir='ltr'><strong>V.</strong></span> <span class='ocrx_word' id='word_1_54' title='bbox 940 1037 1131 1128; x_wconf 79' lang='lat' dir='ltr'><strong>subdere</strong></span> <span class='ocrx_word' id='word_1_55' title='bbox 1165 1056 1335 1138; x_wconf 89' lang='lat' dir='ltr'><strong>votum,</strong></span> <span class='ocrx_word' id='word_1_56' title='bbox 1372 1047 1490 1157; x_wconf 91' lang='lat' dir='ltr'><strong>quod</strong></span> <span class='ocrx_word' id='word_1_57' title='bbox 1518 1037 1627 1126; x_wconf 92' lang='lat' dir='ltr'><strong>mibi</strong></span> <span class='ocrx_word' id='word_1_58' title='bbox 1652 1041 1730 1130; x_wconf 92' lang='lat' dir='ltr'><strong>de·</strong></span> 
     </span>
     <span class='ocr_line' id='line_1_8' title="bbox 249 1160 1727 1282; baseline 0.007 -38"><span class='ocrx_word' id='word_1_59' title='bbox 249 1205 267 1244; x_wconf 74' lang='grc' dir='ltr'>ι</span> <span class='ocrx_word' id='word_1_60' title='bbox 309 1166 409 1253; x_wconf 92' lang='lat' dir='ltr'><strong>tulit</strong></span> <span class='ocrx_word' id='word_1_61' title='bbox 442 1163 552 1252; x_wconf 88' lang='lat' dir='ltr'><strong>alter</strong></span> <span class='ocrx_word' id='word_1_62' title='bbox 583 1193 637 1250; x_wconf 84' lang='lat' dir='ltr'><strong>ex</strong></span> <span class='ocrx_word' id='word_1_63' title='bbox 681 1162 987 1252; x_wconf 87' lang='lat' dir='ltr'><strong>lurcconsultis</strong></span> <span class='ocrx_word' id='word_1_64' title='bbox 1035 1161 1392 1282; x_wconf 75' lang='lat' dir='ltr'><strong>Congregationis</strong></span> <span class='ocrx_word' id='word_1_65' title='bbox 1424 1160 1727 1254; x_wconf 84' lang='lat' dir='ltr'><strong>Consultoriae</strong></span> 
     </span>
     <span class='ocr_line' id='line_1_9' title="bbox 250 1283 1732 1403; baseline -0.001 -28"><span class='ocrx_word' id='word_1_66' title='bbox 250 1328 268 1366; x_wconf 73' lang='grc' dir='ltr'>ι</span> <span class='ocrx_word' id='word_1_67' title='bbox 308 1291 352 1376; x_wconf 93' lang='lat' dir='ltr'><strong>in</strong></span> <span class='ocrx_word' id='word_1_68' title='bbox 387 1287 464 1375; x_wconf 91' lang='lat' dir='ltr'><strong>bac</strong></span> <span class='ocrx_word' id='word_1_69' title='bbox 499 1285 864 1403; x_wconf 84' lang='lat' dir='ltr'><strong>Arcbiepiscopali</strong></span> <span class='ocrx_word' id='word_1_70' title='bbox 912 1285 1041 1376; x_wconf 87' lang='lat' dir='ltr'><strong>Curia</strong></span> <span class='ocrx_word' id='word_1_71' title='bbox 1080 1286 1321 1374; x_wconf 86' lang='lat' dir='ltr'><strong>institutae.</strong></span> <span class='ocrx_word' id='word_1_72' title='bbox 1364 1283 1497 1374; x_wconf 86' lang='lat' dir='ltr'><strong>Cuius</strong></span> <span class='ocrx_word' id='word_1_73' title='bbox 1539 1285 1732 1374; x_wconf 90' lang='lat' dir='ltr'><strong>demon-</strong></span> 
     </span>
     <span class='ocr_line' id='line_1_10' title="bbox 252 1407 1726 1513; baseline -0.003 -13"><span class='ocrx_word' id='word_1_74' title='bbox 252 1451 269 1488; x_wconf 78' lang='lat'><strong>«</strong></span> <span class='ocrx_word' id='word_1_75' title='bbox 307 1409 508 1500; x_wconf 86' lang='lat' dir='ltr'><strong>strationi</strong></span> <span class='ocrx_word' id='word_1_76' title='bbox 542 1409 713 1496; x_wconf 88' lang='lat' dir='ltr'><strong>tametsi</strong></span> <span class='ocrx_word' id='word_1_77' title='bbox 747 1440 834 1496; x_wconf 92' lang='lat' dir='ltr'><strong>non</strong></span> <span class='ocrx_word' id='word_1_78' title='bbox 868 1409 1022 1496; x_wconf 90' lang='lat' dir='ltr'><strong>cadem</strong></span> <span class='ocrx_word' id='word_1_79' title='bbox 1071 1408 1239 1498; x_wconf 90' lang='lat' dir='ltr'><strong>ratione</strong></span> <span class='ocrx_word' id='word_1_80' title='bbox 1274 1407 1461 1498; x_wconf 91' lang='lat' dir='ltr'><strong>arbitrer</strong></span> <span class='ocrx_word' id='word_1_81' title='bbox 1492 1410 1726 1513; x_wconf 79' lang='lat' dir='ltr'><strong>assentiri,</strong></span> 
     </span>
     <span class='ocr_line' id='line_1_11' title="bbox 252 1528 1725 1653; baseline -0.001 -31"><span class='ocrx_word' id='word_1_82' title='bbox 252 1573 269 1612; x_wconf 75' lang='grc' dir='ltr'>ι</span> <span class='ocrx_word' id='word_1_83' title='bbox 308 1565 395 1653; x_wconf 91' lang='lat' dir='ltr'><strong>qua</strong></span> <span class='ocrx_word' id='word_1_84' title='bbox 414 1531 765 1620; x_wconf 82' lang='lat' dir='ltr'><strong>conclusionibus</strong></span> <span class='ocrx_word' id='word_1_85' title='bbox 800 1541 875 1650; x_wconf 73' lang='lat' dir='ltr'><strong>(ne</strong></span> <span class='ocrx_word' id='word_1_86' title='bbox 899 1531 1062 1618; x_wconf 91' lang='lat' dir='ltr'><strong>invidia</strong></span> <span class='ocrx_word' id='word_1_87' title='bbox 1085 1531 1297 1648; x_wconf 77' lang='lat' dir='ltr'><strong>impetere</strong></span> <span class='ocrx_word' id='word_1_88' title='bbox 1331 1528 1486 1618; x_wconf 90' lang='lat' dir='ltr'><strong>videar</strong></span> <span class='ocrx_word' id='word_1_89' title='bbox 1518 1530 1725 1620; x_wconf 80' lang='lat' dir='ltr'><strong>Nobiliss</strong></span> 
     </span>
     <span class='ocr_line' id='line_1_12' title="bbox 252 1650 1728 1773; baseline 0.005 -39"><span class='ocrx_word' id='word_1_90' title='bbox 252 1695 269 1734; x_wconf 79' lang='grc' dir='ltr'>ι</span> <span class='ocrx_word' id='word_1_91' title='bbox 308 1673 353 1745; x_wconf 91' lang='lat' dir='ltr'><strong>et</strong></span> <span class='ocrx_word' id='word_1_92' title='bbox 386 1653 706 1742; x_wconf 84' lang='lat' dir='ltr'><strong>Pierrtissimam</strong></span> <span class='ocrx_word' id='word_1_93' title='bbox 741 1657 1003 1756; x_wconf 86' lang='lat' dir='ltr'><strong>Matronam,</strong></span> <span class='ocrx_word' id='word_1_94' title='bbox 1040 1653 1097 1741; x_wconf 93' lang='lat' dir='ltr'><strong>de</strong></span> <span class='ocrx_word' id='word_1_95' title='bbox 1129 1687 1215 1773; x_wconf 92' lang='lat' dir='ltr'><strong>qua</strong></span> <span class='ocrx_word' id='word_1_96' title='bbox 1250 1650 1412 1772; x_wconf 80' lang='lat' dir='ltr'><strong>agitur)</strong></span> <span class='ocrx_word' id='word_1_97' title='bbox 1437 1653 1558 1768; x_wconf 91' lang='lat' dir='ltr'><strong>ipsae</strong></span> <span class='ocrx_word' id='word_1_98' title='bbox 1582 1669 1728 1744; x_wconf 88' lang='lat' dir='ltr'><strong>tamen</strong></span> 
     </span>
     <span class='ocr_line' id='line_1_13' title="bbox 253 1773 1800 1894; baseline -0.001 -25"><span class='ocrx_word' id='word_1_99' title='bbox 253 1819 269 1856; x_wconf 76' lang='grc' dir='ltr'>ι</span> <span class='ocrx_word' id='word_1_100' title='bbox 308 1777 609 1870; x_wconf 84' lang='lat' dir='ltr'><strong>conclusiones</strong></span> <span class='ocrx_word' id='word_1_101' title='bbox 651 1777 758 1864; x_wconf 90' lang='lat' dir='ltr'><strong>mibi</strong></span> <span class='ocrx_word' id='word_1_102' title='bbox 807 1776 1062 1894; x_wconf 81' lang='lat' dir='ltr'><strong>probandae</strong></span> <span class='ocrx_word' id='word_1_103' title='bbox 1110 1795 1152 1864; x_wconf 89' lang='lat' dir='ltr'><strong>ot</strong></span> <span class='ocrx_word' id='word_1_104' title='bbox 1186 1777 1367 1866; x_wconf 88' lang='lat' dir='ltr'><strong>omnino</strong></span> <span class='ocrx_word' id='word_1_105' title='bbox 1400 1773 1730 1867; x_wconf 86' lang='lat' dir='ltr'><strong>confirmandae</strong></span> <span class='ocrx_word' id='word_1_106' title='bbox 1797 1809 1800 1816; x_wconf 87' lang='lat'>·</span> 
     </span>
     <span class='ocr_line' id='line_1_14' title="bbox 254 1900 584 1990; baseline -0.015 1"><span class='ocrx_word' id='word_1_107' title='bbox 254 1943 270 1979; x_wconf 78' lang='grc' dir='ltr'>ι</span> <span class='ocrx_word' id='word_1_108' title='bbox 310 1900 517 1990; x_wconf 87' lang='lat' dir='ltr'><strong>videntur</strong></span> <span class='ocrx_word' id='word_1_109' title='bbox 545 1939 584 1986; x_wconf 73' lang='grc' dir='ltr'><strong>ι.</strong></span> 
     </span>
    </p>

    <p class='ocr_par' dir='ltr' id='par_1_2' title="bbox 238 2021 1733 2752">
     <span class='ocr_line' id='line_1_15' title="bbox 369 2021 1733 2142; baseline 0.003 -33"><span class='ocrx_word' id='word_1_110' title='bbox 369 2021 542 2135; x_wconf 83' lang='lat' dir='ltr'><strong>Quibus</strong></span> <span class='ocrx_word' id='word_1_111' title='bbox 576 2024 762 2142; x_wconf 88' lang='lat' dir='ltr'><strong>acceptis</strong></span> <span class='ocrx_word' id='word_1_112' title='bbox 796 2039 929 2141; x_wconf 90' lang='lat' dir='ltr'><strong>atquc</strong></span> <span class='ocrx_word' id='word_1_113' title='bbox 962 2024 1067 2110; x_wconf 87' lang='lat' dir='ltr'><strong>actis</strong></span> <span class='ocrx_word' id='word_1_114' title='bbox 1100 2022 1157 2112; x_wconf 90' lang='lat' dir='ltr'><strong>de</strong></span> <span class='ocrx_word' id='word_1_115' title='bbox 1192 2053 1311 2110; x_wconf 87' lang='lat' dir='ltr'><strong>more</strong></span> <span class='ocrx_word' id='word_1_116' title='bbox 1345 2021 1592 2138; x_wconf 90' lang='lat' dir='ltr'><strong>completis,</strong></span> <span class='ocrx_word' id='word_1_117' title='bbox 1630 2055 1733 2113; x_wconf 90' lang='lat' dir='ltr'><strong>con·</strong></span> 
     </span>
     <span class='ocr_line' id='line_1_16' title="bbox 246 2144 1729 2264; baseline 0 -28"><span class='ocrx_word' id='word_1_118' title='bbox 246 2146 521 2262; x_wconf 88' lang='lat' dir='ltr'><strong>cordatisque</strong></span> <span class='ocrx_word' id='word_1_119' title='bbox 555 2145 669 2232; x_wconf 91' lang='lat' dir='ltr'><strong>inter</strong></span> <span class='ocrx_word' id='word_1_120' title='bbox 702 2145 1065 2236; x_wconf 85' lang='lat' dir='ltr'><strong>contendentium</strong></span> <span class='ocrx_word' id='word_1_121' title='bbox 1101 2163 1305 2260; x_wconf 92' lang='lat' dir='ltr'><strong>patronos</strong></span> <span class='ocrx_word' id='word_1_122' title='bbox 1339 2144 1500 2246; x_wconf 90' lang='lat' dir='ltr'><strong>dubiis,</strong></span> <span class='ocrx_word' id='word_1_123' title='bbox 1538 2146 1729 2264; x_wconf 91' lang='lat' dir='ltr'><strong>quaein</strong></span> 
     </span>
     <span class='ocr_line' id='line_1_17' title="bbox 246 2267 1733 2387; baseline 0.001 -31"><span class='ocrx_word' id='word_1_124' title='bbox 246 2267 374 2356; x_wconf 91' lang='lat' dir='ltr'><strong>buius</strong></span> <span class='ocrx_word' id='word_1_125' title='bbox 408 2267 546 2354; x_wconf 90' lang='lat' dir='ltr'><strong>libelli</strong></span> <span class='ocrx_word' id='word_1_126' title='bbox 577 2267 694 2358; x_wconf 85' lang='lat' dir='ltr'><strong>calce</strong></span> <span class='ocrx_word' id='word_1_127' title='bbox 729 2268 1015 2387; x_wconf 73' lang='lat' dir='ltr'><strong>perleguntur</strong></span> <span class='ocrx_word' id='word_1_128' title='bbox 1046 2299 1203 2357; x_wconf 90' lang='lat' dir='ltr'><strong>causae</strong></span> <span class='ocrx_word' id='word_1_129' title='bbox 1236 2268 1546 2357; x_wconf 86' lang='lat' dir='ltr'><strong>discussionem</strong></span> <span class='ocrx_word' id='word_1_130' title='bbox 1576 2268 1630 2356; x_wconf 91' lang='lat' dir='ltr'><strong>ad</strong></span> <span class='ocrx_word' id='word_1_131' title='bbox 1655 2269 1733 2358; x_wconf 91' lang='lat' dir='ltr'><strong>bo-</strong></span> 
     </span>
     <span class='ocr_line' id='line_1_18' title="bbox 238 2388 1730 2507; baseline 0.005 -35"><span class='ocrx_word' id='word_1_132' title='bbox 238 2389 400 2478; x_wconf 86' lang='lat' dir='ltr'><strong>dierna</strong></span> <span class='ocrx_word' id='word_1_133' title='bbox 433 2389 618 2478; x_wconf 89' lang='lat' dir='ltr'><strong>Comitia</strong></span> <span class='ocrx_word' id='word_1_134' title='bbox 651 2392 920 2495; x_wconf 83' lang='lat' dir='ltr'><strong>amandavi3</strong></span> <span class='ocrx_word' id='word_1_135' title='bbox 958 2409 1001 2480; x_wconf 92' lang='lat' dir='ltr'><strong>et</strong></span> <span class='ocrx_word' id='word_1_136' title='bbox 1035 2422 1151 2480; x_wconf 91' lang='lat' dir='ltr'><strong>nunc</strong></span> <span class='ocrx_word' id='word_1_137' title='bbox 1183 2421 1261 2507; x_wconf 92' lang='lat' dir='ltr'><strong>pro</strong></span> <span class='ocrx_word' id='word_1_138' title='bbox 1294 2420 1395 2478; x_wconf 86' lang='lat' dir='ltr'><strong>meo</strong></span> <span class='ocrx_word' id='word_1_139' title='bbox 1428 2388 1565 2479; x_wconf 88' lang='lat' dir='ltr'><strong>officio</strong></span> <span class='ocrx_word' id='word_1_140' title='bbox 1598 2392 1730 2480; x_wconf 91' lang='lat' dir='ltr'><strong>ratio-</strong></span> 
     </span>
     <span class='ocr_line' id='line_1_19' title="bbox 247 2514 1733 2636; baseline 0.001 -37"><span class='ocrx_word' id='word_1_141' title='bbox 247 2543 352 2600; x_wconf 93' lang='lat' dir='ltr'><strong>num</strong></span> <span class='ocrx_word' id='word_1_142' title='bbox 388 2528 626 2616; x_wconf 88' lang='lat' dir='ltr'><strong>momenta,</strong></span> <span class='ocrx_word' id='word_1_143' title='bbox 653 2515 834 2636; x_wconf 88' lang='lat' dir='ltr'><strong>quaein</strong></span> <span class='ocrx_word' id='word_1_144' title='bbox 868 2514 1075 2602; x_wconf 79' lang='lat' dir='ltr'><strong>exhibitis</strong></span> <span class='ocrx_word' id='word_1_145' title='bbox 1098 2515 1434 2630; x_wconf 77' lang='lat' dir='ltr'><strong>allegationibus</strong></span> <span class='ocrx_word' id='word_1_146' title='bbox 1461 2514 1641 2604; x_wconf 89' lang='lat' dir='ltr'><strong>seorsim</strong></span> <span class='ocrx_word' id='word_1_147' title='bbox 1665 2514 1733 2601; x_wconf 91' lang='lat' dir='ltr'><strong>di-</strong></span> 
     </span>
     <span class='ocr_line' id='line_1_20' title="bbox 246 2633 1359 2752; baseline 0.001 -29"><span class='ocrx_word' id='word_1_148' title='bbox 246 2633 514 2724; x_wconf 90' lang='lat' dir='ltr'><strong>stribuendis</strong></span> <span class='ocrx_word' id='word_1_149' title='bbox 537 2653 838 2752; x_wconf 86' lang='lat' dir='ltr'><strong>exponuntur,</strong></span> <span class='ocrx_word' id='word_1_150' title='bbox 865 2638 1120 2726; x_wconf 80' lang='lat' dir='ltr'><strong>summatim</strong></span> <span class='ocrx_word' id='word_1_151' title='bbox 1155 2636 1359 2726; x_wconf 85' lang='lat' dir='ltr'><strong>releram.</strong></span> 
     </span>
    </p>

    <p class='ocr_par' dir='ltr' id='par_1_3' title="bbox 245 2758 1814 3985">
     <span class='ocr_line' id='line_1_21' title="bbox 370 2758 1731 2880; baseline -0.001 -30"><span class='ocrx_word' id='word_1_152' title='bbox 370 2758 608 2850; x_wconf 87' lang='lat' dir='ltr'><strong>Contendit</strong></span> <span class='ocrx_word' id='word_1_153' title='bbox 648 2760 691 2848; x_wconf 95' lang='lat' dir='ltr'><strong>in</strong></span> <span class='ocrx_word' id='word_1_154' title='bbox 727 2760 878 2877; x_wconf 89' lang='lat' dir='ltr'><strong>primis</strong></span> <span class='ocrx_word' id='word_1_155' title='bbox 910 2759 1461 2880; x_wconf 88' lang='lat' dir='ltr'><strong>Sodalitiidelcnsorqnod</strong></span> <span class='ocrx_word' id='word_1_156' title='bbox 1493 2790 1573 2846; x_wconf 92' lang='lat' dir='ltr'><strong>nec</strong></span> <span class='ocrx_word' id='word_1_157' title='bbox 1616 2790 1731 2850; x_wconf 92' lang='lat' dir='ltr'><strong>mar-</strong></span> 
     </span>
     <span class='ocr_line' id='line_1_22' title="bbox 246 2880 1814 3002; baseline 0.001 -32"><span class='ocrx_word' id='word_1_158' title='bbox 246 2880 459 2970; x_wconf 89' lang='lat' dir='ltr'><strong>chionissa</strong></span> <span class='ocrx_word' id='word_1_159' title='bbox 482 2880 576 2998; x_wconf 92' lang='lat' dir='ltr'><strong>ipsa</strong></span> <span class='ocrx_word' id='word_1_160' title='bbox 601 2882 783 2971; x_wconf 88' lang='lat' dir='ltr'><strong>inficiari</strong></span> <span class='ocrx_word' id='word_1_161' title='bbox 807 2901 948 2999; x_wconf 91' lang='lat' dir='ltr'><strong>potest</strong></span> <span class='ocrx_word' id='word_1_162' title='bbox 967 2884 1318 2974; x_wconf 88' lang='lat' dir='ltr'><strong>Zambeccariam</strong></span> <span class='ocrx_word' id='word_1_163' title='bbox 1343 2897 1520 3002; x_wconf 79' lang='lat' dir='ltr'><strong>gentem</strong></span> <span class='ocrx_word' id='word_1_164' title='bbox 1545 2913 1599 2970; x_wconf 87' lang='lat' dir='ltr'><strong>ex</strong></span> <span class='ocrx_word' id='word_1_165' title='bbox 1621 2883 1732 2971; x_wconf 88' lang='lat' dir='ltr'><strong>obli·</strong></span> <span class='ocrx_word' id='word_1_166' title='bbox 1812 2991 1814 2995; x_wconf 69' lang='lat'>‚</span> 
     </span>
     <span class='ocr_line' id='line_1_23' title="bbox 247 3002 1737 3122; baseline 0.001 -32"><span class='ocrx_word' id='word_1_167' title='bbox 247 3003 425 3122; x_wconf 81' lang='lat' dir='ltr'><strong>gatione</strong></span> <span class='ocrx_word' id='word_1_168' title='bbox 459 3021 659 3122; x_wconf 87' lang='lat' dir='ltr'><strong>suscepta</strong></span> <span class='ocrx_word' id='word_1_169' title='bbox 693 3034 817 3094; x_wconf 93' lang='lat' dir='ltr'><strong>usum</strong></span> <span class='ocrx_word' id='word_1_170' title='bbox 852 3007 1068 3096; x_wconf 86' lang='lat' dir='ltr'><strong>Ecclesiae</strong></span> <span class='ocrx_word' id='word_1_171' title='bbox 1101 3005 1313 3098; x_wconf 90' lang='lat' dir='ltr'><strong>Sodalitio</strong></span> <span class='ocrx_word' id='word_1_172' title='bbox 1363 3002 1537 3093; x_wconf 88' lang='lat' dir='ltr'><strong>tradere</strong></span> <span class='ocrx_word' id='word_1_173' title='bbox 1572 3037 1620 3093; x_wconf 90' lang='lat' dir='ltr'><strong>ac</strong></span> <span class='ocrx_word' id='word_1_174' title='bbox 1652 3036 1737 3094; x_wconf 89' lang='lat' dir='ltr'><strong>ser·</strong></span> 
     </span>
     <span class='ocr_line' id='line_1_24' title="bbox 247 3125 1730 3248; baseline 0.005 -37"><span class='ocrx_word' id='word_1_175' title='bbox 247 3155 352 3214; x_wconf 84' lang='lat' dir='ltr'><strong>vare</strong></span> <span class='ocrx_word' id='word_1_176' title='bbox 384 3125 566 3214; x_wconf 88' lang='lat' dir='ltr'><strong>debere.</strong></span> <span class='ocrx_word' id='word_1_177' title='bbox 603 3129 689 3219; x_wconf 85' lang='lat' dir='ltr'><strong>Sed</strong></span> <span class='ocrx_word' id='word_1_178' title='bbox 724 3159 957 3218; x_wconf 89' lang='lat' dir='ltr'><strong>erroneum</strong></span> <span class='ocrx_word' id='word_1_179' title='bbox 992 3129 1110 3248; x_wconf 93' lang='lat' dir='ltr'><strong>quod</strong></span> <span class='ocrx_word' id='word_1_180' title='bbox 1146 3129 1220 3218; x_wconf 87' lang='lat' dir='ltr'><strong>illa</strong></span> <span class='ocrx_word' id='word_1_181' title='bbox 1245 3146 1422 3247; x_wconf 88' lang='lat' dir='ltr'><strong>usurpat</strong></span> <span class='ocrx_word' id='word_1_182' title='bbox 1446 3128 1549 3217; x_wconf 90' lang='lat' dir='ltr'><strong>iuris</strong></span> <span class='ocrx_word' id='word_1_183' title='bbox 1572 3127 1730 3218; x_wconf 88' lang='lat' dir='ltr'><strong>lunda-</strong></span> 
     </span>
     <span class='ocr_line' id='line_1_25' title="bbox 247 3251 1732 3372; baseline 0.003 -36"><span class='ocrx_word' id='word_1_184' title='bbox 247 3265 451 3336; x_wconf 88' lang='lat' dir='ltr'><strong>meutum</strong></span> <span class='ocrx_word' id='word_1_185' title='bbox 484 3251 691 3339; x_wconf 91' lang='lat' dir='ltr'><strong>ostendit.</strong></span> <span class='ocrx_word' id='word_1_186' title='bbox 729 3251 803 3340; x_wconf 77' lang='lat' dir='ltr'><strong>dit</strong></span> <span class='ocrx_word' id='word_1_187' title='bbox 836 3252 1139 3342; x_wconf 89' lang='lat' dir='ltr'><strong>enimmulier</strong></span> <span class='ocrx_word' id='word_1_188' title='bbox 1171 3252 1369 3372; x_wconf 89' lang='lat' dir='ltr'><strong>collapsis</strong></span> <span class='ocrx_word' id='word_1_189' title='bbox 1392 3251 1579 3341; x_wconf 91' lang='lat' dir='ltr'><strong>aedibus</strong></span> <span class='ocrx_word' id='word_1_190' title='bbox 1603 3283 1732 3340; x_wconf 90' lang='lat' dir='ltr'><strong>nsum</strong></span> 
     </span>
     <span class='ocr_line' id='line_1_26' title="bbox 251 3371 1728 3494; baseline 0.003 -35"><span class='ocrx_word' id='word_1_191' title='bbox 251 3371 416 3490; x_wconf 88' lang='lat' dir='ltr'><strong>pariter</strong></span> <span class='ocrx_word' id='word_1_192' title='bbox 450 3389 579 3490; x_wconf 90' lang='lat' dir='ltr'><strong>atque</strong></span> <span class='ocrx_word' id='word_1_193' title='bbox 614 3374 934 3463; x_wconf 77' lang='lat' dir='ltr'><strong>usumfructum</strong></span> <span class='ocrx_word' id='word_1_194' title='bbox 982 3405 1273 3482; x_wconf 87' lang='lat' dir='ltr'><strong>evanescere,</strong></span> <span class='ocrx_word' id='word_1_195' title='bbox 1322 3405 1465 3494; x_wconf 86' lang='lat' dir='ltr'><strong>neque</strong></span> <span class='ocrx_word' id='word_1_196' title='bbox 1499 3373 1610 3478; x_wconf 89' lang='lat' dir='ltr'><strong>illos,</strong></span> <span class='ocrx_word' id='word_1_197' title='bbox 1647 3376 1728 3464; x_wconf 89' lang='lat' dir='ltr'><strong>etsi</strong></span> 
     </span>
     <span class='ocr_line' id='line_1_27' title="bbox 245 3493 1720 3616; baseline 0.002 -34"><span class='ocrx_word' id='word_1_198' title='bbox 245 3493 450 3582; x_wconf 87' lang='lat' dir='ltr'><strong>dominus</strong></span> <span class='ocrx_word' id='word_1_199' title='bbox 498 3495 684 3584; x_wconf 91' lang='lat' dir='ltr'><strong>landum</strong></span> <span class='ocrx_word' id='word_1_200' title='bbox 736 3499 963 3600; x_wconf 90' lang='lat' dir='ltr'><strong>restituat,</strong></span> <span class='ocrx_word' id='word_1_201' title='bbox 1002 3528 1194 3616; x_wconf 92' lang='lat' dir='ltr'><strong>unquam</strong></span> <span class='ocrx_word' id='word_1_202' title='bbox 1243 3499 1521 3586; x_wconf 89' lang='lat' dir='ltr'><strong>reviviscere.</strong></span> <span class='ocrx_word' id='word_1_203' title='bbox 1559 3498 1647 3589; x_wconf 89' lang='lat' dir='ltr'><strong>Sed</strong></span> <span class='ocrx_word' id='word_1_204' title='bbox 1681 3497 1720 3586; x_wconf 90' lang='lat' dir='ltr'><strong>ei</strong></span> 
     </span>
     <span class='ocr_line' id='line_1_28' title="bbox 246 3614 1733 3739; baseline 0.006 -35"><span class='ocrx_word' id='word_1_205' title='bbox 246 3614 497 3704; x_wconf 92' lang='lat' dir='ltr'><strong>dominium</strong></span> <span class='ocrx_word' id='word_1_206' title='bbox 533 3618 819 3708; x_wconf 91' lang='lat' dir='ltr'><strong>nullomodo</strong></span> <span class='ocrx_word' id='word_1_207' title='bbox 865 3635 1062 3736; x_wconf 88' lang='lat' dir='ltr'><strong>spectare</strong></span> <span class='ocrx_word' id='word_1_208' title='bbox 1104 3621 1308 3711; x_wconf 90' lang='lat' dir='ltr'><strong>delensor</strong></span> <span class='ocrx_word' id='word_1_209' title='bbox 1357 3619 1575 3710; x_wconf 86' lang='lat' dir='ltr'><strong>affirmat:</strong></span> <span class='ocrx_word' id='word_1_210' title='bbox 1612 3619 1733 3739; x_wconf 92' lang='lat' dir='ltr'><strong>quod</strong></span> 
     </span>
     <span class='ocr_line' id='line_1_29' title="bbox 247 3737 1731 3834; baseline 0.004 -10"><span class='ocrx_word' id='word_1_211' title='bbox 247 3737 386 3828; x_wconf 89' lang='lat' dir='ltr'><strong>serius</strong></span> <span class='ocrx_word' id='word_1_212' title='bbox 418 3738 816 3834; x_wconf 87' lang='lat' dir='ltr'><strong>demonstrandum</strong></span> <span class='ocrx_word' id='word_1_213' title='bbox 850 3743 933 3830; x_wconf 94' lang='lat' dir='ltr'><strong>sibi</strong></span> <span class='ocrx_word' id='word_1_214' title='bbox 978 3744 1052 3832; x_wconf 91' lang='lat' dir='ltr'><strong>ait.</strong></span> <span class='ocrx_word' id='word_1_215' title='bbox 1090 3747 1186 3830; x_wconf 87' lang='lat' dir='ltr'><strong>lllox</strong></span> <span class='ocrx_word' id='word_1_216' title='bbox 1220 3743 1323 3832; x_wconf 88' lang='lat' dir='ltr'><strong>dato</strong></span> <span class='ocrx_word' id='word_1_217' title='bbox 1361 3745 1495 3832; x_wconf 89' lang='lat' dir='ltr'><strong>etiam</strong></span> <span class='ocrx_word' id='word_1_218' title='bbox 1531 3741 1607 3832; x_wconf 93' lang='lat' dir='ltr'><strong>sed</strong></span> <span class='ocrx_word' id='word_1_219' title='bbox 1643 3775 1731 3832; x_wconf 93' lang='lat' dir='ltr'><strong>non</strong></span> 
     </span>
     <span class='ocr_line' id='line_1_30' title="bbox 248 3863 1595 3985; baseline 0.004 -37"><span class='ocrx_word' id='word_1_220' title='bbox 248 3889 468 3964; x_wconf 89' lang='lat' dir='ltr'><strong>concesso,</strong></span> <span class='ocrx_word' id='word_1_221' title='bbox 507 3863 692 3952; x_wconf 91' lang='lat' dir='ltr'><strong>dominii</strong></span> <span class='ocrx_word' id='word_1_222' title='bbox 727 3865 839 3970; x_wconf 90' lang='lat' dir='ltr'><strong>iure,</strong></span> <span class='ocrx_word' id='word_1_223' title='bbox 876 3866 983 3984; x_wconf 92' lang='lat' dir='ltr'><strong>quid</strong></span> <span class='ocrx_word' id='word_1_224' title='bbox 1021 3865 1122 3954; x_wconf 89' lang='lat' dir='ltr'><strong>inde</strong></span> <span class='ocrx_word' id='word_1_225' title='bbox 1156 3881 1365 3984; x_wconf 84' lang='lat' dir='ltr'><strong>sequatur</strong></span> <span class='ocrx_word' id='word_1_226' title='bbox 1398 3866 1595 3985; x_wconf 87' lang='lat' dir='ltr'><strong>inquirit.</strong></span> 
     </span>
    </p>

    <p class='ocr_par' dir='ltr' id='par_1_4' title="bbox 244 3985 1735 4961">
     <span class='ocr_line' id='line_1_31' title="bbox 373 3985 1735 4106; baseline 0.004 -36"><span class='ocrx_word' id='word_1_227' title='bbox 373 3985 433 4070; x_wconf 85' lang='lat' dir='ltr'><strong>Ex</strong></span> <span class='ocrx_word' id='word_1_228' title='bbox 470 3987 563 4074; x_wconf 88' lang='lat' dir='ltr'><strong>iure</strong></span> <span class='ocrx_word' id='word_1_229' title='bbox 599 3985 817 4076; x_wconf 88' lang='lat' dir='ltr'><strong>inficiatur</strong></span> <span class='ocrx_word' id='word_1_230' title='bbox 848 3987 890 4074; x_wconf 95' lang='lat' dir='ltr'><strong>in</strong></span> <span class='ocrx_word' id='word_1_231' title='bbox 929 3989 1085 4106; x_wconf 90' lang='lat' dir='ltr'><strong>primis</strong></span> <span class='ocrx_word' id='word_1_232' title='bbox 1126 3989 1243 4106; x_wconf 92' lang='lat' dir='ltr'><strong>quod</strong></span> <span class='ocrx_word' id='word_1_233' title='bbox 1290 3989 1600 4078; x_wconf 89' lang='lat' dir='ltr'><strong>marchionissa</strong></span> <span class='ocrx_word' id='word_1_234' title='bbox 1634 4019 1735 4076; x_wconf 91' lang='lat' dir='ltr'><strong>con·</strong></span> 
     </span>
     <span class='ocr_line' id='line_1_32' title="bbox 247 4105 1723 4226; baseline 0.005 -36"><span class='ocrx_word' id='word_1_235' title='bbox 247 4105 419 4194; x_wconf 86' lang='lat' dir='ltr'><strong>tendit:</strong></span> <span class='ocrx_word' id='word_1_236' title='bbox 457 4139 560 4195; x_wconf 90' lang='lat' dir='ltr'><strong>nam</strong></span> <span class='ocrx_word' id='word_1_237' title='bbox 595 4110 775 4226; x_wconf 90' lang='lat' dir='ltr'><strong>praedio</strong></span> <span class='ocrx_word' id='word_1_238' title='bbox 810 4111 1070 4218; x_wconf 89' lang='lat' dir='ltr'><strong>intereunte,</strong></span> <span class='ocrx_word' id='word_1_239' title='bbox 1109 4111 1381 4200; x_wconf 79' lang='lat' dir='ltr'><strong>ususfructus</strong></span> <span class='ocrx_word' id='word_1_240' title='bbox 1416 4144 1502 4202; x_wconf 93' lang='lat' dir='ltr'><strong>non</strong></span> <span class='ocrx_word' id='word_1_241' title='bbox 1538 4113 1723 4214; x_wconf 85' lang='lat' dir='ltr'><strong>interit,</strong></span> 
     </span>
     <span class='ocr_line' id='line_1_33' title="bbox 246 4226 1727 4352; baseline 0.005 -40"><span class='ocrx_word' id='word_1_242' title='bbox 246 4226 279 4312; x_wconf 92' lang='lat' dir='ltr'><strong>si</strong></span> <span class='ocrx_word' id='word_1_243' title='bbox 315 4257 426 4315; x_wconf 92' lang='lat' dir='ltr'><strong>unus</strong></span> <span class='ocrx_word' id='word_1_244' title='bbox 459 4244 628 4320; x_wconf 91' lang='lat' dir='ltr'><strong>tautum</strong></span> <span class='ocrx_word' id='word_1_245' title='bbox 664 4233 771 4352; x_wconf 91' lang='lat' dir='ltr'><strong>lapis</strong></span> <span class='ocrx_word' id='word_1_246' title='bbox 817 4263 873 4322; x_wconf 85' lang='lat' dir='ltr'><strong>ex</strong></span> <span class='ocrx_word' id='word_1_247' title='bbox 906 4249 1054 4324; x_wconf 89' lang='lat' dir='ltr'><strong>vetere</strong></span> <span class='ocrx_word' id='word_1_248' title='bbox 1096 4233 1298 4322; x_wconf 88' lang='lat' dir='ltr'><strong>aedilicio</strong></span> <span class='ocrx_word' id='word_1_249' title='bbox 1321 4237 1541 4352; x_wconf 89' lang='lat' dir='ltr'><strong>supersit:</strong></span> <span class='ocrx_word' id='word_1_250' title='bbox 1578 4251 1727 4322; x_wconf 86' lang='lat' dir='ltr'><strong>sucto-</strong></span> 
     </span>
     <span class='ocr_line' id='line_1_34' title="bbox 249 4347 1731 4478; baseline 0.005 -44"><span class='ocrx_word' id='word_1_251' title='bbox 249 4347 372 4436; x_wconf 89' lang='lat' dir='ltr'><strong>ribus</strong></span> <span class='ocrx_word' id='word_1_252' title='bbox 410 4392 426 4426; x_wconf 77' lang='grc' dir='ltr'>ι</span> <span class='ocrx_word' id='word_1_253' title='bbox 465 4352 659 4442; x_wconf 79' lang='lat' dir='ltr'><strong>Iauoleno</strong></span> <span class='ocrx_word' id='word_1_254' title='bbox 709 4357 752 4442; x_wconf 83' lang='lat' dir='ltr'><strong>iu</strong></span> <span class='ocrx_word' id='word_1_255' title='bbox 785 4356 848 4475; x_wconf 77' lang='lat' dir='ltr'><strong>(r.</strong></span> <span class='ocrx_word' id='word_1_256' title='bbox 885 4353 1028 4478; x_wconf 64' lang='lat'><strong>5317.</strong></span> <span class='ocrx_word' id='word_1_257' title='bbox 1066 4357 1116 4446; x_wconf 86' lang='lat' dir='ltr'><strong>dc</strong></span> <span class='ocrx_word' id='word_1_258' title='bbox 1163 4359 1409 4478; x_wconf 79' lang='lat' dir='ltr'><strong>usufructu,</strong></span> <span class='ocrx_word' id='word_1_259' title='bbox 1446 4389 1496 4445; x_wconf 89' lang='lat' dir='ltr'><strong>ac</strong></span> <span class='ocrx_word' id='word_1_260' title='bbox 1534 4358 1641 4444; x_wconf 89' lang='lat' dir='ltr'><strong>Voct</strong></span> <span class='ocrx_word' id='word_1_261' title='bbox 1673 4354 1731 4442; x_wconf 86' lang='lat' dir='ltr'><strong>ud</strong></span> 
     </span>
     <span class='ocr_line' id='line_1_35' title="bbox 245 4468 1732 4570; baseline 0.005 -11"><span class='ocrx_word' id='word_1_262' title='bbox 245 4468 390 4559; x_wconf 84' lang='lat' dir='ltr'><strong>Pood.</strong></span> <span class='ocrx_word' id='word_1_263' title='bbox 431 4471 506 4561; x_wconf 73' lang='lat' dir='ltr'><strong>tit.</strong></span> <span class='ocrx_word' id='word_1_264' title='bbox 544 4477 571 4564; x_wconf 88' lang='grc'><strong>7</strong></span> <span class='ocrx_word' id='word_1_265' title='bbox 604 4479 676 4564; x_wconf 84' lang='lat' dir='ltr'><strong>tit.</strong></span> <span class='ocrx_word' id='word_1_266' title='bbox 712 4480 741 4564; x_wconf 73' lang='lat' dir='ltr'><strong>lt</strong></span> <span class='ocrx_word' id='word_1_267' title='bbox 774 4510 887 4564; x_wconf 74' lang='lat' dir='ltr'><strong>uuna.</strong></span> <span class='ocrx_word' id='word_1_268' title='bbox 923 4481 968 4568; x_wconf 90' lang='lat'><strong>8.</strong></span> <span class='ocrx_word' id='word_1_269' title='bbox 1014 4480 1290 4568; x_wconf 75' lang='lat' dir='ltr'><strong>»Ecclesiam</strong></span> <span class='ocrx_word' id='word_1_270' title='bbox 1310 4497 1459 4570; x_wconf 90' lang='lat' dir='ltr'><strong>autem</strong></span> <span class='ocrx_word' id='word_1_271' title='bbox 1483 4495 1732 4567; x_wconf 89' lang='lat' dir='ltr'><strong>sanctorum</strong></span> 
     </span>
     <span class='ocr_line' id='line_1_36' title="bbox 247 4595 1730 4721; baseline 0.005 -42"><span class='ocrx_word' id='word_1_272' title='bbox 247 4595 487 4712; x_wconf 83' lang='lat' dir='ltr'><strong>Martyrum</strong></span> <span class='ocrx_word' id='word_1_273' title='bbox 523 4627 748 4717; x_wconf 87' lang='lat' dir='ltr'><strong>nunquam</strong></span> <span class='ocrx_word' id='word_1_274' title='bbox 783 4631 836 4690; x_wconf 83' lang='lat' dir='ltr'><strong>ex</strong></span> <span class='ocrx_word' id='word_1_275' title='bbox 871 4603 1040 4721; x_wconf 81' lang='lat' dir='ltr'><strong>integro</strong></span> <span class='ocrx_word' id='word_1_276' title='bbox 1090 4602 1301 4692; x_wconf 88' lang='lat' dir='ltr'><strong>deiectam</strong></span> <span class='ocrx_word' id='word_1_277' title='bbox 1355 4601 1554 4702; x_wconf 87' lang='lat' dir='ltr'><strong>affirmat,</strong></span> <span class='ocrx_word' id='word_1_278' title='bbox 1601 4616 1730 4721; x_wconf 93' lang='lat' dir='ltr'><strong>prout</strong></span> 
     </span>
     <span class='ocr_line' id='line_1_37' title="bbox 244 4718 1732 4846; baseline 0.007 -44"><span class='ocrx_word' id='word_1_279' title='bbox 244 4718 534 4808; x_wconf 90' lang='lat' dir='ltr'><strong>Bononiensis</strong></span> <span class='ocrx_word' id='word_1_280' title='bbox 567 4723 696 4812; x_wconf 86' lang='lat' dir='ltr'><strong>Curia</strong></span> <span class='ocrx_word' id='word_1_281' title='bbox 749 4739 972 4814; x_wconf 79' lang='lat' dir='ltr'><strong>testatum·</strong></span> <span class='ocrx_word' id='word_1_282' title='bbox 999 4756 1047 4813; x_wconf 91' lang='lat' dir='ltr'><strong>ac</strong></span> <span class='ocrx_word' id='word_1_283' title='bbox 1091 4725 1275 4842; x_wconf 93' lang='lat' dir='ltr'><strong>proinde</strong></span> <span class='ocrx_word' id='word_1_284' title='bbox 1312 4742 1481 4846; x_wconf 89' lang='lat' dir='ltr'><strong>partem</strong></span> <span class='ocrx_word' id='word_1_285' title='bbox 1517 4724 1732 4814; x_wconf 86' lang='lat' dir='ltr'><strong>Ecclesiae</strong></span> 
     </span>
     <span class='ocr_line' id='line_1_38' title="bbox 246 4841 1666 4961; baseline 0.006 -36"><span class='ocrx_word' id='word_1_286' title='bbox 246 4867 359 4956; x_wconf 91' lang='lat' dir='ltr'><strong>quac</strong></span> <span class='ocrx_word' id='word_1_287' title='bbox 392 4841 559 4961; x_wconf 75' lang='lat' dir='ltr'><strong>integra</strong></span> <span class='ocrx_word' id='word_1_288' title='bbox 594 4845 750 4949; x_wconf 85' lang='lat' dir='ltr'><strong>extitit,</strong></span> <span class='ocrx_word' id='word_1_289' title='bbox 790 4848 919 4935; x_wconf 91' lang='lat' dir='ltr'><strong>totius</strong></span> <span class='ocrx_word' id='word_1_290' title='bbox 951 4847 1031 4935; x_wconf 92' lang='lat' dir='ltr'><strong>soli</strong></span> <span class='ocrx_word' id='word_1_291' title='bbox 1066 4849 1382 4938; x_wconf 78' lang='lat' dir='ltr'><strong>usumfructum</strong></span> <span class='ocrx_word' id='word_1_292' title='bbox 1420 4849 1666 4936; x_wconf 87' lang='lat' dir='ltr'><strong>retinuisse.</strong></span> 
     </span>
    </p>

    <p class='ocr_par' dir='ltr' id='par_1_5' title="bbox 369 4963 1726 5076">
     <span class='ocr_line' id='line_1_39' title="bbox 369 4963 1726 5076; baseline 0.003 -24"><span class='ocrx_word' id='word_1_293' title='bbox 369 4963 485 5076; x_wconf 89' lang='lat' dir='ltr'><strong>Quin</strong></span> <span class='ocrx_word' id='word_1_294' title='bbox 519 4966 650 5058; x_wconf 83' lang='lat' dir='ltr'><strong>etiarn</strong></span> <span class='ocrx_word' id='word_1_295' title='bbox 687 4969 770 5056; x_wconf 92' lang='lat' dir='ltr'><strong>alia</strong></span> <span class='ocrx_word' id='word_1_296' title='bbox 803 4969 860 5058; x_wconf 94' lang='lat' dir='ltr'><strong>de</strong></span> <span class='ocrx_word' id='word_1_297' title='bbox 892 5001 1017 5060; x_wconf 88' lang='lat' dir='ltr'><strong>causa</strong></span> <span class='ocrx_word' id='word_1_298' title='bbox 1052 4971 1181 5062; x_wconf 88' lang='lat' dir='ltr'><strong>aedes</strong></span> <span class='ocrx_word' id='word_1_299' title='bbox 1232 4972 1451 5060; x_wconf 87' lang='lat' dir='ltr'><strong>restitutas</strong></span> <span class='ocrx_word' id='word_1_300' title='bbox 1485 5003 1510 5059; x_wconf 92' lang='lat' dir='ltr'><strong>a</strong></span> <span class='ocrx_word' id='word_1_301' title='bbox 1542 4971 1726 5059; x_wconf 88' lang='lat' dir='ltr'><strong>servitu·</strong></span> 
     </span>
    </p>
   </div>
   <div class='ocr_carea' id='block_1_2' title="bbox 242 5081 1732 5712">
    <p class='ocr_par' dir='ltr' id='par_1_6' title="bbox 242 5081 1732 5712">
     <span class='ocr_line' id='line_1_40' title="bbox 244 5081 1732 5210; baseline 0.007 -41"><span class='ocrx_word' id='word_1_302' title='bbox 244 5081 299 5170; x_wconf 87' lang='lat' dir='ltr'><strong>tis</strong></span> <span class='ocrx_word' id='word_1_303' title='bbox 332 5115 466 5176; x_wconf 90' lang='lat' dir='ltr'><strong>onere</strong></span> <span class='ocrx_word' id='word_1_304' title='bbox 498 5089 619 5178; x_wconf 93' lang='lat' dir='ltr'><strong>nullo</strong></span> <span class='ocrx_word' id='word_1_305' title='bbox 654 5090 787 5180; x_wconf 91' lang='lat' dir='ltr'><strong>modo</strong></span> <span class='ocrx_word' id='word_1_306' title='bbox 820 5093 1041 5182; x_wconf 87' lang='lat' dir='ltr'><strong>immunes</strong></span> <span class='ocrx_word' id='word_1_307' title='bbox 1075 5092 1168 5181; x_wconf 88' lang='lat' dir='ltr'><strong>lieri</strong></span> <span class='ocrx_word' id='word_1_308' title='bbox 1193 5089 1395 5197; x_wconf 90' lang='lat' dir='ltr'><strong>affirmat,</strong></span> <span class='ocrx_word' id='word_1_309' title='bbox 1432 5125 1486 5184; x_wconf 87' lang='lat' dir='ltr'><strong>ex</strong></span> <span class='ocrx_word' id='word_1_310' title='bbox 1515 5093 1611 5182; x_wconf 88' lang='lat' dir='ltr'><strong>iure</strong></span> <span class='ocrx_word' id='word_1_311' title='bbox 1635 5092 1732 5210; x_wconf 91' lang='lat' dir='ltr'><strong>ipso</strong></span> 
     </span>
     <span class='ocr_line' id='line_1_41' title="bbox 247 5205 1731 5336; baseline 0.007 -42"><span class='ocrx_word' id='word_1_312' title='bbox 247 5205 363 5296; x_wconf 85' lang='lat' dir='ltr'><strong>civili</strong></span> <span class='ocrx_word' id='word_1_313' title='bbox 407 5210 474 5298; x_wconf 91' lang='lat' dir='ltr'><strong>cui</strong></span> <span class='ocrx_word' id='word_1_314' title='bbox 511 5213 671 5303; x_wconf 89' lang='lat' dir='ltr'><strong>nobilis</strong></span> <span class='ocrx_word' id='word_1_315' title='bbox 718 5214 876 5303; x_wconf 91' lang='lat' dir='ltr'><strong>mulier</strong></span> <span class='ocrx_word' id='word_1_316' title='bbox 918 5215 1135 5304; x_wconf 90' lang='lat' dir='ltr'><strong>innititur.</strong></span> <span class='ocrx_word' id='word_1_317' title='bbox 1182 5215 1270 5304; x_wconf 90' lang='lat' dir='ltr'><strong>Ubi</strong></span> <span class='ocrx_word' id='word_1_318' title='bbox 1308 5217 1427 5307; x_wconf 91' lang='lat' dir='ltr'><strong>enim</strong></span> <span class='ocrx_word' id='word_1_319' title='bbox 1474 5246 1553 5336; x_wconf 93' lang='lat' dir='ltr'><strong>per</strong></span> <span class='ocrx_word' id='word_1_320' title='bbox 1586 5231 1731 5333; x_wconf 84' lang='lat' dir='ltr'><strong>partes</strong></span> 
     </span>
     <span class='ocr_line' id='line_1_42' title="bbox 246 5333 1729 5452; baseline 0.008 -38"><span class='ocrx_word' id='word_1_321' title='bbox 246 5346 382 5448; x_wconf 90' lang='lat' dir='ltr'><strong>atque</strong></span> <span class='ocrx_word' id='word_1_322' title='bbox 415 5333 656 5452; x_wconf 87' lang='lat' dir='ltr'><strong>intercepta</strong></span> <span class='ocrx_word' id='word_1_323' title='bbox 688 5339 1009 5428; x_wconf 88' lang='lat' dir='ltr'><strong>constructione</strong></span> <span class='ocrx_word' id='word_1_324' title='bbox 1030 5336 1277 5428; x_wconf 86' lang='lat' dir='ltr'><strong>aedificatio</strong></span> <span class='ocrx_word' id='word_1_325' title='bbox 1309 5337 1419 5430; x_wconf 87' lang='lat' dir='ltr'><strong>lacta</strong></span> <span class='ocrx_word' id='word_1_326' title='bbox 1451 5341 1521 5444; x_wconf 89' lang='lat' dir='ltr'><strong>sit,</strong></span> <span class='ocrx_word' id='word_1_327' title='bbox 1558 5353 1729 5428; x_wconf 88' lang='lat' dir='ltr'><strong>utcum-</strong></span> 
     </span>
     <span class='ocr_line' id='line_1_43' title="bbox 242 5453 1724 5581; baseline 0.008 -43"><span class='ocrx_word' id='word_1_328' title='bbox 242 5479 330 5567; x_wconf 90' lang='lat' dir='ltr'><strong>que</strong></span> <span class='ocrx_word' id='word_1_329' title='bbox 362 5453 547 5546; x_wconf 88' lang='lat' dir='ltr'><strong>demum</strong></span> <span class='ocrx_word' id='word_1_330' title='bbox 582 5461 731 5548; x_wconf 92' lang='lat' dir='ltr'><strong>omnia</strong></span> <span class='ocrx_word' id='word_1_331' title='bbox 766 5491 879 5550; x_wconf 91' lang='lat' dir='ltr'><strong>nova</strong></span> <span class='ocrx_word' id='word_1_332' title='bbox 912 5459 1013 5563; x_wconf 89' lang='lat' dir='ltr'><strong>sint,</strong></span> <span class='ocrx_word' id='word_1_333' title='bbox 1051 5461 1322 5552; x_wconf 79' lang='lat' dir='ltr'><strong>ususfructus</strong></span> <span class='ocrx_word' id='word_1_334' title='bbox 1358 5479 1445 5552; x_wconf 92' lang='lat' dir='ltr'><strong>non</strong></span> <span class='ocrx_word' id='word_1_335' title='bbox 1475 5463 1724 5581; x_wconf 88' lang='lat' dir='ltr'><strong>perimitur,</strong></span> 
     </span>
     <span class='ocr_line' id='line_1_44' title="bbox 245 5581 1722 5712; baseline 0.009 -50"><span class='ocrx_word' id='word_1_336' title='bbox 245 5595 378 5690; x_wconf 87' lang='lat' dir='ltr'><strong>prout</strong></span> <span class='ocrx_word' id='word_1_337' title='bbox 410 5581 774 5674; x_wconf 88' lang='lat' dir='ltr'><strong>animadvertunt</strong></span> <span class='ocrx_word' id='word_1_338' title='bbox 810 5584 986 5702; x_wconf 75' lang='lat' dir='ltr'><strong>Ulpiae.</strong></span> <span class='ocrx_word' id='word_1_339' title='bbox 1011 5583 1135 5704; x_wconf 80' lang='lat' dir='ltr'><strong>infr.</strong></span> <span class='ocrx_word' id='word_1_340' title='bbox 1163 5587 1226 5674; x_wconf 79' lang='lat' dir='ltr'><strong>ll)</strong></span> <span class='ocrx_word' id='word_1_341' title='bbox 1256 5584 1301 5708; x_wconf 92' lang='grc'><strong>3.</strong></span> <span class='ocrx_word' id='word_1_342' title='bbox 1338 5585 1358 5672; x_wconf 88' lang='lat' dir='ltr'><strong>l</strong></span> <span class='ocrx_word' id='word_1_343' title='bbox 1387 5583 1438 5707; x_wconf 76' lang='lat' dir='ltr'><strong>ff.</strong></span> <span class='ocrx_word' id='word_1_344' title='bbox 1466 5586 1581 5705; x_wconf 85' lang='lat' dir='ltr'><strong>quib.</strong></span> <span class='ocrx_word' id='word_1_345' title='bbox 1606 5585 1722 5712; x_wconf 73' lang='lat' dir='ltr'><strong>mod.</strong></span> 
     </span>
    </p>
   </div>
   <div class='ocr_carea' id='block_1_3' title="bbox 0 0 2238 6324">
    <p class='ocr_par' dir='ltr' id='par_1_7' title="bbox 0 0 2238 6324">
     <span class='ocr_line' id='line_1_45' title="bbox 0 0 2238 6324; baseline 0 0"><span class='ocrx_word' id='word_1_346' title='bbox 0 0 2238 6324; x_wconf 95' lang='lat' dir='ltr'><strong> </strong></span> 
     </span>
    </p>
   </div>
  </div>
 </body>
</html>
