4516 6318
727 310 807 400 Die
840 315 899 402 l3
935 305 1086 404 Martii
1120 306 1256 406 t879.
1361 324 1369 359 ¹
1636 316 1726 408 179

243 434 630 528 determinandum
665 451 792 525 esset.
830 439 899 524 Αιι
943 439 1145 554 proinde,
1198 453 1241 526 et
1288 438 1528 557 inquibus
1567 439 1737 532 casibus

243 559 301 649 de
334 560 445 648 lacto
479 574 726 646 occurreret
757 560 1088 648 matrimonium
1131 561 1449 652 clandestinum
1498 563 1573 651 uni
1618 589 1737 652 com-

240 699 420 801 pertum
455 699 568 770 esset
600 685 726 806 Deo,
764 682 839 803 qni
874 685 996 770 novit
1029 685 1256 773 hominum
1289 686 1438 774 eorda.
1474 687 1519 777 Si
1560 689 1737 808 quando

242 805 378 924 igitur
412 803 740 892 matrimonium
765 800 1084 895 clandestinum
1111 824 1374 923 patraretur,
1401 808 1446 897 id
1471 810 1582 898 loret
1605 811 1738 928 plane

241 928 480 1032 occultum,
524 942 676 1045 utpote
723 928 767 1015 in
802 929 1034 1017 reconditis
1067 931 1284 1020 humanae
1317 931 1573 1020 intentionis
1592 965 1641 1022 ac
1667 965 1739 1022 vo·

239 1049 420 1139 luntatis
466 1049 767 1167 penetralibus
811 1052 1062 1156 consistens,
1113 1083 1258 1172 neque
1312 1054 1354 1141 in
1404 1053 1499 1144 loro
1549 1071 1737 1146 externo

238 1171 421 1291 probari
455 1187 599 1290 posset
632 1173 712 1262 nisi
747 1202 826 1290 per
859 1177 1084 1292 agentium
1119 1175 1420 1281 assertionem3
1469 1178 1537 1266 cui
1588 1195 1735 1268 tamen

239 1297 300 1384 oh
354 1295 548 1386 indolem
602 1313 722 1386 actus
776 1295 832 1383 de
881 1327 1044 1416 genere
1099 1299 1426 1416 prohibitorum
1484 1301 1732 1392 nuliatenus

238 1417 446 1508 standum
470 1432 598 1521 esset,
626 1419 681 1508 ad
698 1450 748 1507 ea
770 1449 883 1537 quae
907 1422 1041 1510 tradit
1057 1425 1169 1511 Rota
1188 1421 1315 1510 decis.
1341 1423 1402 1510 28
1420 1455 1462 1510 n.
1480 1423 1539 1512 l3
1551 1442 1672 1538 part.
1699 1426 1728 1514 [ι

242 1557 339 1630 tom.
377 1543 523 1631 2rco.

361 1665 488 1756 Adeo
522 1664 610 1752 imo
642 1663 756 1752 foret
789 1667 1023 1770 occultum,
1064 1685 1110 1758 ut
1142 1699 1296 1756 omnes
1348 1668 1451 1755 iuris
1500 1699 1732 1784 praesum·

236 1786 414 1906 ptiones
445 1788 489 1874 iu
511 1786 620 1875 illud
652 1787 970 1910 conspirarent.
992 1794 1125 1881 Actus
1147 1791 1270 1879 enim
1303 1789 1492 1910 quilibet
1526 1791 1723 1882 iudican-

238 1909 320 2000 dus
352 1927 417 1999 est
459 1909 600 2032 qualis
634 1929 841 2030 apparet,
878 1944 965 2002 nou
1013 1915 1154 2036 qualis
1203 1913 1298 2001 lieri
1349 1914 1526 2002 fortasse
1566 1915 1724 2020 voluit3

234 2033 381 2120 Piton.
418 2031 592 2150 discrpt.
629 2035 768 2122 eccles.
807 2035 857 2122 ll
898 2067 1012 2126 raum.
1050 2039 1125 2124 l9.
1164 2041 1395 2126 Praeterea
1429 2037 1728 2158 unusquisque

237 2185 415 2272 semper
448 2157 741 2273 praesumitur
784 2189 915 2278 agere
961 2190 1008 2248 se
1051 2159 1367 2248 conformando
1408 2159 1721 2248 consuetudini

235 2281 402 2394 patriae
435 2297 479 2368 et
512 2280 875 2399 lociuhiagitur3
912 2284 1036 2371 Curt.
1076 2285 1165 2370 iun.
1208 2314 1318 2369 cous.
1357 2284 1437 2372 171
1480 2283 1650 2370 aurula
1686 2299 1724 2371 ct
1847 2399 1853 2404 -
1907 2305 1910 2314 ‘

235 2431 339 2520 seq„
375 2401 485 2512 Rutu
518 2403 643 2492 decis.
680 2407 761 2492 311
803 2437 917 2492 utura.
944 2405 1177 2522 aptarat
1223 2421 1320 2494 tora.
1375 2407 1392 2491 l
1452 2437 1532 2494 rcc.
1585 2407 1722 2494 Porro

234 2553 290 2612 ex
323 2525 540 2615 Ecclesiae
562 2557 693 2616 seusu
725 2547 769 2616 et
800 2531 1022 2616 communi
1058 2528 1289 2618 homiuum
1323 2529 1533 2644 opinione
1563 2545 1610 2620 ,et
1646 2527 1731 2616 usu

236 2663 355 2736 actus
389 2649 531 2738 civilis
565 2682 652 2738 non
687 2651 923 2770 peragitur,
962 2651 1043 2740 nisi
1082 2669 1128 2740 ut
1153 2681 1275 2740 mera
1308 2651 1583 2740 caeremonia
1607 2651 1727 2738 omni

234 2771 525 2861 ecclesiastico
558 2773 807 2863 charactere
840 2791 884 2864 et
917 2773 1072 2863 ellectu
1120 2803 1287 2863 carens.
1340 2775 1537 2861 Tandem
1591 2773 1730 2891 posita

233 2892 500 2983 illicitudinc
532 2896 804 2984 matrimonii
837 2897 1114 3003 clandestini,
1151 2897 1292 2985 omnis
1335 2893 1613 2986 admittenda
1663 2911 1729 2982 est

232 3015 558 3134 interpretatio,
598 3037 645 3106 ut
679 3017 930 3108 huiusmodi
962 3021 1129 3110 crimen
1161 3017 1434 3120 excludatur,
1472 3019 1575 3137 quia
1612 3034 1732 3106 actus

233 3167 411 3255 semper
465 3143 686 3258 praesumi
736 3143 874 3232 debet
918 3175 994 3232 eoe
1023 3143 1157 3232 modo
1204 3158 1364 3262 gestae,
1417 3173 1506 3259 quo
1556 3141 1720 3230 nedum

233 3261 397 3366 valide,
432 3263 510 3352 sed
544 3265 676 3352 ctiam
713 3264 827 3354 licite
860 3263 955 3354 lieri
990 3283 1147 3386 potest,
1186 3267 1234 3352 h.
1260 3265 1416 3381 quotics
1448 3261 1510 3385 ¹ffl
1549 3263 1600 3350 dc
1632 3264 1722 3352 ret.

234 3381 355 3483 dulu,
390 3385 440 3472 L.
477 3398 625 3476 merito
646 3387 697 3510 ff.
722 3418 803 3502 pro
826 3421 932 3488 soc„
957 3389 1087 3478 Corn.
1114 3420 1224 3477 cous.
1249 3390 1341 3477 237
1374 3420 1487 3474 stum.
1514 3389 1542 3476 3
1568 3385 1645 3474 lib.
1673 3387 1719 3474 l.

234 3507 475 3596 Iliminald.
512 3543 624 3598 cona.
660 3513 721 3599 42
753 3543 866 3598 uum.
906 3511 982 3600 12.

356 3633 421 3720 Ex
454 3634 736 3726 matrimonio
768 3649 915 3724 autem
940 3634 1213 3724 clandestino
1236 3635 1403 3722 occulto
1429 3633 1727 3748 impedimen·

231 3767 324 3842 tum
359 3755 552 3846 iustitiae
587 3759 788 3874 publicae
821 3758 1059 3846 honestatis
1083 3758 1266 3846 minime
1290 3756 1527 3876 procedere
1557 3772 1723 3872 posset.

231 3878 342 3964 'l'ota
374 3879 496 3967 enim
532 3881 714 3970 huiusce
747 3880 1058 3997 impedimenti
1091 3880 1261 3969 indoles
1293 3889 1337 3968 et
1369 3881 1480 3968 ratio
1525 3879 1728 3966 consistit

233 3997 277 4084 in
313 4017 494 4091 externa
527 4004 726 4093 decentia
762 4004 839 4122 (ab
872 4004 1080 4121 opinione
1114 4004 1252 4121 magis
1300 4033 1434 4120 quam
1468 4036 1493 4092 a
1543 4001 1729 4089 veritate

230 4121 518 4246 procedente)
553 4129 612 4217 oh
646 4157 779 4247 quam
813 4128 933 4216 haud
976 4127 1211 4215 convenire
1260 4141 1477 4230 censetur,
1532 4141 1578 4212 ut
1627 4125 1725 4240 quis

231 4245 571 4338 matrimonium
619 4281 719 4339 cum
767 4249 1087 4369 consanguinea
1138 4249 1230 4336 eius
1281 4249 1537 4349 contrahat,
1591 4247 1717 4334 cuius
1787 4308 1788 4312 κ

230 4368 580 4460 maritus'luisse
612 4373 793 4478 dicitur,
830 4405 880 4462 ao
914 4389 1161 4490 reputatur.
1199 4371 1329 4485 Quod
1364 4369 1596 4460 evidenter
1639 4385 1727 4454 tra-

232 4488 298 4576 dit
330 4493 584 4585 Alexander
616 4499 673 4584 lll
707 4497 751 4586 in
786 4497 894 4613 cap.
932 4499 960 4583 3
994 4495 1045 4584 de
1076 4495 1262 4610 sponsal.
1316 4510 1354 4581 ct
1401 4493 1587 4580 enutrias.
1642 4490 1723 4577 uhi

230 4611 600 4730 impedimentum
622 4621 814 4710 iustitiae
836 4619 1039 4740 publicae
1072 4616 1313 4708 honestatis
1348 4615 1556 4704 definitur
1579 4629 1726 4701 ortum

229 4733 365 4825 luisse
390 4773 451 4829 ex
485 4743 771 4832 matrimonio
804 4743 918 4830 inter
953 4743 1159 4831 iuvenem
1194 4771 1245 4830 ac
1277 4739 1469 4859 puellam
1491 4736 1725 4854 septennio

230 4857 448 4951 minorem
483 4908 515 4941 =
543 4885 722 4986 propter
770 4867 1017 4955 honestatem
1034 4863 1260 4964 Ecclesiae,
1297 4865 1398 4980 quio
1430 4863 1524 4977 ipsu
1569 4859 1724 4946 coniux

229 4979 364 5095 ipsius
395 4987 527 5107 fuisse
560 4990 722 5078 dicitur
751 5032 784 5066 =
814 4989 924 5078 Hinc
958 4993 1014 5077 D.
1051 4989 1245 5077 Thomas
1300 4988 1344 5074 iu
1394 4985 1613 5102 supplem.
1665 4981 1724 5070 ad
1836 5093 1839 5102 ι

226 5103 400 5196 tertiam
434 5129 605 5230 partem
649 5147 691 5232 q.
733 5114 794 5200 55
838 5129 923 5200 art.
964 5115 1199 5201 ltcausam
1233 5109 1363 5198 huius
1405 5103 1716 5224 impedimenti

226 5224 270 5312 in
305 5259 359 5316 eo
381 5258 486 5322 ‘esse
519 5236 647 5326 docet
677 5281 709 5314 =
740 5237 841 5356 quia
873 5235 1164 5342 scilicct'tulis
1200 5227 1504 5350 propinquitas
1552 5227 1603 5315 ah
1637 5227 1718 5314 Ec·

226 5348 356 5440 alesia
411 5358 604 5448 instituta
656 5377 715 5449 cst
761 5377 942 5478 propter
985 5357 1232 5446 honestatem
1264 5401 1295 5434 =
1326 5359 1378 5444 Et
1426 5352 1618 5446 Sanohez
1666 5349 1717 5440 de

225 5479 412 5568 matrim.
451 5481 526 5570 tit.
564 5487 592 5572 7
632 5481 746 5601 disp.
782 5485 842 5572 77
874 5515 989 5572 num.
1026 5483 1087 5571 ld
1121 5479 1316 5571 tradit:
1347 5473 1602 5568 Huiusmodi
1636 5477 1713 5564 im·
