4530 6336
587 373 680 466 288
1084 367 1167 454 Die
1199 363 1250 456 21
1274 365 1410 454 Ι100011
1444 363 1582 454 1819.
2034 471 2037 479 Δ

585 501 772 590 lennem
809 523 924 580 novo
955 489 1124 580 00000011
1160 489 1292 580 modo
1325 487 1692 590 cathedralium,
1733 483 1892 575 lactum
1927 503 1993 576 est
2027 507 2075 577 ut

588 619 706 744 quod
732 634 858 704 antea
891 645 944 703 ex
968 611 1105 702 lando
1130 611 1461 732 praepositurae
1491 610 1820 712 desumebatur,
1858 609 1902 696 in
1938 627 2079 728 poste·

590 777 687 834 rum
713 772 767 828 ea
790 738 956 827 aerario
979 737 1188 826 Fabrieae
1209 752 1469 840 sumeretur,
1496 734 1678 823 Fabrica
1701 731 1819 824 enim
1838 731 2074 824 videbatur

589 868 800 986 antiquae
849 859 1186 977 praepositurae
1230 859 1512 976 respondero.
1560 859 1838 976 Proindeque
1888 855 1946 944 ab
1989 889 2078 946 an-

588 985 792 1082 001811
837 981 1060 1101 usquead
1106 1001 1382 1100 praesentem
1433 981 1554 1070 diem
1606 999 1692 1070 tam
1741 979 1962 1100 stipendia
1996 984 2078 1072 Ca·

589 1112 865 1237 pellonorum
886 1103 1363 1206 hebdomadariorum,
1391 1137 1524 1224 quam
1550 1105 1827 1224 eleemosyna
1850 1135 1928 1222 pro
1953 1106 2079 1196 hlissa

589 1229 895 1336 Conventuali,
932 1247 975 1318 et
1011 1231 1113 1346 ipsis
1152 1245 1194 1316 et
1231 1228 1554 1348 Capitularibus
1600 1227 1802 1331 tributa,
1844 1229 2078 1347 desumpta

590 1375 656 1448 est
690 1388 743 1446 ex
777 1354 943 1443 aerario
977 1351 1202 1442 Fabrieae.

716 1481 804 1568 Nee
839 1475 1077 1566 doluerunt
1121 1474 1407 1564 fundamenta
1441 1505 1520 1593 pro
1555 1473 1986 1563 hacconsuetudine
2020 1475 2081 1564 in·

592 1599 880 1694 traducenda.
934 1601 1045 1688 lnito
1095 1629 1210 1689 anno
1239 1597 1372 1688 ·1851
1435 1599 1546 1686 10100
1593 1599 1842 1686 Romanum
1889 1597 2079 1686 Pantili-

590 1757 686 1818 cem
719 1741 764 1812 et
797 1723 976 1841 Regiam
1011 1721 1278 1816 Catholicam
1313 1721 1582 1810 Maiestatem
1606 1720 1882 1812 Concordato
1903 1752 2075 1841 prore-

592 1847 756 1970 gimine
787 1845 1045 1963 Hispanicae
1079 1845 1310 1948 Ecclesiae,
1348 1877 1448 1934 oum
1484 1863 1764 1964 praesumpta
1802 1845 2076 1962 computatio

590 1971 732 2064 cultas
766 1965 1085 2074 efformaretur,
1125 1971 1287 2058 inclusa
1310 1986 1411 2057 sunt
1444 1967 1488 2056 in
1524 2000 1575 2057 ea
1608 1966 1826 2060 eiusmodi
1858 1967 2075 2083 stipendia

591 2111 634 2184 et
668 2093 973 2209 eleemosynae
1007 2093 1235 2182 hlissaram
1272 2115 1564 2181 consentanee
1598 2092 1653 2182 ad
1687 2109 1767 2180 art.
1811 2093 1862 2180 21
1905 2091 2078 2210 Regalis

589 2215 765 2306 Decreti
799 2214 887 2303 diei
921 2215 971 2304 21
1029 2215 1290 2304 Novembris
1339 2216 1474 2320 1851,
1515 2216 1588 2305 uhi
1623 2215 1890 2336 praecipitur
1923 2214 2076 2334 quod:

596 2381 613 2419 ι
653 2338 723 2428 nd
757 2338 1001 2428 laciendam
1046 2339 1254 2428 Ea'bricae
1301 2354 1629 2456 praesumptam
1677 2338 2070 2454 computationem,

598 2503 615 2543 ι
654 2459 900 2550 videantur·
923 2463 1065 2580 primo
1099 2478 1337 2582 proventus
1369 2461 1683 2581 quoquomodo
1717 2494 1740 2550 a
1774 2459 2079 2548 1101001010οη-

597 2627 613 2664 e
653 2599 721 2674 tea
755 2585 986 2702 percepti,
1023 2602 1066 2673 et
1098 2585 1291 2674 secundo
1324 2585 1664 2676 eonsuetudines
1698 2601 1741 2672 et
1763 2583 1970 2700 splendor
1993 2615 2078 2702 quo

596 2749 612 2787 ι
652 2735 752 2796 cum
798 2707 937 2796 cultus
987 2708 1133 2826 primo
1176 2709 1457 2796 tribuebatur
1496 2749 1535 2796 ι.
1584 2708 1713 2820 Quod
1761 2707 1968 2822 deinceps
2000 2737 2079 2795 an-

591 2863 650 2919 00
685 2831 823 2934 1852,
860 2831 1036 2919 decreto
1072 2831 1296 2951 utriusque
1331 2831 1554 2949 potestatis
1598 2861 1809 2919 consensu
1854 2830 1972 2917 edito
2007 2829 2078 2919 die

454 2975 456 2982 '
594 2954 655 3042 16
688 2955 786 3042 hlaii
822 2953 1823 3056 11000100001011,1000110010001013000011000
1858 2969 1943 3042 est:
1976 2995 1991 3031 ι
2022 2954 2079 3041 Ut

598 3119 613 3156 ι
654 3077 870 3193 stipendia
903 3108 1282 3197 quorumcumque
1317 3078 1618 3166 Ministrorum
1651 3095 1695 3165 et
1728 3075 2007 3166 subditorum
2035 3076 2078 3164 in

597 3235 613 3278 r
654 3199 853 3290 Ecclesiis
885 3199 1221 3290 Catbedralibus
1255 3201 1454 3320 Capitale
1487 3201 1791 3306 servientium,
1829 3201 2081 3288 01100000-

597 3363 613 3400 ·
654 3323 882 3440 putatione
916 3325 1131 3443 personali
1168 3355 1253 3412 non
1288 3325 1620 3440 comprehensa,
1660 3325 1702 3412 in
1728 3321 1977 3414 redditibus
2001 3354 2076 3410 an·

596 3483 613 3524 0
654 3446 857 3534 nualibus
889 3447 1096 3536 Faboieae
1129 3445 1493 3537 concluderentur
1532 3491 1570 3536 ι.
1610 3451 1659 3536 Et
1703 3449 1800 3538 licet
1826 3447 1868 3534 in
1900 3447 2077 3566 praedi·

590 3583 658 3658 cto
691 3567 962 3659 Concordato
997 3573 1097 3658 anni
1133 3571 1244 3660 1851
1291 3570 1539 3658 arrianorum
1573 3603 1692 3672 cura,
1732 3587 1884 3690 utpote
1918 3573 2078 3658 articus·

589 3691 630 3780 10
666 3692 724 3780 15
759 3693 875 3780 illius
909 3693 1126 3810 opposita,
1165 3725 1189 3782 a
1222 3693 1426 3810 Capitale
1475 3696 1651 3782 sublata
1697 3693 1845 3797 luerit,
1884 3711 2075 3781 attamen

592 3815 805 3932 obligatio
839 3817 1023 3906 canendi
1069 3817 1237 3906 Missam
1287 3819 1635 3907 Conventualem
1668 3833 1710 3905 et
1749 3817 2077 3907 hebdomadam

592 3936 781 4028 laciendi
815 3969 991 4054 semper
1024 3939 1065 4026 in
1100 3939 1459 4029 hebdomadariis
1483 3941 1685 4060 perstitit,
1723 3942 1833 4031 sicut
1866 3955 1911 4030 et
1932 3941 1976 4028 in
2002 3945 2080 4029 Ea·

567 4061 713 4150 brica
746 4081 952 4150 consueta
985 4061 1205 4180 stipendia
1239 4081 1278 4151 et
1313 4064 1613 4183 eleemosynas
1637 4065 1877 4170 tribuendi,
1903 4065 2079 4182 quippe

592 4183 634 4269 in
670 4183 819 4302 1100011
854 4187 1104 4304 Rogationis
1152 4187 1360 4288 schedula
1407 4188 1509 4276 data
1555 4187 1776 4306 Episcopis
1810 4187 1883 4276 die
1907 4191 1956 4276 3l
2003 4191 2082 4274 lu-

590 4305 636 4393 111
673 4309 794 4396 1852
827 4339 877 4396 ea
911 4309 1181 4426 abrogentur
1213 4342 1327 4428 quae
1362 4310 1551 4400 Paetinai
1586 4311 1688 4398 arani
1724 4313 1835 4400 1851
1880 4329 1955 4398 ant
1980 4311 2081 4428 Epi-

589 4433 751 4548 seopali
786 4433 1034 4520 armtonitati
1066 4453 1107 4522 et
1142 4435 1426 4522 iurisdictioni
1476 4434 1709 4523 videantur
1742 4434 1990 4538 contraria3
2030 4467 2081 4522 ea

478 4659 483 4670 ι
592 4571 738 4644 autem
780 4557 944 4644 servari
994 4557 1325 4675 praecipiuntur
1366 4587 1480 4678 quae
1523 4559 1720 4671 legitima
1759 4558 2080 4647 corisuotudine

589 4677 647 4764 ab
681 4677 1023 4768 immemorabili
1060 4682 1100 4768 in
1142 4681 1338 4770 Ecclesiis
1370 4681 1526 4772 herent
1558 4681 1834 4772 Concordato
1859 4713 1944 4770 non
1970 4711 2073 4770 con·

591 4801 737 4906 traria3
775 4804 894 4921 quod
929 4803 1128 4924 quidem,
1163 4805 1286 4893 aiunt
1307 4804 1593 4921 Capitulares,
1638 4821 1810 4895 nostrae
1842 4819 2078 4896 eonsuetu-

589 4925 682 5014 dini
715 4943 758 5014 et
783 4926 1012 5042 privilegio
1046 4928 1248 5047 apprime
1281 4929 1502 5032 convenit,
1552 4959 1650 5016 nam
1688 4962 1829 5048 neque
1865 4929 2072 5019 adversa·

588 5063 660 5136 tur
689 5048 865 5138 iuribus
900 5051 1227 5168 Episcopnlihus
1261 5083 1404 5170 neque
1437 5051 1518 5168 ipsi
1539 5053 1829 5142 Concordato.

712 5173 821 5260 lline
855 5173 1016 5262 1001000
1054 5178 1168 5279 luit,
1207 5191 1254 5262 01
1287 5175 1555 5292 Capitulum.
1589 5177 1658 5266 eui
1693 5177 1876 5294 praelnit
1901 5173 2075 5294 Episco-

587 5325 670 5412 pus
703 5295 921 5401 Canuhio,
959 5298 1032 5386 die
1063 5301 1095 5386 lt
1127 5301 1391 5389 Novembris
1426 5301 1545 5389 1853
1571 5301 1734 5390 maiore
1757 5301 2067 5419 suffragiorum

587 5437 729 5534 parte,
766 5421 838 5508 cui
872 5423 1112 5540 Episcopus
1144 5425 1359 5528 adhaesit,
1398 5425 1527 5512 talem
1578 5426 1942 5514 consuetudinem
1978 5453 2075 5514 san·

587 5539 711 5646 ciret,
764 5561 807 5631 et
858 5575 1002 5664 neque
1056 5547 1149 5662 ipse
1198 5577 1341 5668 neque
1389 5547 1627 5668 Episcopus
1661 5551 1954 5654 llernandea,
1993 5544 2065 5670 qui
