4516 6318
513 329 605 421 448
957 324 1040 414 Dio
1073 325 1132 412 l5
1164 322 1389 412 Februarii
1422 325 1559 414 4879.

516 497 533 536 ι
572 451 807 542 cessarium
839 479 925 537 non
960 465 1025 538 est
1056 447 1386 563 heneplacitum
1420 448 1736 564 Apostolicum,
1779 449 1887 568 quia
1936 478 2015 536 re-

518 619 537 660 «
575 575 722 666 missio
757 603 843 660 non
880 571 1017 689 vergit
1050 571 1094 656 in
1132 569 1449 685 praeiudicium
1483 573 1715 675 Ecclesiae,
1753 573 1829 660 sed
1864 573 2010 690 respi-

518 741 537 784 ι
574 701 633 790 cit
665 697 748 800 ius,
784 695 853 786 cui
879 710 1055 812 possunt
1077 693 1230 782 Clerici
1254 693 1526 782 renunciare.
1570 734 1587 774 s
1615 695 1750 813 Atqui
1776 694 2018 786 transactio

514 825 560 914 in
594 825 790 910 themate
825 817 1013 933 respexit
1050 817 1330 906 solummodo
1369 817 1658 934 obligationes
1705 850 1731 906 a
1774 817 2019 908 Canonicis

522 963 568 1038 et
590 941 865 1034 beruchciatis
901 940 1085 1028 invicem
1123 940 1263 1044 initas,
1310 941 1472 1062 quihus
1507 941 1749 1030 nullimode
1798 942 2017 1031 Ecclesiae

517 1071 614 1158 iura
638 1065 943 1155 laedebantur.
987 1067 1048 1150 Ex
1076 1062 1245 1152 delectu
1282 1063 1415 1181 igitur
1446 1063 1707 1180 beneplaciti
1745 1064 2005 1180 Apostolici,

517 1222 623 1282 ausu
660 1218 833 1305 prorsus
868 1186 1009 1273 inutili
1043 1186 1343 1276 transactionis
1377 1185 1698 1276 invaliditatem
1743 1187 2016 1275 adversarios

519 1313 736 1404 sustinere
761 1339 885 1428 posse
919 1306 1119 1396 affirmat.

645 1437 810 1522 Verum
845 1433 923 1518 etsi
958 1433 1000 1520 in
1035 1430 1224 1520 absurda
1258 1431 1485 1547 hypothesi
1521 1431 1625 1550 smgi
1677 1432 1781 1520 velit
1825 1435 2015 1550 Aposto-

521 1539 654 1650 licum
673 1553 1000 1671 heneplacitum
1027 1552 1316 1663 necessarium
1343 1555 1487 1658 luisse,
1517 1572 1562 1642 ut
1584 1571 1861 1644 controuerso
1888 1573 2021 1644 trans-

517 1684 631 1774 actio
667 1681 775 1774 ιὶιιι
792 1708 918 1764 snam
953 1709 1135 1766 exerere
1172 1693 1331 1793 posset,
1371 1709 1424 1765 ex
1459 1695 1578 1766 tanto
1615 1697 1759 1766 tamen
1806 1678 2021 1819 temporis

527 1808 734 1906 decursu,
772 1834 860 1920 quo
883 1801 1131 1890 beneficiati
1166 1817 1340 1888 minuas
1364 1801 1686 1920 obligationes
1676 1833 1793 1890 mea
1822 1801 2014 1890 invicem

527 1945 724 2042 acceptas
772 1925 1120 2013 constantissime
1174 1925 1479 2026 observarunt,
1538 1924 1721 2012 firmiter
1770 1924 2012 2013 tenendum

523 2050 656 2142 edicit
702 2048 873 2135 veniam
923 2047 1199 2165 Apostolicae
1249 2045 1372 2138 Sedis
1422 2079 1573 2136 revera
1624 2048 1887 2149 interfuisse,
1944 2049 2013 2136 vel

523 2177 676 2266 saltem
692 2169 846 2289 quovis
870 2171 912 2256 in
931 2200 1031 2257 casu
1053 2168 1372 2262 illiusdelectus
1389 2171 1692 2287 exceptionem
1712 2170 1900 2286 amplius
1919 2201 2019 2288 pro-

527 2297 630 2388 lerri
665 2324 750 2383 non
788 2323 910 2410 posse
946 2309 1052 2380 teste
1089 2295 1248 2408 Ursopo
1280 2293 1470 2409 Discept.
1508 2293 1622 2380 b'ccl.
1673 2309 1771 2380 tom.
1799 2295 1827 2380 3
1844 2296 2019 2408 part2

524 2422 629 2509 disc.
670 2417 729 2504 46
764 2449 877 2503 uum.
917 2416 997 2504 l8‘l
1038 2465 1068 2480 -
1101 2417 1162 2502 ihi
1196 2465 1225 2480 -
1262 2455 1278 2492 ι
1321 2420 1381 2504 Ex
1416 2418 1530 2506 dicta
1555 2415 1644 2504 lere
1669 2416 1886 2533 triplicata
1913 2446 2022 2504 cen-

530 2583 547 2622 «
590 2539 759 2632 tenaria
792 2569 891 2626 cum
926 2537 1208 2657 subsequenti
1245 2538 1421 2653 pacifica
1444 2541 1720 2628 observantia
1745 2570 1829 2626 non
1856 2569 2015 2645 unum,

532 2708 550 2744 ι
591 2663 670 2754 sed
706 2662 825 2750 mille
858 2662 1109 2777 Apostolica
1143 2663 1423 2778 Beneplacita
1458 2679 1500 2749 et
1534 2693 1859 2780 quemcumque
1883 2663 2023 2750 alium

464 2826 469 2830 ·
533 2829 552 2868 ι
594 2786 824 2876 meliorem
860 2785 1090 2904 magisque
1126 2784 1279 2871 utilem
1315 2786 1489 2874 titulum
1525 2786 1581 2874 de
1616 2786 1782 2874 mundo
1832 2785 2023 2900 allegare

534 2954 550 2992 ι
590 2939 839 3029 possumus,
864 2926 906 2996 et
925 2925 1374 2996 constanterasserere
1390 2908 1537 2996 omnia
1557 2904 1747 3026 legitime
1765 2909 1873 2998 lacta
1893 2907 2023 2996 luisse

535 3077 551 3114 ι
591 3050 634 3122 et
666 3030 927 3122 sufficienter
961 3028 1186 3120 iustificata
1210 3061 1302 3118 esse
1342 3073 1380 3117 ι.
1408 3033 1654 3120 Concinunt
1686 3033 1836 3120 Rota
1827 3063 1869 3118 m
1895 3031 2023 3146 Nepe-

528 3159 623 3246 sino
655 3155 947 3244 Devolutiouis
980 3155 1040 3242 29
1073 3154 1226 3270 Aprrl.
1266 3155 1385 3242 4697
1420 3187 1532 3242 uum.
1570 3157 1670 3242 bet
1702 3188 1806 3272 seq„
1836 3155 2025 3242 Romano

528 3284 740 3371 Bonorum
774 3312 841 3366 seu
874 3278 1034 3364 Conon.
1070 3278 1217 3364 ltlul
1256 3279 1377 3368 4698
1409 3311 1523 3366 oum.
1550 3281 1638 3368 3et
1660 3311 1789 3396 seqq
1817 3279 2025 3364 Firmano

530 3405 706 3490 Ecccut.
743 3402 944 3488 Instrum.
980 3419 1055 3489 etc
1092 3402 1440 3490 281ua.t762
1488 3435 1601 3488 num.
1640 3404 1667 3490 3
1714 3419 1751 3488 ct
1799 3433 1883 3517 seq.
1929 3431 2018 3486 cor

529 3525 795 3616 Riruinoldo.

656 3651 884 3766 Minusque
917 3644 1024 3736 ollici
1060 3679 1183 3763 posse
1230 3645 1381 3736 subdit
1430 3649 1617 3735 alterum
1666 3646 2022 3736 adversariorum

531 3789 844 3891 argumentum
878 3803 901 3858 a
934 3771 1125 3861 laesione
1158 3769 1458 3858 enormissima
1492 3771 1799 3887 desumptum.
1832 3769 1929 3881 Qua
1977 3770 2020 3856 in

531 3929 581 3986 re
617 3911 873 4012 praemonet
916 3893 1237 3983 Canonicorum
1289 3911 1497 4012 patronus
1530 3925 1576 3982 se
1616 3924 1704 3981 non
1748 3891 2020 4010 intelligere,

531 4018 757 4138 quomodo
807 4017 1061 4105 beneficiati
1111 4049 1303 4106 asserere
1338 4017 1529 4104 audeant
1561 4031 1832 4105 contractum
1881 4031 2023 4104 trans·

536 4142 718 4230 actionis
773 4139 874 4230 anni
911 4140 1032 4228 4706
1065 4140 1256 4230 laesione
1290 4140 1590 4230 enormissima
1625 4139 1834 4226 inlectam
1870 4137 2021 4240 luisse,

533 4295 633 4354 cum
669 4297 748 4381 per
780 4262 1030 4354 huiusmodi
1063 4281 1335 4352 contractum
1371 4264 1450 4379 ipsi
1476 4264 1638 4351 nedum
1662 4263 1828 4352 nullum
1855 4289 2022 4350 novum

536 4419 646 4476 onus
679 4388 965 4504 susceperint,
1005 4387 1322 4475 verumetiam
1359 4387 1416 4474 ab
1450 4417 1599 4492 onere,
1637 4419 1725 4508 quo
1759 4401 1884 4473 antea
1929 4413 2029 4499 gra-

535 4511 622 4598 vati
658 4527 798 4613 erant,
836 4511 1056 4598 exonerati
1107 4509 1283 4598 luerint.
1321 4513 1433 4604 Sane
1468 4510 1574 4598 dum
1608 4505 1815 4600 Carionici
1852 4507 2000 4622 obliga

536 4634 701 4722 tionem
749 4633 915 4721 inivere
962 4634 1216 4724 celebrandi
1266 4633 1418 4720 missas
1463 4633 1593 4750 legati
1643 4633 1863 4720 Giaarrotti
1906 4659 2023 4750 quae

536 4757 749 4874 obligatio
783 4755 837 4846 ad
871 4757 1157 4846 Beneficiatos
1189 4758 1431 4876 spectabat,
1474 4755 1543 4842 isti
1594 4755 1871 4847 solummodo
1920 4785 2025 4872 pro·

539 4882 754 5026 miserunt
807 4921 825 4960 ‹
875 4879 920 4968 di
970 4899 1144 4970 cantare
1195 4881 1234 4969 le
1288 4909 1429 4968 messe
1479 4878 1825 4969 Conventuali
1815 4911 1859 4964 m
1904 4878 2026 4964 detta

540 5003 753 5095 Chiesa
786 5035 866 5122 per
897 5002 1224 5092 hebdomadam
1249 5021 1291 5092 et
1327 5021 1506 5092 turnum
1531 5004 1602 5091 nel
1624 5001 1868 5092 medesimo
1892 4996 2025 5088 modo
2110 5023 2112 5026 ·

543 5167 560 5204 ι
601 5158 626 5216 e
662 5127 801 5216 lorma
835 5128 914 5216 che
946 5143 1297 5243 prescntcmente
1341 5145 1523 5214 cantauo
1574 5157 1598 5214 e
1646 5127 1724 5214 ohe
1774 5155 1879 5210 sono
1927 5118 2025 5207 stati

545 5290 562 5326 ι
601 5251 715 5338 soliti
750 5249 794 5338 di
826 5269 1002 5340 cantate
1035 5283 1113 5369 per
1145 5250 1442 5340 l'addictro».
1481 5245 1877 5366 Exquihusverhis
1910 5270 2030 5330 com-

537 5390 714 5489 pertum
749 5405 841 5464 esse
877 5391 995 5464 tenet
1026 5407 1051 5462 a
1086 5373 1361 5465 Beneficiatis
1385 5373 1490 5461 nihil
1515 5373 1648 5460 luisse
1672 5369 1919 5471 remissum,
1945 5363 2024 5454 sed

449 5554 451 5561 ·
536 5495 670 5587 luisse
705 5515 869 5586 tantum
906 5497 1209 5586 confirmatam
1246 5500 1469 5614 antiquam
1506 5524 1658 5584 eorum
1692 5490 2023 5630 obligationem

533 5618 685 5730 Quam
724 5638 847 5739 urget
880 5623 1161 5740 caeteroquin
1184 5620 1304 5710 nulla
1326 5618 1659 5709 confirmatione
1683 5614 1896 5732 indigere,
1923 5612 2028 5732 quia
