4446 6330
19 5751 21 5808 l

640 345 721 432 nte
754 347 815 435 25
847 347 1216 440 tenuant'tettt.
1610 355 1670 444 ⁷7

181 471 294 568 dam,
333 499 475 584 nempe
507 471 720 587 ossipnata
753 503 938 590 conprua
972 473 1270 562 distributione
1290 475 1418 562 etiam
1438 507 1521 592 pro
1541 477 1673 568 Missa

179 593 470 682 Conventuali.
500 635 515 670 ι

301 716 444 804 Aliter
477 734 520 804 at
544 747 648 806 vero
669 717 946 809 sentiendum
974 752 1058 808 non
1083 738 1148 810 est
1170 721 1227 810 de
1252 721 1383 812 modo
1417 723 1669 840 assignandi

176 872 314 930 uuum
338 854 550 959 punctum
575 841 614 928 ei
639 843 714 961 qui
738 859 860 930 vacat
887 873 973 930 non
996 845 1137 932 solum
1169 877 1193 932 a
1228 845 1350 933 Missa
1384 844 1581 962 vigiliae,
1600 847 1671 936 vel

19 1023 21 1038 ›
174 965 325 1068 leriae,
342 965 412 1053 vel
438 965 492 1051 ab
514 995 697 1082 eaquae
717 965 982 1084 praescripta
1001 985 1064 1056 est
1086 999 1111 1056 a
1133 970 1415 1056 testatoribus
1439 968 1668 1060 sedetiam

174 1089 229 1176 ab
252 1089 362 1176 bora
386 1086 451 1174 bis
473 1086 610 1175 Missis
634 1089 1130 1205 praecedente-Missam
1156 1090 1273 1178 enim
1295 1109 1382 1181 tam
1403 1091 1460 1180 dc
1485 1093 1665 1210 Vigilia,

173 1243 305 1330 quam
325 1212 382 1298 de
399 1211 522 1298 Feria
542 1230 711 1326 partem
730 1212 868 1300 (livini
891 1209 1015 1300 officii
1040 1214 1272 1302 ellormare
1290 1213 1485 1302 dubitari
1512 1219 1670 1334 nequit

173 1349 271 1452 post
292 1365 345 1421 ea
369 1364 484 1451 qnae
507 1335 765 1450 praescribit
789 1337 1002 1451 generalis
1034 1337 1208 1424 rubrica
1230 1353 1273 1424 et
1296 1338 1560 1428 Constitutio
1587 1342 1672 1428 Be-

176 1458 341 1547 nedicti
374 1459 473 1546 xlv
510 1457 613 1543 Corn
646 1473 804 1575 s'enrper
836 1459 995 1545 oblatas
1027 1458 1072 1579 S.
1098 1461 1174 1561 20,
1205 1461 1395 1580 ideoque
1429 1491 1507 1576 pro
1544 1461 1662 1578 ipsis,

175 1613 289 1702 quae
312 1584 458 1670 Horae
491 1583 727 1671 canonicae
765 1599 1090 1700 comparantur,
1123 1582 1303 1702 aliquod
1338 1600 1547 1700 punctum
1585 1615 1662 1674 as-

175 1704 435 1820 signandum
470 1705 606 1810 venit,
643 1723 687 1793 et
722 1706 902 1824 quidem
937 1705 1190 1794 distinctum
1224 1707 1383 1804 abeo,
1422 1706 1538 1824 quod
1577 1723 1664 1794 sta·

182 1843 321 1918 tutum
355 1843 419 1916 est
454 1859 533 1944 pro
581 1828 830 1916 deficientia
864 1831 1004 1916 Horae
1051 1833 1127 1918 has
1167 1830 1311 1918 Missas
1355 1830 1660 1948 praecedeuti.

177 1949 246 2039 Ad
279 1951 620 2070 remSearsant.
657 1951 714 2038 ad
747 1951 925 2039 Lucubr.
964 1952 1264 2067 Cecroperdib.
1296 1953 1415 2040 trit.
1443 1953 1499 2040 lb
1522 1987 1564 2039 n.
1597 1955 1657 2041 47

176 2074 296 2160 -ibi
329 2123 360 2138 -
398 2115 414 2150 ι
456 2074 659 2194 Denique
692 2076 898 2193 quoniam
936 2077 1058 2164 Missa
1091 2075 1212 2164 venit
1248 2077 1541 2194 appellatione
1577 2076 1657 2164 Dt-

183 2237 197 2274 e
239 2197 440 2284 vinorum
476 2196 726 2286 Officiorunr
766 2229 859 2314 cap.
901 2199 966 2286 De
996 2199 1079 2286 lu's.
1117 2199 1219 2287 dist.
1258 2199 1332 2286 tlt.
1371 2229 1464 2314 cap.
1509 2199 1660 2286 Atta-

183 2363 199 2396 «
240 2323 381 2408 tesDe
410 2320 566 2436 privil.
606 2325 648 2408 in
672 2321 719 2408 6⁰
741 2321 848 2437 ples.
877 2324 918 2408 in
942 2323 1140 2410 Glenunt.
1179 2323 1306 2410 ‘tlte
1337 2340 1464 2409 aetat.
1490 2339 1527 2409 et
1561 2355 1666 2440 qrea·

183 2485 198 2518 ι
238 2443 303 2531 lit.
346 2511 355 2532 .
397 2511 407 2532 .
451 2512 460 2530 .
498 2461 540 2530 et
573 2447 1304 2563 aequiparaturlloraecauonicae
1331 2446 1375 2532 in
1400 2445 1599 2532 Clement.
1630 2450 1646 2522 l

182 2609 198 2644 ι
235 2565 280 2686 S.
317 2568 392 2686 fin.
423 2567 578 2654 Dorel.
616 2586 652 2656 et
684 2569 865 2657 een.SS.
884 2569 1203 2687 propterquod
1239 2569 1388 2671 Missis,
1427 2599 1539 2686 quae
1574 2571 1661 2659 Ca-

182 2732 198 2766 ·
238 2690 400 2778 nonieis
433 2721 458 2777 a
493 2692 678 2780 rubricis
710 2693 951 2780 cantandae
988 2693 1357 2811 praescribuntur,
1386 2692 1665 2809 assignantur

180 2853 196 2890 c
238 2813 567 2902 distributiones
588 2814 721 2902 veluti
744 2810 937 2904 Ho‘rariis
960 2817 1162 2934 precibus
1186 2817 1323 2902 Gloss.
1346 2816 1388 2898 in
1406 2815 1608 2902 Clearent.
1632 2817 1649 2902 l

134 2931 141 2948 '
178 2978 193 3014 ι
239 2938 302 3024 De
334 2936 528 3025 celebrat.
570 2941 683 3026 Miss.
722 2937 835 3024 verb.
873 2939 1103 3026 Canonieos
1136 2959 1172 3026 et
1224 2941 1266 3024 in
1311 2970 1405 3052 cap.
1445 2939 1554 3024 unic.
1595 2941 1662 3028 De

179 3102 196 3136 ·
235 3061 388 3148 Cleric.
410 3093 492 3148 non
514 3062 646 3148 resid.
670 3064 711 3146 in
730 3063 778 3148 6⁰
799 3063 952 3148 Bonae.
980 3065 1039 3148 De
1055 3063 1240 3150 Distrib.
1261 3059 1375 3176 disp.
1394 3063 1424 3149 2
1447 3077 1602 3178 quaest.
1630 3064 1661 3150 le

178 3225 196 3262 r
231 3202 375 3300 punct.
415 3185 432 3270 l
476 3219 589 3272 neren.
627 3188 671 3272 le.
710 3185 874 3274 ldcirco
909 3221 931 3274 a
974 3201 1227 3304 punctatore
1261 3188 1534 3301 cuiussupra
1569 3215 1663 3274 mc-

170 3327 201 3384 ’σ
241 3309 465 3415 minimus,
506 3309 761 3426 punctandi,
806 3341 853 3396 ne
889 3341 967 3426 pro
1016 3310 1271 3397 absentibus
1320 3307 1513 3396 habendi
1552 3325 1658 3395 sunt

177 3471 192 3508 ι
234 3433 441 3520 Canonici
477 3432 682 3549 praelatis
729 3433 865 3520 Missis
907 3449 1009 3522 ante
1043 3431 1174 3520 lirrem
1222 3432 1362 3518 ultimi
1399 3431 1530 3546 Kprie
1564 3461 1651 3519 uon

175 3595 193 3632 ι
233 3556 462 3644 venientes
499 3623 508 3643 .
553 3623 562 3642 .
606 3625 615 3642 .
659 3623 668 3642 .
711 3595 729 3634 ι
767 3559 890 3668 Quae
928 3555 1021 3673 pari
1056 3557 1222 3644 ratione
1261 3554 1346 3642 dici
1382 3553 1546 3640 debent
1581 3585 1662 3670 pro

169 3679 307 3766 Missis
342 3713 365 3764 a
400 3679 712 3768 fundatoribus
748 3681 921 3780 relictis
958 3709 1056 3767 cum
1106 3679 1185 3795 ipsi
1235 3675 1292 3764 ad
1327 3677 1406 3764 boc
1439 3678 1660 3764 Ecclesiae

168 3803 335 3891 reditus
359 3803 632 3920 reliquerint,
659 3823 774 3892 ulex
799 3803 988 3921 plurium
1013 3799 1298 3892 Sacerdotem
1335 3799 1578 3917 praeseutia
1617 3815 1662 3886 et

169 3925 293 4014 Missa
312 3925 496 4014 solemni
518 3928 560 4014 in
580 3929 711 4014 choro
730 3928 826 4043 plus
843 3927 1032 4043 sullragii
1050 3941 1257 4044 caperent
1276 3921 1534 4012 eorumdem
1561 3923 1660 4010 anis

169 4080 267 4137 mae
285 4051 430 4166 prouti
453 4051 580 4138 tradit
605 4051 793 4164 Fapnan.
818 4049 861 4134 in
880 4049 986 4164 Cap.
1009 4051 1111 4136 Corn
1129 4051 1335 4136 Creatura
1372 4047 1437 4133 De
1462 4045 1653 4134 celebrat.

170 4173 288 4259 Miss.
310 4206 424 4261 nnn.
444 4177 490 4262 9.
513 4177 599 4260 Nec
615 4171 720 4260 alias
743 4175 942 4260 statuisse
959 4172 1164 4261 videntur
1187 4174 1305 4290 ipsae
1323 4169 1662 4258 Constitutiones

170 4295 503 4412 praecipientes,
535 4313 582 4384 ut
614 4298 771 4387 absens
803 4328 828 4385 a
861 4294 990 4383 dietis
1024 4295 1156 4382 Missis
1187 4307 1406 4410 praenotetur
1437 4324 1484 4378 ee
1515 4293 1552 4375 si
1585 4291 1659 4378 eb*

169 4418 317 4537 [rn'sset
353 4419 425 4506 illi
456 4421 598 4508 Horae
619 4422 837 4506 canonicae
874 4435 1094 4534 postquarie
1143 4415 1303 4503 encdem
1352 4417 1504 4500 Missae
1536 4429 1655 4500 erunt

170 4541 391 4642 canendae,
429 4576 560 4662 quem
597 4543 826 4630 articulum
864 4543 973 4630 male
1008 4571 1143 4657 usque
1176 4540 1316 4626 adbuc
1351 4539 1659 4652 interpretasse

170 4665 441 4782 Capitulares
464 4696 706 4767 censerem,
723 4667 813 4783 qni,
829 4695 909 4754 ceu
932 4695 985 4751 ex
1009 4663 1149 4752 dubio
1172 4691 1250 4780 per
1268 4660 1656 4774 Archiepiscopum
1688 4747 1693 4760 ,

173 4789 396 4908 proposito
419 4790 604 4893 eruitur,
628 4821 714 4876 rino
747 4805 916 4875 tantum
951 4806 1113 4904 puncto
1136 4787 1332 4872 multent
1365 4783 1593 4869 absentem
1630 4811 1654 4867 a
1806 4827 1811 4836 ·

172 4912 297 5000 Missa
331 4929 374 5001 et
408 4913 467 5002 ab
489 4917 606 5002 Hora
641 4911 949 5029 praecedente.

290 5036 358 5124 Ad
379 5039 563 5125 alteram
587 5035 958 5125 Constitutionum
987 5049 1159 5153 partem
1182 5027 1470 5129 descendens,
1501 5025 1546 5111 in
1571 5053 1658 5142 qua

173 5159 486 5276 praescribitur
518 5159 758 5250 Canonicos
793 5189 871 5273 per
903 5157 1114 5245 bimestre
1148 5155 1351 5240 absentes
1381 5147 1661 5237 distributio·

171 5311 245 5368 nes
278 5284 453 5387 lucrari,
477 5281 922 5372 animadvertendum
949 5297 1069 5396 puto;
1096 5275 1213 5394 quod
1254 5271 1402 5360 statuit
1433 5267 1659 5358 tridenti·-

172 5433 277 5492 num
313 5407 358 5493 in
392 5439 487 5494 sees.
524 5408 585 5494 24
618 5435 710 5520 cap.
750 5405 809 5492 l2
842 5402 894 5488 de
927 5403 1116 5522 Reform.
1150 5397 1272 5484 -ihi
1305 5441 1336 5466 ··
1371 5431 1389 5472 ι
1430 5392 1651 5482 Distribu-

178 5567 195 5605 ι
234 5527 373 5618 tiones
408 5560 511 5618 vero
546 5527 623 5648 qui
655 5527 776 5617 statis
808 5525 934 5614 Horis
983 5519 1276 5622 interfuerint,
1313 5517 1543 5634 recipiant;
1595 5545 1661 5602 re·

178 5688 195 5725 ι
233 5649 355 5770 liqui,
393 5653 547 5773 quavis
580 5651 817 5741 collusione
851 5665 928 5737 aut
962 5644 1216 5736 remissione
1249 5643 1440 5748 exclusa,
1479 5637 1544 5726 bis
1582 5668 1653 5724 ca·
