<?xml version="1.0" encoding="UTF-8"?>
<!DOCTYPE html PUBLIC "-//W3C//DTD XHTML 1.0 Transitional//EN"
    "http://www.w3.org/TR/xhtml1/DTD/xhtml1-transitional.dtd">
<html xmlns="http://www.w3.org/1999/xhtml" xml:lang="en" lang="en">
 <head>
  <title>
</title>
<meta http-equiv="Content-Type" content="text/html;charset=utf-8" />
  <meta name='ocr-system' content='tesseract 3.04.00' />
  <meta name='ocr-capabilities' content='ocr_page ocr_carea ocr_par ocr_line ocrx_word'/>
</head>
<body>
  <div class='ocr_page' id='page_1' title='image "./thesaurusresolu00churgoog_0094.png"; bbox 0 0 4516 6318; ppageno 0'>
   <div class='ocr_carea' id='block_1_1' title="bbox 653 363 1681 457">
    <p class='ocr_par' dir='ltr' id='par_1_1' title="bbox 653 363 1681 457">
     <span class='ocr_line' id='line_1_1' title="bbox 653 363 1681 457; baseline 0.006 -7"><span class='ocrx_word' id='word_1_1' title='bbox 653 365 735 452; x_wconf 87' lang='lat' dir='ltr'>Die</span> <span class='ocrx_word' id='word_1_2' title='bbox 768 368 829 454; x_wconf 89' lang='grc'>25</span> <span class='ocrx_word' id='word_1_3' title='bbox 863 363 1058 452; x_wconf 79' lang='lat' dir='ltr'><strong><em>Ianuarii</em></strong></span> <span class='ocrx_word' id='word_1_4' title='bbox 1092 365 1231 454; x_wconf 86' lang='grc'>1879.</span> <span class='ocrx_word' id='word_1_5' title='bbox 1620 367 1681 457; x_wconf 87' lang='lat'>83</span> 
     </span>
    </p>
   </div>
   <div class='ocr_carea' id='block_1_2' title="bbox 190 486 1778 2084">
    <p class='ocr_par' dir='ltr' id='par_1_2' title="bbox 190 486 1778 2084">
     <span class='ocr_line' id='line_1_2' title="bbox 191 486 1677 610; baseline -0.001 -30"><span class='ocrx_word' id='word_1_6' title='bbox 191 491 346 610; x_wconf 86' lang='lat' dir='ltr'>iusque</span> <span class='ocrx_word' id='word_1_7' title='bbox 380 490 625 608; x_wconf 79' lang='lat' dir='ltr'>paroeciae,</span> <span class='ocrx_word' id='word_1_8' title='bbox 664 490 877 608; x_wconf 84' lang='lat' dir='ltr'>cuiusque</span> <span class='ocrx_word' id='word_1_9' title='bbox 909 486 997 576; x_wconf 87' lang='lat' dir='ltr'>sinl</span> <span class='ocrx_word' id='word_1_10' title='bbox 1044 487 1253 577; x_wconf 89' lang='lat' dir='ltr'>dioecesis</span> <span class='ocrx_word' id='word_1_11' title='bbox 1295 487 1467 576; x_wconf 85' lang='lat' dir='ltr'>valeant</span> <span class='ocrx_word' id='word_1_12' title='bbox 1502 489 1677 606; x_wconf 67' lang='lat' dir='ltr'>praecess</span> 
     </span>
     <span class='ocr_line' id='line_1_3' title="bbox 192 613 1674 732; baseline 0.001 -31"><span class='ocrx_word' id='word_1_13' title='bbox 192 633 270 732; x_wconf 90' lang='lat' dir='ltr'>pto</span> <span class='ocrx_word' id='word_1_14' title='bbox 293 613 508 703; x_wconf 81' lang='lat' dir='ltr'>Ecclesiae</span> <span class='ocrx_word' id='word_1_15' title='bbox 542 613 811 717; x_wconf 77' lang='lat' dir='ltr'>satisfacere3</span> <span class='ocrx_word' id='word_1_16' title='bbox 851 643 935 698; x_wconf 92' lang='lat' dir='ltr'>non</span> <span class='ocrx_word' id='word_1_17' title='bbox 973 643 1076 699; x_wconf 90' lang='lat' dir='ltr'>vero</span> <span class='ocrx_word' id='word_1_18' title='bbox 1110 643 1162 700; x_wconf 90' lang='lat' dir='ltr'>eu</span> <span class='ocrx_word' id='word_1_19' title='bbox 1195 642 1358 715; x_wconf 89' lang='lat' dir='ltr'>sensu,</span> <span class='ocrx_word' id='word_1_20' title='bbox 1396 627 1445 700; x_wconf 91' lang='lat' dir='ltr'>ut</span> <span class='ocrx_word' id='word_1_21' title='bbox 1480 615 1674 702; x_wconf 84' lang='lat' dir='ltr'>extranei</span> 
     </span>
     <span class='ocr_line' id='line_1_4' title="bbox 193 734 1679 855; baseline 0 -30"><span class='ocrx_word' id='word_1_22' title='bbox 193 737 453 855; x_wconf 90' lang='lat' dir='ltr'>omnesqui</span> <span class='ocrx_word' id='word_1_23' title='bbox 489 737 627 824; x_wconf 89' lang='lat' dir='ltr'>libere</span> <span class='ocrx_word' id='word_1_24' title='bbox 660 738 892 826; x_wconf 76' lang='lat' dir='ltr'>Ecclesiam</span> <span class='ocrx_word' id='word_1_25' title='bbox 929 749 1076 852; x_wconf 88' lang='lat' dir='ltr'>petere</span> <span class='ocrx_word' id='word_1_26' title='bbox 1104 749 1293 852; x_wconf 81' lang='lat' dir='ltr'>possent,</span> <span class='ocrx_word' id='word_1_27' title='bbox 1322 734 1430 823; x_wconf 89' lang='lat' dir='ltr'>inibi</span> <span class='ocrx_word' id='word_1_28' title='bbox 1468 737 1527 823; x_wconf 91' lang='lat' dir='ltr'>rci</span> <span class='ocrx_word' id='word_1_29' title='bbox 1564 736 1679 826; x_wconf 89' lang='lat' dir='ltr'>divi-</span> 
     </span>
     <span class='ocr_line' id='line_1_5' title="bbox 194 857 1532 974; baseline -0.002 -27"><span class='ocrx_word' id='word_1_30' title='bbox 194 893 275 948; x_wconf 90' lang='lat' dir='ltr'>nae</span> <span class='ocrx_word' id='word_1_31' title='bbox 310 863 614 950; x_wconf 70' lang='lat' dir='ltr'>interessentes</span> <span class='ocrx_word' id='word_1_32' title='bbox 648 891 759 947; x_wconf 91' lang='lat' dir='ltr'>onus</span> <span class='ocrx_word' id='word_1_33' title='bbox 792 859 1000 948; x_wconf 86' lang='lat' dir='ltr'>audiendi</span> <span class='ocrx_word' id='word_1_34' title='bbox 1036 891 1206 946; x_wconf 88' lang='lat' dir='ltr'>suerum</span> <span class='ocrx_word' id='word_1_35' title='bbox 1244 857 1532 974; x_wconf 76' lang='lat' dir='ltr'>adimpleant.</span> 
     </span>
     <span class='ocr_line' id='line_1_6' title="bbox 317 981 1686 1101; baseline 0.001 -31"><span class='ocrx_word' id='word_1_36' title='bbox 317 987 634 1072; x_wconf 72' lang='lat' dir='ltr'>Verumtamen</span> <span class='ocrx_word' id='word_1_37' title='bbox 657 1003 696 1070; x_wconf 91' lang='lat' dir='ltr'>et</span> <span class='ocrx_word' id='word_1_38' title='bbox 728 984 951 1101; x_wconf 85' lang='lat' dir='ltr'>paulisper</span> <span class='ocrx_word' id='word_1_39' title='bbox 992 1013 1211 1099; x_wconf 87' lang='lat' dir='ltr'>concessu,</span> <span class='ocrx_word' id='word_1_40' title='bbox 1240 981 1358 1099; x_wconf 92' lang='lat' dir='ltr'>quod</span> <span class='ocrx_word' id='word_1_41' title='bbox 1394 1012 1546 1069; x_wconf 84' lang='lat' dir='ltr'>ornnes</span> <span class='ocrx_word' id='word_1_42' title='bbox 1580 986 1686 1100; x_wconf 88' lang='lat' dir='ltr'>qui-</span> 
     </span>
     <span class='ocr_line' id='line_1_7' title="bbox 190 1104 1680 1224; baseline 0.001 -28"><span class='ocrx_word' id='word_1_43' title='bbox 190 1135 382 1224; x_wconf 86' lang='lat' dir='ltr'>cumque</span> <span class='ocrx_word' id='word_1_44' title='bbox 416 1107 503 1194; x_wconf 90' lang='lat' dir='ltr'>sint</span> <span class='ocrx_word' id='word_1_45' title='bbox 532 1106 658 1194; x_wconf 88' lang='lat' dir='ltr'>dictis</span> <span class='ocrx_word' id='word_1_46' title='bbox 708 1107 748 1192; x_wconf 93' lang='lat' dir='ltr'>in</span> <span class='ocrx_word' id='word_1_47' title='bbox 803 1107 991 1224; x_wconf 84' lang='lat' dir='ltr'>Capellis</span> <span class='ocrx_word' id='word_1_48' title='bbox 1024 1106 1199 1192; x_wconf 89' lang='lat' dir='ltr'>missam</span> <span class='ocrx_word' id='word_1_49' title='bbox 1243 1104 1472 1192; x_wconf 82' lang='lat' dir='ltr'>audientes</span> <span class='ocrx_word' id='word_1_50' title='bbox 1509 1108 1680 1197; x_wconf 84' lang='lat' dir='ltr'>valeam</span> 
     </span>
     <span class='ocr_line' id='line_1_8' title="bbox 195 1229 1686 1348; baseline 0.003 -33"><span class='ocrx_word' id='word_1_51' title='bbox 195 1231 411 1316; x_wconf 79' lang='lat' dir='ltr'>Ecclesiae</span> <span class='ocrx_word' id='word_1_52' title='bbox 460 1230 637 1346; x_wconf 83' lang='lat' dir='ltr'>explere</span> <span class='ocrx_word' id='word_1_53' title='bbox 689 1246 1162 1348; x_wconf 80' lang='lat' dir='ltr'>praeceptumtamen</span> <span class='ocrx_word' id='word_1_54' title='bbox 1213 1229 1434 1316; x_wconf 89' lang='lat' dir='ltr'>decretum</span> <span class='ocrx_word' id='word_1_55' title='bbox 1487 1229 1686 1348; x_wconf 87' lang='lat' dir='ltr'>Episcopi</span> 
     </span>
     <span class='ocr_line' id='line_1_9' title="bbox 191 1351 1685 1468; baseline 0.001 -28"><span class='ocrx_word' id='word_1_56' title='bbox 191 1352 497 1440; x_wconf 89' lang='lat' dir='ltr'>sustinendum</span> <span class='ocrx_word' id='word_1_57' title='bbox 537 1354 775 1440; x_wconf 88' lang='lat' dir='ltr'>videretur.</span> <span class='ocrx_word' id='word_1_58' title='bbox 805 1351 975 1440; x_wconf 84' lang='lat' dir='ltr'>Mandat</span> <span class='ocrx_word' id='word_1_59' title='bbox 1014 1353 1131 1438; x_wconf 92' lang='lat' dir='ltr'>enim</span> <span class='ocrx_word' id='word_1_60' title='bbox 1166 1351 1388 1468; x_wconf 88' lang='lat' dir='ltr'>Episcopis</span> <span class='ocrx_word' id='word_1_61' title='bbox 1423 1352 1685 1444; x_wconf 76' lang='lat' dir='ltr'>Benedictus</span> 
     </span>
     <span class='ocr_line' id='line_1_10' title="bbox 190 1474 1685 1596; baseline 0.002 -33"><span class='ocrx_word' id='word_1_62' title='bbox 190 1479 291 1563; x_wconf 84' lang='lat' dir='ltr'>XlV</span> <span class='ocrx_word' id='word_1_63' title='bbox 330 1476 373 1562; x_wconf 90' lang='lat' dir='ltr'>in</span> <span class='ocrx_word' id='word_1_64' title='bbox 409 1477 585 1564; x_wconf 87' lang='lat' dir='ltr'>Constit.</span> <span class='ocrx_word' id='word_1_65' title='bbox 631 1477 689 1562; x_wconf 81' lang='grc'>-12</span> <span class='ocrx_word' id='word_1_66' title='bbox 724 1477 817 1563; x_wconf 88' lang='lat' dir='ltr'>Etsi</span> <span class='ocrx_word' id='word_1_67' title='bbox 850 1478 1019 1562; x_wconf 87' lang='lat' dir='ltr'>rur&#39;uirue</span> <span class='ocrx_word' id='word_1_68' title='bbox 1068 1474 1179 1596; x_wconf 74' lang='lat' dir='ltr'>§ll</span> <span class='ocrx_word' id='word_1_69' title='bbox 1214 1493 1260 1562; x_wconf 93' lang='lat' dir='ltr'>ut</span> <span class='ocrx_word' id='word_1_70' title='bbox 1294 1475 1685 1592; x_wconf 80' lang='lat' dir='ltr'>quoad&#39;Ecelesias</span> 
     </span>
     <span class='ocr_line' id='line_1_11' title="bbox 192 1599 1686 1720; baseline 0.003 -35"><span class='ocrx_word' id='word_1_71' title='bbox 192 1630 347 1716; x_wconf 90' lang='lat' dir='ltr'>parvas</span> <span class='ocrx_word' id='word_1_72' title='bbox 383 1599 620 1686; x_wconf 88' lang='lat' dir='ltr'>Parocbiali</span> <span class='ocrx_word' id='word_1_73' title='bbox 658 1601 876 1717; x_wconf 84' lang='lat' dir='ltr'>proximas</span> <span class='ocrx_word' id='word_1_74' title='bbox 910 1629 1114 1714; x_wconf 87' lang='lat' dir='ltr'>expressa</span> <span class='ocrx_word' id='word_1_75' title='bbox 1139 1599 1232 1716; x_wconf 80' lang='lat' dir='ltr'>lege</span> <span class='ocrx_word' id='word_1_76' title='bbox 1266 1613 1461 1700; x_wconf 87' lang='lat' dir='ltr'>caveant,</span> <span class='ocrx_word' id='word_1_77' title='bbox 1503 1630 1555 1684; x_wconf 89' lang='lat' dir='ltr'>ne</span> <span class='ocrx_word' id='word_1_78' title='bbox 1589 1603 1686 1720; x_wconf 90' lang='lat' dir='ltr'>quis</span> 
     </span>
     <span class='ocr_line' id='line_1_12' title="bbox 192 1721 1681 1840; baseline 0.001 -30"><span class='ocrx_word' id='word_1_79' title='bbox 192 1735 293 1810; x_wconf 86' lang='lat' dir='ltr'>aute</span> <span class='ocrx_word' id='word_1_80' title='bbox 317 1721 576 1810; x_wconf 87' lang='lat' dir='ltr'>sacrificium</span> <span class='ocrx_word' id='word_1_81' title='bbox 604 1723 729 1810; x_wconf 88' lang='lat' dir='ltr'>laeiat</span> <span class='ocrx_word' id='word_1_82' title='bbox 754 1755 885 1840; x_wconf 88' lang='lat' dir='ltr'>quam</span> <span class='ocrx_word' id='word_1_83' title='bbox 916 1722 1132 1808; x_wconf 86' lang='lat' dir='ltr'>Parocbus</span> <span class='ocrx_word' id='word_1_84' title='bbox 1168 1723 1339 1808; x_wconf 88' lang='lat' dir='ltr'>missam</span> <span class='ocrx_word' id='word_1_85' title='bbox 1377 1721 1681 1825; x_wconf 87' lang='lat' dir='ltr'>celebraverit,</span> 
     </span>
     <span class='ocr_line' id='line_1_13' title="bbox 190 1845 1778 1964; baseline 0.001 -32"><span class='ocrx_word' id='word_1_86' title='bbox 190 1875 441 1932; x_wconf 87' lang='lat' dir='ltr'>sermonem</span> <span class='ocrx_word' id='word_1_87' title='bbox 478 1847 698 1950; x_wconf 89' lang='lat' dir='ltr'>babuerit,</span> <span class='ocrx_word' id='word_1_88' title='bbox 724 1864 976 1964; x_wconf 88' lang='lat' dir='ltr'>ceterasque</span> <span class='ocrx_word' id='word_1_89' title='bbox 1001 1846 1064 1932; x_wconf 92' lang='lat' dir='ltr'>sni</span> <span class='ocrx_word' id='word_1_90' title='bbox 1092 1845 1283 1932; x_wconf 91' lang='lat' dir='ltr'>muneris</span> <span class='ocrx_word' id='word_1_91' title='bbox 1309 1862 1451 1962; x_wconf 72' lang='lat' dir='ltr'>purnes</span> <span class='ocrx_word' id='word_1_92' title='bbox 1486 1846 1686 1934; x_wconf 89' lang='lat' dir='ltr'>absolve·</span> <span class='ocrx_word' id='word_1_93' title='bbox 1770 1905 1778 1919; x_wconf 88' lang='lat'><strong>·</strong></span> 
     </span>
     <span class='ocr_line' id='line_1_14' title="bbox 191 1967 1681 2084; baseline 0.001 -28"><span class='ocrx_word' id='word_1_94' title='bbox 191 1969 263 2056; x_wconf 92' lang='lat' dir='ltr'>rit.</span> <span class='ocrx_word' id='word_1_95' title='bbox 304 1972 356 2056; x_wconf 84' lang='lat' dir='ltr'>Et.</span> <span class='ocrx_word' id='word_1_96' title='bbox 384 1967 501 2056; x_wconf 88' lang='lat' dir='ltr'>idem</span> <span class='ocrx_word' id='word_1_97' title='bbox 521 1970 648 2056; x_wconf 92' lang='lat' dir='ltr'>docet</span> <span class='ocrx_word' id='word_1_98' title='bbox 666 1970 868 2056; x_wconf 87' lang='lat' dir='ltr'>laudatus</span> <span class='ocrx_word' id='word_1_99' title='bbox 904 1969 1103 2056; x_wconf 83' lang='lat' dir='ltr'>Pontilex</span> <span class='ocrx_word' id='word_1_100' title='bbox 1128 1970 1170 2054; x_wconf 91' lang='lat' dir='ltr'>in</span> <span class='ocrx_word' id='word_1_101' title='bbox 1208 1969 1346 2055; x_wconf 79' lang='lat' dir='ltr'>instit.</span> <span class='ocrx_word' id='word_1_102' title='bbox 1370 1967 1488 2055; x_wconf 75' lang='lat' dir='ltr'>tter</span> <span class='ocrx_word' id='word_1_103' title='bbox 1506 1969 1681 2084; x_wconf 81' lang='lat' dir='ltr'>DeSpu.</span> 
     </span>
    </p>
   </div>
   <div class='ocr_carea' id='block_1_3' title="bbox 38 2090 1688 2702">
    <p class='ocr_par' dir='ltr' id='par_1_3' title="bbox 38 2090 1688 2702">
     <span class='ocr_line' id='line_1_15' title="bbox 38 2090 1685 2210; baseline 0.002 -32"><span class='ocrx_word' id='word_1_104' title='bbox 38 2165 39 2168; x_wconf 13' lang='lat' dir='ltr'>a</span> <span class='ocrx_word' id='word_1_105' title='bbox 190 2094 336 2178; x_wconf 87' lang='lat' dir='ltr'>Dioec.</span> <span class='ocrx_word' id='word_1_106' title='bbox 371 2091 444 2176; x_wconf 84' lang='lat' dir='ltr'>lib.</span> <span class='ocrx_word' id='word_1_107' title='bbox 481 2092 540 2178; x_wconf 90' lang='grc'>12</span> <span class='ocrx_word' id='word_1_108' title='bbox 563 2123 656 2208; x_wconf 88' lang='lat' dir='ltr'>cap.</span> <span class='ocrx_word' id='word_1_109' title='bbox 695 2097 721 2179; x_wconf 88' lang='grc'><strong>7</strong></span> <span class='ocrx_word' id='word_1_110' title='bbox 747 2125 787 2178; x_wconf 89' lang='lat' dir='ltr'>u.</span> <span class='ocrx_word' id='word_1_111' title='bbox 815 2097 859 2196; x_wconf 89' lang='grc'>7,</span> <span class='ocrx_word' id='word_1_112' title='bbox 888 2091 1044 2210; x_wconf 77' lang='lat' dir='ltr'>quoda</span> <span class='ocrx_word' id='word_1_113' title='bbox 1066 2090 1268 2208; x_wconf 87' lang='lat' dir='ltr'>prudenti</span> <span class='ocrx_word' id='word_1_114' title='bbox 1288 2091 1469 2178; x_wconf 87' lang='lat' dir='ltr'>arbitrio</span> <span class='ocrx_word' id='word_1_115' title='bbox 1485 2092 1685 2210; x_wconf 87' lang='lat' dir='ltr'>Episcopi</span> 
     </span>
     <span class='ocr_line' id='line_1_16' title="bbox 38 2213 1684 2332; baseline 0.001 -30"><span class='ocrx_word' id='word_1_116' title='bbox 38 2299 39 2328; x_wconf 25' lang='lat' dir='ltr'>p</span> <span class='ocrx_word' id='word_1_117' title='bbox 189 2215 355 2332; x_wconf 90' lang='lat' dir='ltr'>pendet</span> <span class='ocrx_word' id='word_1_118' title='bbox 392 2247 469 2330; x_wconf 92' lang='lat' dir='ltr'>pro</span> <span class='ocrx_word' id='word_1_119' title='bbox 506 2217 696 2303; x_wconf 91' lang='lat' dir='ltr'>locorum</span> <span class='ocrx_word' id='word_1_120' title='bbox 750 2215 1001 2303; x_wconf 86' lang='lat' dir='ltr'>diversitate</span> <span class='ocrx_word' id='word_1_121' title='bbox 1050 2214 1292 2303; x_wconf 86' lang='lat' dir='ltr'>concedere</span> <span class='ocrx_word' id='word_1_122' title='bbox 1341 2213 1684 2304; x_wconf 86' lang='lat' dir='ltr'>celebrationem</span> 
     </span>
     <span class='ocr_line' id='line_1_17' title="bbox 38 2338 1685 2456; baseline 0.001 -29"><span class='ocrx_word' id='word_1_123' title='bbox 38 2343 39 2372; x_wconf 66' lang='lat'>³</span> <span class='ocrx_word' id='word_1_124' title='bbox 189 2339 343 2427; x_wconf 85' lang='lat' dir='ltr'>Missae</span> <span class='ocrx_word' id='word_1_125' title='bbox 379 2341 420 2424; x_wconf 90' lang='lat' dir='ltr'>iu</span> <span class='ocrx_word' id='word_1_126' title='bbox 480 2339 667 2455; x_wconf 86' lang='lat' dir='ltr'>publicis</span> <span class='ocrx_word' id='word_1_127' title='bbox 716 2340 928 2428; x_wconf 86' lang='lat' dir='ltr'>llratoriis</span> <span class='ocrx_word' id='word_1_128' title='bbox 964 2355 1003 2424; x_wconf 92' lang='lat' dir='ltr'>et</span> <span class='ocrx_word' id='word_1_129' title='bbox 1038 2338 1227 2456; x_wconf 85' lang='lat' dir='ltr'>Capellis</span> <span class='ocrx_word' id='word_1_130' title='bbox 1274 2339 1393 2426; x_wconf 92' lang='lat' dir='ltr'>nullo</span> <span class='ocrx_word' id='word_1_131' title='bbox 1444 2339 1593 2426; x_wconf 90' lang='lat' dir='ltr'>babitu</span> <span class='ocrx_word' id='word_1_132' title='bbox 1629 2341 1685 2428; x_wconf 89' lang='lat' dir='ltr'>ad</span> 
     </span>
     <span class='ocr_line' id='line_1_18' title="bbox 38 2461 1688 2580; baseline 0 -30"><span class='ocrx_word' id='word_1_133' title='bbox 38 2479 39 2550; x_wconf 85' lang='lat' dir='ltr'>l</span> <span class='ocrx_word' id='word_1_134' title='bbox 189 2462 366 2553; x_wconf 89' lang='lat' dir='ltr'>Missam</span> <span class='ocrx_word' id='word_1_135' title='bbox 395 2463 691 2551; x_wconf 84' lang='lat' dir='ltr'>Parocbialem</span> <span class='ocrx_word' id='word_1_136' title='bbox 718 2481 931 2580; x_wconf 87' lang='lat' dir='ltr'>respectu.</span> <span class='ocrx_word' id='word_1_137' title='bbox 959 2461 1089 2574; x_wconf 87' lang='lat' dir='ltr'>Quod</span> <span class='ocrx_word' id='word_1_138' title='bbox 1114 2461 1340 2550; x_wconf 86' lang='lat' dir='ltr'>adstruere</span> <span class='ocrx_word' id='word_1_139' title='bbox 1364 2463 1522 2576; x_wconf 77' lang='lat' dir='ltr'>satagit</span> <span class='ocrx_word' id='word_1_140' title='bbox 1545 2475 1688 2550; x_wconf 83' lang='lat' dir='ltr'>aucto-</span> 
     </span>
     <span class='ocr_line' id='line_1_19' title="bbox 190 2585 1687 2702; baseline 0 -30"><span class='ocrx_word' id='word_1_141' title='bbox 190 2585 318 2672; x_wconf 89' lang='lat' dir='ltr'>ritate</span> <span class='ocrx_word' id='word_1_142' title='bbox 371 2585 543 2672; x_wconf 82' lang='lat' dir='ltr'>innixus</span> <span class='ocrx_word' id='word_1_143' title='bbox 592 2589 637 2674; x_wconf 88' lang='lat' dir='ltr'>S.</span> <span class='ocrx_word' id='word_1_144' title='bbox 676 2589 728 2672; x_wconf 88' lang='lat' dir='ltr'>V.</span> <span class='ocrx_word' id='word_1_145' title='bbox 767 2589 821 2672; x_wconf 91' lang='lat'>0.</span> <span class='ocrx_word' id='word_1_146' title='bbox 864 2587 932 2674; x_wconf 92' lang='lat' dir='ltr'>cui</span> <span class='ocrx_word' id='word_1_147' title='bbox 984 2586 1206 2702; x_wconf 91' lang='lat' dir='ltr'>proposito</span> <span class='ocrx_word' id='word_1_148' title='bbox 1262 2617 1377 2672; x_wconf 77' lang='lat' dir='ltr'>anum</span> <span class='ocrx_word' id='word_1_149' title='bbox 1428 2586 1549 2671; x_wconf 83' lang='lat' dir='ltr'>toto</span> <span class='ocrx_word' id='word_1_150' title='bbox 1597 2585 1687 2672; x_wconf 93' lang='lat' dir='ltr'>du-</span> 
     </span>
    </p>
   </div>
   <div class='ocr_carea' id='block_1_4' title="bbox 188 2709 1685 2824">
    <p class='ocr_par' dir='ltr' id='par_1_4' title="bbox 188 2709 1685 2824">
     <span class='ocr_line' id='line_1_20' title="bbox 188 2709 1685 2824; baseline 0 -28"><span class='ocrx_word' id='word_1_151' title='bbox 188 2709 262 2796; x_wconf 92' lang='lat' dir='ltr'>bio</span> <span class='ocrx_word' id='word_1_152' title='bbox 305 2751 322 2786; x_wconf 77' lang='grc' dir='ltr'>ι</span> <span class='ocrx_word' id='word_1_153' title='bbox 356 2711 422 2794; x_wconf 84' lang='lat' dir='ltr'>Au</span> <span class='ocrx_word' id='word_1_154' title='bbox 458 2709 672 2795; x_wconf 77' lang='lat' dir='ltr'>Paracletus</span> <span class='ocrx_word' id='word_1_155' title='bbox 703 2709 927 2824; x_wconf 72' lang='lat' dir='ltr'>proludere</span> <span class='ocrx_word' id='word_1_156' title='bbox 958 2713 1090 2824; x_wconf 81' lang='lat' dir='ltr'>possit</span> <span class='ocrx_word' id='word_1_157' title='bbox 1123 2742 1170 2793; x_wconf 90' lang='lat' dir='ltr'>ue</span> <span class='ocrx_word' id='word_1_158' title='bbox 1193 2710 1236 2794; x_wconf 90' lang='lat' dir='ltr'>iu</span> <span class='ocrx_word' id='word_1_159' title='bbox 1260 2709 1436 2824; x_wconf 86' lang='lat' dir='ltr'>Capella</span> <span class='ocrx_word' id='word_1_160' title='bbox 1474 2711 1569 2793; x_wconf 89' lang='lat' dir='ltr'>rari</span> <span class='ocrx_word' id='word_1_161' title='bbox 1602 2738 1685 2823; x_wconf 88' lang='lat' dir='ltr'>per</span> 
     </span>
    </p>
   </div>
   <div class='ocr_carea' id='block_1_5' title="bbox 38 2831 1681 2952">
    <p class='ocr_par' dir='ltr' id='par_1_5' title="bbox 38 2831 1681 2952">
     <span class='ocr_line' id='line_1_21' title="bbox 38 2831 1681 2952; baseline -0.001 -34"><span class='ocrx_word' id='word_1_162' title='bbox 38 2869 39 2876; x_wconf 45' lang='lat'>¹</span> <span class='ocrx_word' id='word_1_163' title='bbox 188 2833 363 2918; x_wconf 84' lang='lat' dir='ltr'>Laicuru</span> <span class='ocrx_word' id='word_1_164' title='bbox 397 2831 620 2952; x_wconf 78' lang='lat' dir='ltr'>aedificata</span> <span class='ocrx_word' id='word_1_165' title='bbox 655 2835 695 2918; x_wconf 90' lang='lat' dir='ltr'>ia</span> <span class='ocrx_word' id='word_1_166' title='bbox 731 2833 818 2920; x_wconf 91' lang='lat' dir='ltr'>solo</span> <span class='ocrx_word' id='word_1_167' title='bbox 850 2833 1017 2948; x_wconf 84' lang='lat' dir='ltr'>publico</span> <span class='ocrx_word' id='word_1_168' title='bbox 1052 2832 1258 2918; x_wconf 86' lang='lat' dir='ltr'>celebrari</span> <span class='ocrx_word' id='word_1_169' title='bbox 1288 2835 1437 2947; x_wconf 86' lang='lat' dir='ltr'>possit,</span> <span class='ocrx_word' id='word_1_170' title='bbox 1464 2849 1681 2950; x_wconf 79' lang='lat' dir='ltr'>autcpamn</span> 
     </span>
    </p>
   </div>
   <div class='ocr_carea' id='block_1_6' title="bbox 183 2955 1785 4059">
    <p class='ocr_par' dir='ltr' id='par_1_6' title="bbox 183 2955 1785 4059">
     <span class='ocr_line' id='line_1_22' title="bbox 189 2955 1681 3072; baseline 0.001 -32"><span class='ocrx_word' id='word_1_171' title='bbox 189 2956 320 3042; x_wconf 83' lang='lat' dir='ltr'>Missa</span> <span class='ocrx_word' id='word_1_172' title='bbox 355 2955 579 3042; x_wconf 84' lang='lat' dir='ltr'>celebretur</span> <span class='ocrx_word' id='word_1_173' title='bbox 615 2957 658 3040; x_wconf 83' lang='lat' dir='ltr'>iu</span> <span class='ocrx_word' id='word_1_174' title='bbox 690 2957 877 3042; x_wconf 82' lang='lat' dir='ltr'>Ecclesia</span> <span class='ocrx_word' id='word_1_175' title='bbox 909 2955 1153 3072; x_wconf 86' lang='lat' dir='ltr'>paroclu&#39;ali</span> <span class='ocrx_word' id='word_1_176' title='bbox 1189 2956 1398 3042; x_wconf 81' lang='lat' dir='ltr'>rllatrire»</span> <span class='ocrx_word' id='word_1_177' title='bbox 1423 2956 1681 3072; x_wconf 90' lang='lat' dir='ltr'>rescriptum</span> 
     </span>
     <span class='ocr_line' id='line_1_23' title="bbox 189 3077 1699 3199; baseline 0 -35"><span class='ocrx_word' id='word_1_178' title='bbox 189 3079 267 3166; x_wconf 91' lang='lat' dir='ltr'>luit</span> <span class='ocrx_word' id='word_1_179' title='bbox 311 3121 326 3156; x_wconf 79' lang='grc' dir='ltr'>ι</span> <span class='ocrx_word' id='word_1_180' title='bbox 367 3078 593 3194; x_wconf 84' lang='lat' dir='ltr'>Supposita</span> <span class='ocrx_word' id='word_1_181' title='bbox 625 3079 829 3199; x_wconf 75' lang='lat' dir='ltr'>facultate</span> <span class='ocrx_word' id='word_1_182' title='bbox 865 3080 1054 3195; x_wconf 76' lang='lat' dir='ltr'>lepitirua</span> <span class='ocrx_word' id='word_1_183' title='bbox 1087 3078 1326 3164; x_wconf 84' lang='lat' dir='ltr'>celebrandi</span> <span class='ocrx_word' id='word_1_184' title='bbox 1362 3081 1405 3164; x_wconf 83' lang='lat' dir='ltr'>iu</span> <span class='ocrx_word' id='word_1_185' title='bbox 1451 3077 1567 3164; x_wconf 84' lang='lat' dir='ltr'>dicta</span> <span class='ocrx_word' id='word_1_186' title='bbox 1601 3079 1699 3164; x_wconf 86' lang='lat' dir='ltr'>Ca-&#39;</span> 
     </span>
     <span class='ocr_line' id='line_1_24' title="bbox 185 3199 1687 3319; baseline 0 -31"><span class='ocrx_word' id='word_1_187' title='bbox 185 3201 305 3317; x_wconf 88' lang='lat' dir='ltr'>pella</span> <span class='ocrx_word' id='word_1_188' title='bbox 339 3199 390 3287; x_wconf 89' lang='lat' dir='ltr'>dc</span> <span class='ocrx_word' id='word_1_189' title='bbox 422 3205 567 3318; x_wconf 79' lang='lat' dir='ltr'>ripere</span> <span class='ocrx_word' id='word_1_190' title='bbox 599 3204 707 3290; x_wconf 75' lang='lat' dir='ltr'>iuras</span> <span class='ocrx_word' id='word_1_191' title='bbox 740 3235 820 3290; x_wconf 85' lang='lat' dir='ltr'>auu</span> <span class='ocrx_word' id='word_1_192' title='bbox 863 3235 981 3319; x_wconf 86' lang='lat' dir='ltr'>posse</span> <span class='ocrx_word' id='word_1_193' title='bbox 1026 3201 1265 3318; x_wconf 81' lang='lat' dir='ltr'>prohiberi,</span> <span class='ocrx_word' id='word_1_194' title='bbox 1318 3201 1390 3288; x_wconf 73' lang='lat' dir='ltr'>sat</span> <span class='ocrx_word' id='word_1_195' title='bbox 1429 3201 1687 3317; x_wconf 81' lang='lat' dir='ltr'>Episcopum</span> 
     </span>
     <span class='ocr_line' id='line_1_25' title="bbox 183 3323 1686 3445; baseline 0.001 -35"><span class='ocrx_word' id='word_1_196' title='bbox 183 3357 267 3440; x_wconf 88' lang='lat' dir='ltr'>pro</span> <span class='ocrx_word' id='word_1_197' title='bbox 306 3323 539 3440; x_wconf 86' lang='lat' dir='ltr'>prudentia</span> <span class='ocrx_word' id='word_1_198' title='bbox 577 3357 725 3412; x_wconf 77' lang='lat' dir='ltr'>currere</span> <span class='ocrx_word' id='word_1_199' title='bbox 756 3359 874 3442; x_wconf 90' lang='lat' dir='ltr'>posse</span> <span class='ocrx_word' id='word_1_200' title='bbox 918 3343 961 3412; x_wconf 91' lang='lat' dir='ltr'>ut</span> <span class='ocrx_word' id='word_1_201' title='bbox 1012 3327 1056 3410; x_wconf 90' lang='lat' dir='ltr'>iu</span> <span class='ocrx_word' id='word_1_202' title='bbox 1100 3324 1244 3412; x_wconf 85' lang='lat' dir='ltr'>diebus</span> <span class='ocrx_word' id='word_1_203' title='bbox 1277 3325 1549 3445; x_wconf 80' lang='lat' dir='ltr'>sestr&#39;sprius</span> <span class='ocrx_word' id='word_1_204' title='bbox 1584 3324 1686 3412; x_wconf 89' lang='lat' dir='ltr'>cale·</span> 
     </span>
     <span class='ocr_line' id='line_1_26' title="bbox 190 3446 1682 3564; baseline 0.001 -31"><span class='ocrx_word' id='word_1_205' title='bbox 190 3448 339 3534; x_wconf 83' lang='lat' dir='ltr'>lrretru·</span> <span class='ocrx_word' id='word_1_206' title='bbox 375 3447 502 3535; x_wconf 85' lang='lat' dir='ltr'>Missa</span> <span class='ocrx_word' id='word_1_207' title='bbox 550 3449 593 3534; x_wconf 85' lang='lat' dir='ltr'>iu</span> <span class='ocrx_word' id='word_1_208' title='bbox 636 3449 881 3564; x_wconf 76' lang='lat' dir='ltr'>parochiali</span> <span class='ocrx_word' id='word_1_209' title='bbox 930 3449 1114 3534; x_wconf 81' lang='lat' dir='ltr'>Ecclesia</span> <span class='ocrx_word' id='word_1_210' title='bbox 1150 3463 1194 3535; x_wconf 90' lang='lat' dir='ltr'>ut</span> <span class='ocrx_word' id='word_1_211' title='bbox 1231 3450 1271 3534; x_wconf 92' lang='lat' dir='ltr'>in</span> <span class='ocrx_word' id='word_1_212' title='bbox 1316 3449 1391 3535; x_wconf 83' lang='lat' dir='ltr'>lilr.</span> <span class='ocrx_word' id='word_1_213' title='bbox 1431 3451 1489 3534; x_wconf 90' lang='grc'>16</span> <span class='ocrx_word' id='word_1_214' title='bbox 1524 3446 1682 3536; x_wconf 83' lang='lat' dir='ltr'>decret.</span> 
     </span>
     <span class='ocr_line' id='line_1_27' title="bbox 186 3571 1785 3689; baseline 0.001 -33"><span class='ocrx_word' id='word_1_215' title='bbox 186 3604 291 3687; x_wconf 75' lang='lat' dir='ltr'>pap.</span> <span class='ocrx_word' id='word_1_216' title='bbox 333 3571 415 3658; x_wconf 85' lang='lat' dir='ltr'>33t</span> <span class='ocrx_word' id='word_1_217' title='bbox 459 3572 668 3689; x_wconf 90' lang='lat' dir='ltr'>idemque</span> <span class='ocrx_word' id='word_1_218' title='bbox 702 3573 930 3661; x_wconf 88' lang='lat' dir='ltr'>decretum</span> <span class='ocrx_word' id='word_1_219' title='bbox 969 3572 1177 3660; x_wconf 88' lang='lat' dir='ltr'>lueratiu</span> <span class='ocrx_word' id='word_1_220' title='bbox 1218 3571 1462 3659; x_wconf 84' lang='lat' dir='ltr'>llrlu&#39;nateu.</span> <span class='ocrx_word' id='word_1_221' title='bbox 1508 3573 1568 3658; x_wconf 87' lang='grc'>27</span> <span class='ocrx_word' id='word_1_222' title='bbox 1607 3574 1688 3658; x_wconf 82' lang='grc' dir='ltr'>Ιοι-</span> <span class='ocrx_word' id='word_1_223' title='bbox 1781 3663 1785 3672; x_wconf 56' lang='grc'>,</span> 
     </span>
     <span class='ocr_line' id='line_1_28' title="bbox 189 3694 1683 3810; baseline 0.001 -30"><span class='ocrx_word' id='word_1_224' title='bbox 189 3696 254 3780; x_wconf 86' lang='lat' dir='ltr'>aii</span> <span class='ocrx_word' id='word_1_225' title='bbox 294 3694 406 3781; x_wconf 78' lang='grc'>1611</span> <span class='ocrx_word' id='word_1_226' title='bbox 465 3694 557 3782; x_wconf 87' lang='lat' dir='ltr'>eod.</span> <span class='ocrx_word' id='word_1_227' title='bbox 600 3695 674 3782; x_wconf 82' lang='lat' dir='ltr'>tia.</span> <span class='ocrx_word' id='word_1_228' title='bbox 720 3729 822 3810; x_wconf 78' lang='lat' dir='ltr'>pap.</span> <span class='ocrx_word' id='word_1_229' title='bbox 869 3698 960 3784; x_wconf 70' lang='lat'>543</span> <span class='ocrx_word' id='word_1_230' title='bbox 994 3729 1019 3782; x_wconf 88' lang='lat' dir='ltr'>a</span> <span class='ocrx_word' id='word_1_231' title='bbox 1054 3715 1159 3808; x_wconf 75' lang='lat' dir='ltr'>terp.</span> <span class='ocrx_word' id='word_1_232' title='bbox 1207 3695 1248 3781; x_wconf 89' lang='lat' dir='ltr'>in</span> <span class='ocrx_word' id='word_1_233' title='bbox 1291 3695 1551 3782; x_wconf 85' lang='lat' dir='ltr'>Forolt&#39;uieu.</span> <span class='ocrx_word' id='word_1_234' title='bbox 1591 3695 1683 3782; x_wconf 81' lang='grc' dir='ltr'>Ιιιο.</span> 
     </span>
     <span class='ocr_line' id='line_1_29' title="bbox 189 3817 1682 3938; baseline 0 -34"><span class='ocrx_word' id='word_1_235' title='bbox 189 3817 377 3904; x_wconf 73' lang='lat' dir='ltr'>Paroria.</span> <span class='ocrx_word' id='word_1_236' title='bbox 417 3819 476 3906; x_wconf 86' lang='grc'>18</span> <span class='ocrx_word' id='word_1_237' title='bbox 513 3818 752 3904; x_wconf 73' lang='lat' dir='ltr'>Nouembris</span> <span class='ocrx_word' id='word_1_238' title='bbox 791 3821 924 3917; x_wconf 82' lang='grc'>1681,</span> <span class='ocrx_word' id='word_1_239' title='bbox 963 3821 1004 3906; x_wconf 89' lang='lat' dir='ltr'>in</span> <span class='ocrx_word' id='word_1_240' title='bbox 1043 3819 1290 3905; x_wconf 87' lang='lat' dir='ltr'>Priuerueu.</span> <span class='ocrx_word' id='word_1_241' title='bbox 1334 3817 1484 3938; x_wconf 83' lang='lat' dir='ltr'>Aedis.</span> <span class='ocrx_word' id='word_1_242' title='bbox 1526 3818 1682 3904; x_wconf 86' lang='lat' dir='ltr'>Eccles.</span> 
     </span>
     <span class='ocr_line' id='line_1_30' title="bbox 191 3941 1688 4059; baseline 0.002 -33"><span class='ocrx_word' id='word_1_243' title='bbox 191 3957 226 4026; x_wconf 87' lang='lat' dir='ltr'>et</span> <span class='ocrx_word' id='word_1_244' title='bbox 259 3941 356 4028; x_wconf 89' lang='lat' dir='ltr'>Iar.</span> <span class='ocrx_word' id='word_1_245' title='bbox 408 3942 653 4028; x_wconf 82' lang='lat' dir='ltr'>Paraclu&#39;al.</span> <span class='ocrx_word' id='word_1_246' title='bbox 691 3943 752 4030; x_wconf 80' lang='grc'>21</span> <span class='ocrx_word' id='word_1_247' title='bbox 783 3941 1033 4059; x_wconf 83' lang='lat' dir='ltr'>Septembris</span> <span class='ocrx_word' id='word_1_248' title='bbox 1068 3942 1189 4030; x_wconf 85' lang='lat' dir='ltr'>t735</span> <span class='ocrx_word' id='word_1_249' title='bbox 1223 3941 1280 4028; x_wconf 87' lang='lat' dir='ltr'>ad</span> <span class='ocrx_word' id='word_1_250' title='bbox 1313 3943 1342 4028; x_wconf 93' lang='grc'>2</span> <span class='ocrx_word' id='word_1_251' title='bbox 1376 3941 1474 4028; x_wconf 82' lang='lat' dir='ltr'>dab.</span> <span class='ocrx_word' id='word_1_252' title='bbox 1513 3941 1688 4053; x_wconf 85' lang='lat' dir='ltr'>Quibus</span> 
     </span>
    </p>
   </div>
   <div class='ocr_carea' id='block_1_7' title="bbox 192 4064 1808 5538">
    <p class='ocr_par' dir='ltr' id='par_1_7' title="bbox 192 4064 1688 4674">
     <span class='ocr_line' id='line_1_31' title="bbox 192 4064 1687 4184; baseline 0 -34"><span class='ocrx_word' id='word_1_253' title='bbox 192 4064 403 4154; x_wconf 86' lang='lat' dir='ltr'>addenda</span> <span class='ocrx_word' id='word_1_254' title='bbox 436 4082 499 4152; x_wconf 89' lang='lat' dir='ltr'>est</span> <span class='ocrx_word' id='word_1_255' title='bbox 535 4066 738 4152; x_wconf 90' lang='lat' dir='ltr'>resolutio</span> <span class='ocrx_word' id='word_1_256' title='bbox 772 4069 817 4156; x_wconf 89' lang='lat' dir='ltr'>S.</span> <span class='ocrx_word' id='word_1_257' title='bbox 856 4071 908 4158; x_wconf 78' lang='lat' dir='ltr'>ll.</span> <span class='ocrx_word' id='word_1_258' title='bbox 945 4064 1302 4184; x_wconf 80' lang='lat' dir='ltr'>Congregatiouis</span> <span class='ocrx_word' id='word_1_259' title='bbox 1339 4065 1380 4151; x_wconf 93' lang='lat' dir='ltr'>in</span> <span class='ocrx_word' id='word_1_260' title='bbox 1406 4065 1591 4154; x_wconf 87' lang='lat' dir='ltr'>decretis</span> <span class='ocrx_word' id='word_1_261' title='bbox 1617 4097 1687 4182; x_wconf 73' lang='lat' dir='ltr'>ge·</span> 
     </span>
     <span class='ocr_line' id='line_1_32' title="bbox 192 4187 1684 4307; baseline 0.001 -34"><span class='ocrx_word' id='word_1_262' title='bbox 192 4187 422 4277; x_wconf 90' lang='lat' dir='ltr'>neralibus</span> <span class='ocrx_word' id='word_1_263' title='bbox 454 4221 570 4277; x_wconf 87' lang='lat' dir='ltr'>anno</span> <span class='ocrx_word' id='word_1_264' title='bbox 606 4191 725 4277; x_wconf 87' lang='grc'>1703</span> <span class='ocrx_word' id='word_1_265' title='bbox 760 4191 903 4294; x_wconf 86' lang='lat' dir='ltr'>editis,</span> <span class='ocrx_word' id='word_1_266' title='bbox 932 4191 1006 4278; x_wconf 95' lang='lat' dir='ltr'>ubi</span> <span class='ocrx_word' id='word_1_267' title='bbox 1032 4187 1253 4307; x_wconf 90' lang='lat' dir='ltr'>proposito</span> <span class='ocrx_word' id='word_1_268' title='bbox 1277 4187 1432 4278; x_wconf 91' lang='lat' dir='ltr'>dubio:</span> <span class='ocrx_word' id='word_1_269' title='bbox 1476 4231 1492 4268; x_wconf 78' lang='grc' dir='ltr'>ι</span> <span class='ocrx_word' id='word_1_270' title='bbox 1536 4187 1603 4274; x_wconf 74' lang='lat' dir='ltr'>Aa</span> <span class='ocrx_word' id='word_1_271' title='bbox 1639 4190 1684 4274; x_wconf 87' lang='lat' dir='ltr'>ia</span> 
     </span>
     <span class='ocr_line' id='line_1_33' title="bbox 193 4310 1681 4428; baseline 0.001 -33"><span class='ocrx_word' id='word_1_272' title='bbox 193 4310 343 4398; x_wconf 84' lang='lat' dir='ltr'>iisdem</span> <span class='ocrx_word' id='word_1_273' title='bbox 381 4311 574 4398; x_wconf 87' lang='lat' dir='ltr'>Ecclesiis</span> <span class='ocrx_word' id='word_1_274' title='bbox 613 4315 749 4428; x_wconf 84' lang='lat' dir='ltr'>pessit</span> <span class='ocrx_word' id='word_1_275' title='bbox 796 4314 998 4401; x_wconf 85' lang='lat' dir='ltr'>celebrari</span> <span class='ocrx_word' id='word_1_276' title='bbox 1035 4313 1162 4399; x_wconf 85' lang='lat' dir='ltr'>Missa</span> <span class='ocrx_word' id='word_1_277' title='bbox 1196 4314 1279 4398; x_wconf 87' lang='lat' dir='ltr'>siue</span> <span class='ocrx_word' id='word_1_278' title='bbox 1330 4313 1432 4400; x_wconf 85' lang='lat' dir='ltr'>lecta</span> <span class='ocrx_word' id='word_1_279' title='bbox 1465 4313 1549 4398; x_wconf 66' lang='lat' dir='ltr'>sitae</span> <span class='ocrx_word' id='word_1_280' title='bbox 1582 4344 1681 4397; x_wconf 80' lang='lat' dir='ltr'>crtu-</span> 
     </span>
     <span class='ocr_line' id='line_1_34' title="bbox 195 4436 1688 4525; baseline 0.001 -6"><span class='ocrx_word' id='word_1_281' title='bbox 195 4450 280 4522; x_wconf 87' lang='lat' dir='ltr'>tuta</span> <span class='ocrx_word' id='word_1_282' title='bbox 313 4451 408 4520; x_wconf 90' lang='lat' dir='ltr'>aute</span> <span class='ocrx_word' id='word_1_283' title='bbox 440 4436 608 4522; x_wconf 88' lang='lat' dir='ltr'>Missam</span> <span class='ocrx_word' id='word_1_284' title='bbox 644 4437 938 4524; x_wconf 80' lang='lat' dir='ltr'>Paroeluialeru</span> <span class='ocrx_word' id='word_1_285' title='bbox 966 4440 1052 4525; x_wconf 84' lang='lat' dir='ltr'>sire</span> <span class='ocrx_word' id='word_1_286' title='bbox 1078 4437 1218 4522; x_wconf 86' lang='lat' dir='ltr'>lectam</span> <span class='ocrx_word' id='word_1_287' title='bbox 1237 4437 1322 4523; x_wconf 85' lang='lat' dir='ltr'>siue</span> <span class='ocrx_word' id='word_1_288' title='bbox 1345 4453 1549 4523; x_wconf 86' lang='lat' dir='ltr'>cantatam</span> <span class='ocrx_word' id='word_1_289' title='bbox 1577 4466 1688 4521; x_wconf 76' lang='lat' dir='ltr'>»re-</span> 
     </span>
     <span class='ocr_line' id='line_1_35' title="bbox 194 4557 1681 4674; baseline -0.005 -31"><span class='ocrx_word' id='word_1_290' title='bbox 194 4587 401 4673; x_wconf 88' lang='lat' dir='ltr'>sponsum</span> <span class='ocrx_word' id='word_1_291' title='bbox 438 4559 517 4645; x_wconf 85' lang='lat' dir='ltr'>luit</span> <span class='ocrx_word' id='word_1_292' title='bbox 556 4601 573 4637; x_wconf 77' lang='grc' dir='ltr'>ι</span> <span class='ocrx_word' id='word_1_293' title='bbox 613 4561 812 4674; x_wconf 78' lang='lat' dir='ltr'>llepatiee</span> <span class='ocrx_word' id='word_1_294' title='bbox 842 4564 927 4646; x_wconf 83' lang='lat' dir='ltr'>uisi</span> <span class='ocrx_word' id='word_1_295' title='bbox 959 4561 1086 4648; x_wconf 85' lang='lat' dir='ltr'>aliter</span> <span class='ocrx_word' id='word_1_296' title='bbox 1138 4559 1367 4674; x_wconf 85' lang='lat' dir='ltr'>Episcopus</span> <span class='ocrx_word' id='word_1_297' title='bbox 1401 4557 1617 4672; x_wconf 86' lang='lat' dir='ltr'>disponat.</span> <span class='ocrx_word' id='word_1_298' title='bbox 1664 4599 1681 4635; x_wconf 68' lang='grc' dir='ltr'>ι</span> 
     </span>
    </p>

    <p class='ocr_par' dir='ltr' id='par_1_8' title="bbox 195 4679 1808 5538">
     <span class='ocr_line' id='line_1_36' title="bbox 320 4679 1684 4801; baseline -0.001 -33"><span class='ocrx_word' id='word_1_299' title='bbox 320 4685 373 4768; x_wconf 90' lang='lat' dir='ltr'>Et</span> <span class='ocrx_word' id='word_1_300' title='bbox 406 4681 573 4798; x_wconf 84' lang='lat' dir='ltr'>optimo</span> <span class='ocrx_word' id='word_1_301' title='bbox 607 4715 712 4770; x_wconf 88' lang='lat' dir='ltr'>sane</span> <span class='ocrx_word' id='word_1_302' title='bbox 746 4685 840 4774; x_wconf 88' lang='lat' dir='ltr'>iure</span> <span class='ocrx_word' id='word_1_303' title='bbox 874 4683 1131 4801; x_wconf 89' lang='lat' dir='ltr'>praeseribit</span> <span class='ocrx_word' id='word_1_304' title='bbox 1164 4683 1279 4769; x_wconf 89' lang='lat' dir='ltr'>enim</span> <span class='ocrx_word' id='word_1_305' title='bbox 1305 4681 1616 4770; x_wconf 82' lang='lat' dir='ltr'>Tridentinum</span> <span class='ocrx_word' id='word_1_306' title='bbox 1641 4679 1684 4766; x_wconf 92' lang='lat' dir='ltr'>in</span> 
     </span>
     <span class='ocr_line' id='line_1_37' title="bbox 195 4801 1688 4924; baseline -0.001 -36"><span class='ocrx_word' id='word_1_307' title='bbox 195 4835 290 4892; x_wconf 84' lang='lat' dir='ltr'>sess.</span> <span class='ocrx_word' id='word_1_308' title='bbox 328 4805 390 4894; x_wconf 81' lang='grc'>21</span> <span class='ocrx_word' id='word_1_309' title='bbox 423 4836 513 4922; x_wconf 88' lang='lat' dir='ltr'>cap.</span> <span class='ocrx_word' id='word_1_310' title='bbox 556 4807 582 4892; x_wconf 82' lang='grc'>-1</span> <span class='ocrx_word' id='word_1_311' title='bbox 613 4859 643 4876; x_wconf 91' lang='grc'>-</span> <span class='ocrx_word' id='word_1_312' title='bbox 678 4807 738 4894; x_wconf 91' lang='lat' dir='ltr'>ibi</span> <span class='ocrx_word' id='word_1_313' title='bbox 771 4857 800 4872; x_wconf 93' lang='lat'>-</span> <span class='ocrx_word' id='word_1_314' title='bbox 827 4847 843 4886; x_wconf 71' lang='lat' dir='ltr'>a</span> <span class='ocrx_word' id='word_1_315' title='bbox 872 4809 1111 4924; x_wconf 80' lang='lat' dir='ltr'>Moaeatque</span> <span class='ocrx_word' id='word_1_316' title='bbox 1136 4806 1365 4922; x_wconf 86' lang='lat' dir='ltr'>Episcopus</span> <span class='ocrx_word' id='word_1_317' title='bbox 1386 4805 1591 4921; x_wconf 78' lang='lat' dir='ltr'>populans</span> <span class='ocrx_word' id='word_1_318' title='bbox 1618 4801 1688 4888; x_wconf 87' lang='lat' dir='ltr'>di·</span> 
     </span>
     <span class='ocr_line' id='line_1_38' title="bbox 199 4926 1690 5048; baseline -0.001 -36"><span class='ocrx_word' id='word_1_319' title='bbox 199 4926 388 5044; x_wconf 81' lang='lat' dir='ltr'>lipeuter,</span> <span class='ocrx_word' id='word_1_320' title='bbox 412 4931 542 5016; x_wconf 85' lang='lat' dir='ltr'>teucri</span> <span class='ocrx_word' id='word_1_321' title='bbox 563 4962 883 5048; x_wconf 83' lang='lat' dir='ltr'>unumquemque</span> <span class='ocrx_word' id='word_1_322' title='bbox 897 4930 1126 5046; x_wconf 85' lang='lat' dir='ltr'>parocltioe</span> <span class='ocrx_word' id='word_1_323' title='bbox 1143 4963 1238 5016; x_wconf 86' lang='lat' dir='ltr'>suae</span> <span class='ocrx_word' id='word_1_324' title='bbox 1256 4931 1462 5026; x_wconf 74' lang='lat' dir='ltr'>iuteresse,</span> <span class='ocrx_word' id='word_1_325' title='bbox 1491 4927 1562 5013; x_wconf 83' lang='lat' dir='ltr'>ubi</span> <span class='ocrx_word' id='word_1_326' title='bbox 1585 4958 1690 5012; x_wconf 90' lang='lat' dir='ltr'>aoru-</span> 
     </span>
     <span class='ocr_line' id='line_1_39' title="bbox 197 5050 1686 5172; baseline -0.001 -37"><span class='ocrx_word' id='word_1_327' title='bbox 197 5050 315 5172; x_wconf 79' lang='lat' dir='ltr'>mode</span> <span class='ocrx_word' id='word_1_328' title='bbox 350 5051 399 5138; x_wconf 89' lang='lat' dir='ltr'>id</span> <span class='ocrx_word' id='word_1_329' title='bbox 430 5053 528 5172; x_wconf 84' lang='lat' dir='ltr'>fieri</span> <span class='ocrx_word' id='word_1_330' title='bbox 554 5069 707 5169; x_wconf 79' lang='lat' dir='ltr'>puteal,</span> <span class='ocrx_word' id='word_1_331' title='bbox 745 5053 802 5142; x_wconf 86' lang='lat' dir='ltr'>od</span> <span class='ocrx_word' id='word_1_332' title='bbox 834 5053 1089 5142; x_wconf 85' lang='lat' dir='ltr'>audiendum</span> <span class='ocrx_word' id='word_1_333' title='bbox 1138 5053 1304 5142; x_wconf 82' lang='lat' dir='ltr'>uerbum</span> <span class='ocrx_word' id='word_1_334' title='bbox 1351 5053 1446 5138; x_wconf 85' lang='lat' dir='ltr'>Dei.</span> <span class='ocrx_word' id='word_1_335' title='bbox 1476 5053 1551 5138; x_wconf 70' lang='lat' dir='ltr'>&#39;Ar</span> <span class='ocrx_word' id='word_1_336' title='bbox 1586 5078 1686 5136; x_wconf 89' lang='lat' dir='ltr'>eum</span> 
     </span>
     <span class='ocr_line' id='line_1_40' title="bbox 195 5173 1686 5291; baseline 0.001 -33"><span class='ocrx_word' id='word_1_337' title='bbox 195 5175 276 5262; x_wconf 89' lang='lat' dir='ltr'>Dei</span> <span class='ocrx_word' id='word_1_338' title='bbox 313 5178 498 5264; x_wconf 91' lang='lat' dir='ltr'>verbum</span> <span class='ocrx_word' id='word_1_339' title='bbox 534 5209 588 5265; x_wconf 79' lang='lat' dir='ltr'>en</span> <span class='ocrx_word' id='word_1_340' title='bbox 621 5177 817 5268; x_wconf 89' lang='lat' dir='ltr'>eiusdem</span> <span class='ocrx_word' id='word_1_341' title='bbox 852 5177 1101 5268; x_wconf 87' lang='lat' dir='ltr'>Tridentini</span> <span class='ocrx_word' id='word_1_342' title='bbox 1137 5179 1313 5265; x_wconf 88' lang='lat' dir='ltr'>decreto</span> <span class='ocrx_word' id='word_1_343' title='bbox 1337 5207 1433 5263; x_wconf 86' lang='lat' dir='ltr'>sess.</span> <span class='ocrx_word' id='word_1_344' title='bbox 1455 5175 1515 5263; x_wconf 86' lang='grc'>22</span> <span class='ocrx_word' id='word_1_345' title='bbox 1535 5205 1630 5291; x_wconf 87' lang='lat' dir='ltr'>cap.</span> <span class='ocrx_word' id='word_1_346' title='bbox 1657 5173 1686 5261; x_wconf 84' lang='lat'>8</span> 
     </span>
     <span class='ocr_line' id='line_1_41' title="bbox 195 5299 1684 5418; baseline -0.001 -36"><span class='ocrx_word' id='word_1_347' title='bbox 195 5327 220 5382; x_wconf 90' lang='lat' dir='ltr'>a</span> <span class='ocrx_word' id='word_1_348' title='bbox 253 5300 455 5388; x_wconf 78' lang='lat' dir='ltr'>Paruulus</span> <span class='ocrx_word' id='word_1_349' title='bbox 490 5303 557 5388; x_wconf 90' lang='lat' dir='ltr'>vel</span> <span class='ocrx_word' id='word_1_350' title='bbox 592 5332 673 5416; x_wconf 93' lang='lat' dir='ltr'>per</span> <span class='ocrx_word' id='word_1_351' title='bbox 704 5333 758 5395; x_wconf 73' lang='lat' dir='ltr'>se,</span> <span class='ocrx_word' id='word_1_352' title='bbox 784 5302 853 5390; x_wconf 91' lang='lat' dir='ltr'>vel</span> <span class='ocrx_word' id='word_1_353' title='bbox 890 5333 968 5418; x_wconf 87' lang='lat' dir='ltr'>per</span> <span class='ocrx_word' id='word_1_354' title='bbox 1000 5301 1131 5387; x_wconf 90' lang='lat' dir='ltr'>alium</span> <span class='ocrx_word' id='word_1_355' title='bbox 1167 5301 1221 5387; x_wconf 88' lang='lat' dir='ltr'>sit</span> <span class='ocrx_word' id='word_1_356' title='bbox 1247 5299 1619 5399; x_wconf 87' lang='lat' dir='ltr'>annuntiandum,</span> <span class='ocrx_word' id='word_1_357' title='bbox 1641 5311 1684 5382; x_wconf 88' lang='lat' dir='ltr'>et</span> 
     </span>
     <span class='ocr_line' id='line_1_42' title="bbox 198 5418 1808 5538; baseline 0 -33"><span class='ocrx_word' id='word_1_358' title='bbox 198 5421 508 5538; x_wconf 80' lang='lat' dir='ltr'>explicandum</span> <span class='ocrx_word' id='word_1_359' title='bbox 545 5424 658 5512; x_wconf 92' lang='lat' dir='ltr'>inter</span> <span class='ocrx_word' id='word_1_360' title='bbox 690 5427 915 5513; x_wconf 85' lang='lat' dir='ltr'>Missurum</span> <span class='ocrx_word' id='word_1_361' title='bbox 951 5423 1292 5514; x_wconf 90' lang='lat' dir='ltr'>celebrationem</span> <span class='ocrx_word' id='word_1_362' title='bbox 1315 5421 1467 5510; x_wconf 87' lang='lat' dir='ltr'>Beued.</span> <span class='ocrx_word' id='word_1_363' title='bbox 1496 5421 1614 5512; x_wconf 77' lang='lat' dir='ltr'>XlV</span> <span class='ocrx_word' id='word_1_364' title='bbox 1633 5418 1684 5506; x_wconf 87' lang='lat' dir='ltr'>de</span> <span class='ocrx_word' id='word_1_365' title='bbox 1805 5517 1808 5528; x_wconf 16' lang='lat' dir='ltr'>q</span> 
     </span>
    </p>
   </div>
   <div class='ocr_carea' id='block_1_8' title="bbox 199 5539 1682 5688">
    <p class='ocr_par' dir='ltr' id='par_1_9' title="bbox 199 5539 1682 5688">
     <span class='ocr_line' id='line_1_43' title="bbox 199 5539 1682 5688; baseline 0.003 -60"><span class='ocrx_word' id='word_1_366' title='bbox 199 5539 295 5658; x_wconf 84' lang='lat' dir='ltr'>Syn.</span> <span class='ocrx_word' id='word_1_367' title='bbox 331 5545 478 5634; x_wconf 86' lang='lat' dir='ltr'>Dioec.</span> <span class='ocrx_word' id='word_1_368' title='bbox 518 5546 592 5634; x_wconf 80' lang='lat' dir='ltr'>tib.</span> <span class='ocrx_word' id='word_1_369' title='bbox 639 5549 685 5633; x_wconf 87' lang='lat' dir='ltr'>ll</span> <span class='ocrx_word' id='word_1_370' title='bbox 727 5577 821 5688; x_wconf 80' lang='lat' dir='ltr'>cap.</span> <span class='ocrx_word' id='word_1_371' title='bbox 860 5547 919 5636; x_wconf 73' lang='lat' dir='ltr'>tt</span> <span class='ocrx_word' id='word_1_372' title='bbox 951 5580 1064 5636; x_wconf 82' lang='lat' dir='ltr'>aaut.</span> <span class='ocrx_word' id='word_1_373' title='bbox 1103 5547 1177 5634; x_wconf 88' lang='grc'>12.</span> <span class='ocrx_word' id='word_1_374' title='bbox 1211 5543 1682 5664; x_wconf 85' lang='lat' dir='ltr'>Patetproindequod</span> 
     </span>
    </p>
   </div>
   <div class='ocr_carea' id='block_1_9' title="bbox 0 0 2263 6308">
    <p class='ocr_par' dir='ltr' id='par_1_10' title="bbox 0 0 2263 6308">
     <span class='ocr_line' id='line_1_44' title="bbox 0 0 2263 6308; baseline 0 0"><span class='ocrx_word' id='word_1_375' title='bbox 0 0 2263 6308; x_wconf 95' lang='lat' dir='ltr'> </span> 
     </span>
    </p>
   </div>
  </div>
 </body>
</html>
