4530 6336
728 290 812 377 Die
842 287 894 375 21
936 287 1054 376 lunii
1085 288 1224 378 tart).
1635 288 1727 382 285

232 404 472 508 Clementis
506 413 603 498 Vlll
638 410 692 500 ad
726 443 835 532 quas
868 411 1076 502 Canonici
1112 410 1347 528 praecipue
1372 411 1595 532 appellant
1620 441 1722 526 pro-

234 539 297 628 uti
333 537 514 628 inlerius
550 533 735 652 patebit.
772 537 883 626 Cum
917 535 1038 624 enim
1075 536 1193 653 ipsae
1225 563 1319 622 sese
1339 535 1531 624 referant
1551 535 1605 622 ad
1630 535 1720 628 iai·

236 663 348 752 tium
391 657 680 750 saeculiXV
728 659 849 746 nullo
884 659 925 745 in
964 659 1103 774 pretio
1138 658 1289 746 baberi
1346 656 1540 748 debeant
1573 662 1725 776 prouti
1873 732 1879 737 -

233 787 382 876 editae
418 785 474 872 ab
509 780 744 898 Antipapis
777 781 1017 875 Benedicto
1050 799 1096 868 et.
1128 781 1372 884 Clemente,
1415 781 1491 898 qui
1525 813 1576 870 co
1599 814 1724 902 prae·

234 909 322 998 eise
357 927 557 1023 tempore
611 905 919 1022 Hispaniarum
976 903 1244 992 direxerunt
1298 904 1522 994 Ecclesiae.
1561 907 1727 1000 Omnes

231 1034 354 1122 enim
397 1045 554 1118 norunt
594 1027 868 1118 Clementem
904 1029 1000 1116 Vlll
1033 1055 1291 1143 supremum
1347 1029 1561 1117 Ecclesiae
1597 1033 1721 1152 regi-

234 1187 337 1247 men
380 1152 570 1242 tenuisse
601 1151 684 1240 sub
719 1149 852 1240 linem
888 1149 1048 1238 saeculi
1083 1153 1186 1238 Xt't
1231 1167 1273 1236 et
1320 1149 1493 1238 initium
1522 1154 1643 1240 XVll
1667 1156 1726 1244 ab

233 1311 351 1368 anno
404 1306 565 1392 nempe
613 1274 734 1362 1592
777 1274 829 1363 ad
877 1305 1038 1362 annum
1088 1274 1240 1378 t605;
1273 1273 1563 1362 benedictum
1623 1306 1725 1366 vero

233 1405 338 1490 Xlll
373 1401 578 1488 volvente
613 1400 784 1488 saeculo
816 1399 957 1486 XVlll
994 1397 1050 1484 ab
1085 1428 1199 1484 anno
1236 1427 1396 1516 nempe
1431 1397 1626 1486 t72tad
1648 1431 1724 1486 an-

235 1557 346 1616 num
388 1525 510 1612 1730
544 1522 586 1608 in
629 1523 741 1610 Petri
787 1521 1005 1610 Catbedra
1039 1519 1218 1610 sedisse.

360 1651 421 1734 Ex
452 1645 588 1734 altera
620 1674 725 1734 vcro
760 1661 883 1764 parte
925 1642 1133 1737 Canonici
1166 1644 1452 1744 contendunt,
1479 1643 1561 1732 sibi
1599 1647 1726 1734 nulli·

125 1885 129 1890 Ι
235 1771 367 1864 mode
405 1770 659 1858 incumbere
693 1800 802 1856 onus
842 1766 1098 1856 celebrandi
1146 1767 1343 1886 quotidie
1394 1769 1562 1856 Missam
1611 1771 1724 1859 Con·

230 1895 501 1995 veatualem;
530 1893 656 1981 buius
690 1893 1016 2010 eleemosynam
1053 1888 1373 1978 desumendum
1407 1923 1498 1978 csse
1543 1921 1629 1980 noir
1667 1913 1728 1982 ex'

239 2049 380 2107 massa
425 2015 819 2119 distributionum,
870 2014 949 2102 sed
998 2044 1052 2100 ex
1101 2012 1239 2103 lando
1288 2015 1471 2105 Sacrarii
1519 2015 1587 2102 vel
1638 2017 1727 2104 Fa-

233 2143 382 2230 bricac
426 2141 662 2248 Ecclesiam
714 2138 832 2226 chori
883 2136 1107 2226 servitium
1153 2137 1460 2255 quotidianum
1514 2169 1724 2255 peragen-

235 2264 343 2354 dum
381 2295 474 2350 esse
507 2259 725 2350 exclusive
759 2293 782 2349 a
821 2259 1113 2380 Cappellanis.
1151 2263 1274 2372 Quae
1327 2279 1372 2348 ut
1421 2261 1643 2377 probent,
1682 2263 1725 2350 in

234 2389 389 2504 primis
422 2385 619 2474 recolunt
653 2382 838 2473 officium
874 2385 991 2474 chori
1027 2401 1069 2470 et
1115 2384 1259 2472 altaris
1292 2386 1348 2472 ab
1382 2383 1473 2501 ipsa
1508 2383 1725 2474 erectione
1764 2431 1770 2442 ·

230 2509 447 2600 Ecclesiae
483 2509 711 2626 impletum
757 2507 887 2596 luisse
923 2537 999 2624 per
1032 2507 1252 2594 Vicarium
1291 2521 1571 2626 perpetuum,
1599 2509 1726 2598 cuius
1789 2545 1797 2560 ·

232 2631 371 2727 officio
403 2661 635 2749 suppresso
669 2662 784 2720 anno
820 2633 956 2734 4405,
984 2631 1026 2718 in
1050 2631 1142 2720 eius
1165 2631 1308 2718 locum
1327 2663 1350 2720 a
1372 2631 1606 2720 Benedicto
1624 2633 1726 2722 Xlll

230 2765 345 2846 anno
374 2758 419 2844 ll
452 2758 516 2842 sui
536 2753 818 2844 rorrrifiearns
837 2755 925 2844 duo
941 2771 1084 2843 eccela
1123 2753 1299 2842 luerunt
1320 2754 1534 2844 beneficia
1557 2755 1725 2844 lrcbdo-

232 2881 427 2970 medaria
466 2895 630 2968 curata.
660 2878 723 2967 Ad
761 2910 852 2966 rem
888 2877 1078 2968 allerunt
1109 2877 1446 2996 pseudobullam
1500 2877 1725 2968 benedicti

231 3007 334 3092 Xlll
370 3004 412 3092 in
447 3034 534 3122 qua
571 3001 809 3120 perlegitur
845 3002 1001 3092 Vicarii
1039 3002 1240 3122 perpetui
1265 2999 1451 3090 officium
1481 3001 1721 3094 «annulla-

241 3169 257 3204 ι
287 3159 383 3215 mus
412 3144 454 3214 et
473 3125 789 3244 supprimimus
812 3143 852 3214 et
880 3113 1053 3244 penitus
1092 3156 1364 3227 revocamus,
1406 3156 1456 3214 ac
1490 3127 1725 3216 instalum

240 3249 412 3370 ‹Jsuum
431 3251 631 3340 debitum
660 3248 965 3338 reducimus...
990 3247 1177 3337 Provide
1196 3265 1454 3353 statuentes,
1482 3250 1728 3338 decernen-

237 3391 348 3489 etes
373 3391 413 3462 et
436 3373 567 3461 ctiam
604 3373 873 3475 ordinantes,
902 3371 1021 3494 quod
1055 3372 1112 3460 de
1145 3391 1290 3460 cetero
1315 3373 1540 3490 perpetuis
1564 3373 1727 3462 lutaris
1858 3402 1863 3412 ·

240 3497 561 3613 «temporibus
594 3499 681 3583 sint.
714 3497 755 3584 in
791 3495 967 3583 civitate
1001 3513 1045 3582 et
1082 3497 1268 3584 Ecclesia
1286 3497 1594 3614 Segobricensi
1629 3496 1722 3585 duo

237 3619 498 3709 «beneficia
532 3637 698 3718 curata,
731 3619 1010 3708 residentiam
1047 3621 1321 3736 personalem
1357 3619 1645 3739 requirentia,
1678 3633 1724 3706 et

237 3783 253 3820 e
286 3745 510 3832 universos
532 3774 674 3832 sacros
692 3741 882 3834 Ordines
905 3742 1114 3830 babentia
1121 3809 1212 3830 .....
1220 3744 1293 3860 qui
1314 3757 1524 3832 vocentur
1541 3743 1721 3830 Hebdo-

235 3866 470 3986 ¹«madarii
503 3866 653 3958 Curati
687 3885 730 3956 et
766 3867 966 3984 perpetui
1016 3865 1156 3954 dictae
1198 3865 1323 3956 Sedis
1370 3866 1719 3985 Segobriccnsis.

236 4030 253 4066 ι
281 3991 402 4078 Unus
437 4021 490 4078 ev
526 4010 649 4107 parto
684 4021 784 4091 una,
807 3990 916 4078 alter
950 3989 1120 4078 exalia
1159 4005 1284 4107 parte
1317 3989 1433 4079 chori
1458 3989 1592 4081 Sedis
1615 3990 1725 4077 cius·

237 4155 253 4189 ι
282 4111 383 4201 dem
406 4113 630 4232 perpetuis
661 4112 814 4204 laturis
849 4114 1122 4228 temporibus
1145 4113 1343 4230 psallent,
1380 4143 1723 4232 suamquescm·

236 4275 254 4314 c
284 4267 364 4354 per
383 4240 424 4324 in
464 4236 684 4354 praedicta
725 4237 901 4324 civitate
932 4235 1233 4356 Segobriceusi
1258 4235 1419 4326 iaciant
1438 4235 1721 4326 residentiam

236 4397 255 4440 r
284 4363 577 4479 personalem,
614 4391 692 4450 nec
730 4391 814 4447 non
839 4361 1109 4479 praedictam
1140 4392 1289 4452 curam
1308 4381 1350 4448 et
1375 4359 1566 4450 olsrcium
1591 4389 1722 4466 carrae

239 4484 538 4601 «praedictae
581 4484 705 4595 Sedis
739 4486 834 4572 eius
869 4484 1132 4588 Paraclriae,
1176 4516 1341 4574 necnon
1376 4484 1518 4574 dictae
1571 4481 1721 4568 llissae

234 4647 251 4684 ι
280 4607 589 4698 Conventualis
606 4607 969 4712 celebrationem,
988 4608 1239 4697 divinorum
1260 4606 1505 4696 officiorum
1530 4605 1712 4702 ‚inchoa-

235 4774 253 4808 ι
283 4732 438 4836 tiones,
464 4748 506 4818 ot
530 4732 615 4820 alia
646 4761 758 4850 quae
790 4732 866 4817 soli
886 4733 1047 4822 Curato
1083 4732 1326 4850 praedicto,
1362 4747 1408 4820 ut
1427 4725 1718 4848 praedicitur,

234 4853 619 4944 «incumbebant.
654 4897 667 4930 ·

254 5065 258 5070 .
342 4981 465 5091 Quae
477 4977 565 5066 duo
578 4977 789 5068 bonelicia
805 4977 1150 5066 hebdomadaria
1164 4996 1331 5082 curata,
1348 4978 1560 5079 subdunt,
1578 4975 1636 5062 ab
1650 5004 1725 5060 eo-

231 5099 335 5189 dem
352 5102 591 5190 Benedicto
609 5103 708 5188 Xlll
726 5103 806 5190 alia
826 5102 951 5189 Bulla
973 5100 1072 5189 data
1092 5104 1584 5218 Caesaraugustaeanno
1604 5095 1724 5182 1115

232 5223 276 5314 in
295 5226 582 5314 Canonicatus
606 5245 775 5314 curatos
808 5241 951 5312 erecta
983 5241 1102 5313 sunt:
1144 5227 1275 5314 «ttos
1310 5225 1443 5344 igitur
1471 5217 1722 5310 huiusmodi

236 5388 254 5427 ι
286 5367 479 5438 vestrum
502 5349 722 5438 laudabile
741 5347 1011 5466 propositum
1034 5347 1210 5464 plurimi
1228 5348 1271 5436 in
1294 5349 1485 5438 Domino
1504 5375 1726 5436 commen·

233 5511 251 5552 ι
280 5470 452 5576 dantes,
475 5472 725 5560 buinsmodi
755 5470 1146 5590 supplicationibus
1178 5473 1375 5562 Ecclesiis
1394 5465 1724 5593 (segobricensi
