4530 6336
560 312 651 406 324
1054 307 1137 398 Die
1168 305 1228 392 26
1259 303 1366 392 lulii
1400 305 1537 392 1879:

558 439 631 526 nio
664 427 966 524 contrahendo
999 429 1230 518 eximeret.
1266 425 1465 517 Affirmet
1496 427 1543 516 id
1578 426 1622 512 in
1656 427 1924 516 contrarium
1958 431 2055 521 ad..

556 561 714 652 ductus
749 553 871 644 testis
901 549 1106 642 Notarius
1138 551 1399 640 Brenoetuit
1437 591 1453 630 ι
1493 548 1698 640 Allorcbie
1725 549 1765 636 io
1799 581 2051 669 preparava

558 725 577 766 ι
620 682 650 768 il
682 693 902 766 contratto
937 674 1105 764 nuziale
1138 674 1181 762 vi
1214 704 1351 762 aveva
1376 671 1619 762 introdotto
1653 702 1741 760 una
1763 674 1951 764 clausola
1976 709 2046 768 re-

564 847 581 884 ·
620 799 808 890 strittiva
842 797 1118 913 dell'ipoteca
1151 795 1291 914 legale
1324 795 1439 884 della
1472 795 1650 912 moglie,
1687 796 1715 882 il
1751 798 1904 884 Notaio
1928 799 2055 890 della

562 969 578 1008 ι
618 921 816 1040 lamiglia
834 920 879 1012 di
901 919 1253 1021 Clrel-d’Hostel‚
1289 917 1464 1008 avendo
1497 918 1603 1006 latta
1647 949 1705 1004 un
1755 921 1947 1009 reclamo
1980 953 2057 1012 so·

566 1092 585 1130 «
623 1077 703 1166 pra
735 1059 890 1163 questo
923 1056 1078 1162 punto,
1115 1041 1145 1130 il
1180 1042 1337 1159 Signor
1371 1042 1515 1130 Pietro
1549 1040 1596 1129 di
1629 1043 1850 1130 Rosmelet
1873 1044 1933 1130 mi
1959 1047 2056 1136 dis-

565 1214 583 1252 «
621 1201 715 1260 se.
757 1235 767 1254 .
810 1166 1038 1284 .bisogaa
1073 1180 1197 1256 tener
1244 1164 1354 1252 lorte
1400 1181 1578 1253 necrte
1625 1195 1761 1252 ease:
1798 1167 2049 1256 mandateli

564 1336 581 1373 ι
621 1327 646 1384 a
681 1291 954 1410 passaggiare
993 1331 1033 1378 ι.
1054 1289 1335 1406 Quapropter
1368 1287 1488 1376 testis
1520 1287 1589 1376 hic
1621 1316 1871 1378 asseverare
1902 1291 2055 1409 potuit

557 1415 680 1537 quod
712 1419 867 1504 Petrus
893 1453 910 1491 ι
940 1413 996 1502 ba
1033 1412 1178 1500 subito
1213 1411 1252 1498 la
1287 1411 1461 1499 votonrt
1495 1410 1540 1498 di
1574 1440 1650 1498 sua
1683 1409 1748 1498 nia
1799 1443 1878 1527 per
1908 1415 2053 1504 salve·

562 1581 580 1620 a
620 1569 666 1627 re
700 1540 740 1626 lo
775 1555 888 1626 terra
920 1535 964 1624 di
999 1533 1193 1652 lamiglia
1226 1533 1469 1622 necessaria
1503 1533 1585 1622 alle
1623 1533 1823 1648 Signoria
1855 1531 1900 1622 di
1937 1539 2059 1626 llos·-

568 1703 585 1740 ι
627 1661 761 1752 melet
800 1701 838 1746 ι.

678 1781 767 1873 Sed
801 1813 886 1870 non
921 1781 1103 1870 minoris
1154 1779 1359 1900 ponderis
1406 1809 1499 1868 esse
1549 1779 1896 1868 circumstantias
1931 1813 2055 1900 quae

558 1904 892 1997 matrimonium
924 1903 1159 1994 comitatae
1191 1933 1240 1992 ac
1263 1901 1569 2020 „subsequutae
1618 1917 1736 2009 sunt.
1774 1905 1957 1992 Bacenis
1991 1906 2057 1991 si-

557 2029 740 2149 quidem
776 2043 916 2116 mater
949 2041 1104 2114 testata
1136 2043 1200 2116 est
1240 2067 1256 2103 ι
1296 2043 1437 2139 questa
1485 2025 1753 2142 ripapnanza
1785 2027 1823 2112 si
1853 2030 1875 2112 ri
1909 2029 2057 2114 mani-

558 2155 712 2275 festata
744 2149 1024 2238 chiaramonte
1053 2148 1214 2265 prima
1242 2146 1446 2246 nell'atto,
1469 2181 1489 2234 e
1511 2147 1624 2265 dopo
1658 2148 1987 2236 ilmatriaronia
2013 2191 2054 2238 s.

560 2277 644 2365 Cui
667 2273 927 2362 testimonio
950 2288 1159 2361 consonat
1191 2273 1382 2360 alterum
1407 2273 1582 2360 llenriei
1599 2272 1808 2384 Quesnel,
1831 2295 1874 2358 et
1900 2277 1967 2360 De
1991 2275 2055 2362 La
2205 2367 2208 2372 ,

561 2397 766 2488 Russerie
798 2395 873 2514 qui
908 2413 1135 2512 tamquam
1171 2412 1298 2482 testes
1331 2394 1615 2484 matrimonio
1650 2393 1930 2482 adstiterunt.
1948 2396 2058 2483 Pri-

559 2549 656 2610 mus
689 2519 808 2608 enim
843 2533 1024 2606 testatus
1045 2533 1127 2606 est:
1154 2548 1348 2632 ‹aaurpre
1385 2517 1437 2604 lo
1459 2519 1689 2604 riararcato
1723 2516 1794 2604 ale
1826 2519 1861 2604 il
1898 2517 2056 2636 Sipnor

561 2644 711 2730 Pietra
742 2640 944 2730 Boamelet
975 2671 1048 2728 era
1081 2640 1130 2728 di
1162 2672 1218 2726 an
1261 2657 1466 2728 carattere
1508 2640 1635 2728 molto
1672 2638 1828 2760 [reddo
1862 2674 1882 2726 e
1923 2643 2053 2730 arolto

560 2768 766 2854 riseruato
787 2804 826 2862 s,
849 2794 903 2850 ex
950 2794 1038 2882 quo
1061 2777 1182 2877 patet
1214 2763 1333 2880 quod
1369 2765 1410 2850 in
1448 2763 1582 2878 ipsius
1615 2763 1924 2852 celebrationis
1958 2795 2055 2854 ma·

562 2887 758 2976 trimonii
793 2901 891 2974 actu
923 2885 1035 2976 banc
1072 2885 1444 3002 frigiditatemin
1489 2887 1619 2974 Petro
1663 2901 1926 2989 notaverat,
1972 2885 2052 3006 qui

565 3005 761 3126 alioquin
795 3039 896 3096 cum
929 3009 983 3096 sit
1015 3023 1171 3098 natura
1203 3040 1281 3098 sua
1313 3008 1516 3106 vividus,
1572 3025 1805 3128 promptus
1847 3027 1892 3096 et
1943 3009 2053 3098 alla·

561 3133 682 3234 bilis,
719 3131 911 3220 ostendit
965 3133 1082 3220 malo
1119 3130 1267 3220 animo
1307 3132 1380 3220 bas
1420 3133 1592 3250 nuptiae
1624 3133 1883 3220 celebrasse.
1921 3131 2054 3222 Alter

566 3271 716 3345 antem
764 3254 969 3370 deposuit
1014 3255 1055 3344 ll
1090 3255 1140 3342 di
1192 3255 1255 3340 lai
1287 3271 1483 3371 coratepno
1522 3289 1542 3342 e
1588 3255 1630 3341 la
1666 3253 1715 3340 di
1751 3255 1813 3342 lai
1855 3253 2055 3343 condutta

566 3380 681 3468 nella
714 3377 996 3466 celebrazioae
1029 3377 1100 3466 del
1132 3379 1401 3466 matrimonia
1433 3409 1532 3464 sana
1574 3381 1675 3466 stati
1706 3381 1879 3466 carretti
1917 3409 2055 3465 econ·

484 3586 491 3600 ‚
565 3501 762 3590 uenienti.
803 3501 929 3612 Quae
976 3531 1109 3618 porro
1143 3501 1278 3588 verba
1311 3501 1346 3588 si
1381 3501 1598 3590 camaliis
1631 3501 1767 3620 ipsius
1799 3501 1918 3589 testis
1960 3531 2054 3588 ver·

533 3627 633 3720 rbis
664 3641 991 3742 comparentur:
1050 3621 1255 3712 Abbiarno
1295 3624 1524 3713 rimaraato
1563 3623 1635 3712 alae
1692 3624 1778 3741 apli
1811 3619 1942 3712 auena
1974 3619 2054 3710 l’a·

562 3765 694 3866 apella
725 3781 747 3836 e
779 3745 1060 3834 l’andaraenta'
1094 3744 1142 3832 di
1165 3778 1220 3832 an
1252 3776 1371 3834 aomo
1405 3743 1467 3834 di.
1491 3763 1642 3846 trenta,
1669 3751 1881 3864 piattoeto
1911 3747 1981 3834 alre
2003 3745 2051 3832 di

566 3873 848 3986 ocatiqaattro
880 3869 1017 3965 mani,
1072 3867 1203 3984 plane
1234 3870 1488 3973 ostendunt,
1525 3871 1677 3959 subdit
1711 3875 1883 3974 Orator,
1929 3867 2050 3992 quod

567 3994 704 4080 barba
727 3992 856 4079 illarc
887 3993 924 4078 il
946 3991 993 4078 dr·
1017 3989 1334 4107 lai'contepaee
1358 3992 1401 4078 la
1426 3993 1475 4080 di
1498 3993 1561 4081 tat
1579 3993 1788 4092 *condatta
1814 3995 1928 4082 aella
1954 3993 2054 4082 aele-

570 4115 770 4204 brazione
798 4112 866 4202 del
895 4113 1164 4203 matrimonio
1197 4145 1297 4202 sono
1355 4118 1455 4204 stati
1511 4119 1682 4205 corretti
1706 4118 2000 4206 econoenienti
2032 4155 2049 4195 ι

571 4239 631 4329 de
661 4236 852 4358 quadam
889 4235 1182 4355 trepidatione
1215 4239 1350 4326 etiam
1375 4239 1419 4325 in
1441 4257 1538 4328 actu
1558 4241 1827 4328 matrimonii
1851 4259 1951 4330 sunt
1984 4239 2051 4326 iu-

567 4357 819 4478 telligenda.
858 4363 908 4448 llt
940 4359 1065 4478 quad
1096 4389 1249 4478 reapse
1279 4388 1349 4450 res
1382 4363 1441 4452 ita
1463 4379 1767 4478 processerunt
1789 4363 1924 4453 fidam
1947 4361 2051 4450 lacit

566 4485 716 4578 Vidua
746 4481 996 4576 Dulorestal
1024 4524 1040 4564 ι
1064 4482 1117 4570 lto
1150 4483 1279 4572 intera
1316 4483 1412 4570 dire
1445 4485 1517 4572 else
1549 4487 1640 4573 alla
1671 4487 1953 4574 celebracione
1975 4483 2045 4572 dcl

568 4606 842 4695 matrimonio
873 4606 909 4692 il
940 4605 1097 4723 Sipaar
1118 4607 1182 4692 De
1200 4607 1404 4695 Baaraelet
1435 4639 1509 4696 era
1538 4610 1658 4697 triete
1679 4609 1731 4698 ed
1768 4607 1921 4734 afflitta
1945 4649 1986 4696 ι.
2008 4609 2058 4694 llt

572 4729 783 4821 Camillus
816 4730 983 4818 boulen
1018 4729 1070 4816 lta
1105 4729 1233 4818 intera
1258 4729 1353 4818 dire
1382 4729 1456 4818 clue
1494 4731 1539 4819 al
1580 4754 1781 4822 rnamenta
1819 4731 2060 4822 dellacele·

572 4853 771 4944 brazione
809 4849 1163 4940 delmatrimoaia
1194 4851 1282 4968 apli
1313 4886 1386 4941 era
1418 4855 1608 4944 talmeate
1639 4886 1860 4945 remmono
1903 4855 1975 4944 aba
2020 4853 2061 4940 la

567 4975 729 5096 partulo
761 4973 828 5091 pli
863 5005 1080 5064 anancaeo.
1106 4975 1270 5086 »Quae
1302 5005 1433 5094 perna
1475 4977 1511 5066 si
1549 4979 1772 5098 paulisper
1804 4979 2059 5100 expendan-

572 5119 643 5190 tur
677 5097 943 5202 testimonia,
980 5095 1243 5188 reiiciendas
1264 5127 1374 5205 esse,
1404 5117 1523 5190 tenet
1543 5119 1705 5210 orator,
1726 5107 1906 5194 Parocbi
1939 5105 2060 5193 Cau·

573 5221 757 5314 verville
779 5221 1237 5314 assertionestanmes
1274 5222 1312 5310 il
1332 5226 1454 5312 caari
1491 5227 1512 5312 ὁ
1548 5239 1655 5314 stato
1674 5229 1958 5343 proaanziato
1977 5247 2062 5344 san·

572 5379 625 5434 aa
660 5345 813 5436 almae
839 5345 1079 5435 esituziorie.
1147 5353 1153 5366 ’

696 5470 823 5558 llioc:
879 5467 941 5556 ba
990 5499 1085 5559 aera
1119 5465 1344 5557 medecina
1375 5467 1444 5556 dol
1477 5472 1749 5560 matrimonio
1782 5474 1894 5592 dopo
1939 5499 2059 5558 auare

575 5591 765 5680 insistite
792 5593 1021 5682 oieaarentr
1047 5621 1191 5706 presso
1222 5590 1424 5680 maduca
1451 5592 1501 5682 di
1527 5591 1872 5716 Gltcs-d'lloatel,
1905 5591 2057 5712 perciet
