4446 6330
677 359 757 446 Die
788 361 850 448 25
883 359 1078 447 Ianuarii
1115 358 1250 450 1879.
1643 371 1702 457 13

218 485 287 575 des
318 499 374 571 est
406 480 673 579 adhibendo,
699 483 780 570 nisi
817 484 995 572 aliunde
1028 517 1204 606 quoque
1238 501 1420 590 constet,
1453 487 1571 608 quod
1606 507 1702 605 post

217 605 549 697 matrimonium
585 623 726 694 ratum
761 639 982 725 utrmquem
1016 641 1099 696 urta
1131 609 1257 696 simut
1289 611 1570 710 conveneram
1595 611 1699 704 baec

216 749 279 821 est
310 725 666 846 iurisprudentia,
705 761 793 848 qua
828 731 1031 836 vivimus3
1069 733 1176 846 haec
1210 733 1419 820 diuturna
1443 751 1485 820 et
1508 753 1708 828 constans

217 857 260 941 in
295 851 597 972 persimilibus
632 854 768 940 causis
802 853 1099 958 observantia,
1140 873 1246 944 teste
1279 857 1479 947 GOSClO
1496 858 1558 943 De
1590 889 1707 976 sepn-

217 993 302 1065 ret.
341 993 422 1064 tor.
463 973 538 1061 tit.
577 975 596 1060 l
639 1008 732 1092 rep.
772 979 830 1063 16
864 1009 976 1064 ιιιιιιι.
1015 981 1074 1068 63
1107 979 1231 1065 -ibi
1265 1029 1295 1044 ··
1332 979 1413 1067 «si
1441 979 1615 1086 coniux,
1642 983 1706 1072 al-

221 1097 374 1189 «tero
407 1098 724 1202 consentiente,
764 1132 896 1218 super
945 1102 1221 1192 matrimonio
1269 1119 1362 1190 rato
1412 1103 1707 1220 Apostolicam

221 1267 236 1303 ι
275 1225 471 1340 postulet
503 1219 892 1338 dispensationem,
922 1223 1121 1342 illudque
1155 1255 1240 1313 non
1266 1223 1396 1314 luisse
1429 1255 1705 1318 consumma·

221 1389 238 1426 ι
278 1364 372 1436 tum
411 1361 594 1463 uterque
627 1344 832 1450 fateatur,
871 1347 952 1434 boc
974 1349 1152 1470 probari
1194 1349 1353 1466 poterit
1396 1377 1473 1468 ρει·
1499 1351 1706 1439 obstetri-

221 1511 237 1549 ι
279 1499 382 1558 cum
426 1467 757 1584 inspectionem,
800 1485 1019 1588 quatenus
1061 1471 1219 1558 mulier
1261 1500 1388 1558 suum
1435 1489 1595 1590 c‘orpus
1628 1506 1709 1593 per

220 1593 453 1681 «easdem
489 1591 810 1708 inspiciendum
860 1592 1038 1696 ederat,
1092 1625 1232 1714 eoque
1271 1593 1479 1710 inspecto,
1529 1595 1700 1686 nullum

220 1715 464 1804 «recentis
497 1714 678 1833 copulae
711 1717 883 1834 signum
933 1734 1158 1834 apparent.
1213 1721 1267 1804 At
1326 1717 1358 1804 si
1409 1715 1564 1804 mulier
1598 1720 1700 1810 huic

221 1881 235 1916 ι
275 1837 535 1956 inspectioni
571 1855 725 1957 sponte
758 1871 912 1928 senon
949 1841 1218 1939 subiecerit,
1257 1869 1337 1927 nec
1368 1855 1432 1926 cst
1466 1839 1699 1948 visitanda,

220 2003 235 2036 ι
273 1992 336 2049 ne
371 1961 527 2048 violata
561 1979 764 2078 reperta,
817 1963 1019 2051 scandala
1052 1965 1387 2079 subsequantur,
1427 1963 1534 2051 NEC
1557 1964 1708 2054 'STA-

218 2087 378 2174 «Tm
431 2085 716 2174 AMBORUM
771 2086 1103 2176 asserentum
1159 2088 1234 2173 DE
1289 2087 1402 2174 NON
1456 2059 1704 2177 CONSUM-

219 2249 234 2285 ε
272 2208 531 2298 ΜΑΤΙΟΝΕ
565 2210 745 2296 PLENA
779 2211 942 2300 FlDES
974 2211 1076 2300 ES'l'
1111 2209 1446 2298 ADHlBENDA
1482 2207 1602 2327 (quia
1628 2211 1705 2300 du·
1771 2209 1773 2212 ’

218 2369 234 2408 «
271 2331 409 2419 bitari
445 2345 625 2449 potest,
664 2332 784 2450 quod
820 2333 934 2420 iuter
967 2365 1011 2422 se
1044 2333 1100 2422 de
1133 2331 1333 2420 condicto
1367 2345 1516 2419 contra
1551 2335 1703 2422 matri-

219 2495 235 2530 «
276 2453 478 2542 monium
514 2453 736 2542 colludere
770 2455 943 2575 velint),
980 2456 1059 2544 nisi
1095 2455 1271 2543 aliunde
1303 2485 1481 2573 quoque
1529 2455 1703 2544 illorum

218 2617 232 2653 ι
273 2578 455 2665 assertio
504 2577 791 2665 condiuvetur
839 2583 916 2667 EX
965 2578 1421 2668 Pnounntoututts
1469 2579 1693 2683 NEMPE,

218 2739 232 2776 ι
273 2701 438 2812 QUOD
466 2701 608 2790 Pusr
633 2703 1032 2792 llld'lllllllONlUll
1055 2703 1253 2791 RATUM
1275 2701 1555 2813 NUuQunu
1583 2701 1698 2791 UNA

216 2863 232 2900 ι
272 2825 442 2916 SlllUL
476 2825 872 2916 contueantur
912 2867 949 2912 ι.

336 2949 382 3035 9.
419 2947 506 3038 Vix
539 2945 718 3068 quidem
756 2981 865 3068 opus
898 2965 961 3036 est
995 2949 1288 3066 subiungere,
1326 2945 1444 3064 quod
1477 2947 1701 3064 probatio·

213 3071 343 3158 nibus
381 3070 634 3159 huiusmodi
669 3103 756 3160 non
791 3073 918 3161 aliter
967 3072 1048 3161 hoc
1098 3087 1243 3159 nostro
1287 3071 1330 3156 in
1364 3101 1465 3158 casu
1498 3069 1702 3188 suppleri

214 3210 374 3310 potest,
411 3225 544 3313 quam
591 3193 677 3283 lide
710 3195 852 3314 dignis
887 3193 1144 3283 testimoniis
1178 3193 1222 3282 id
1245 3192 1470 3312 potissime
1503 3222 1705 3310 compro-

210 3316 438 3422 bantibus,
477 3317 597 3438 quod
631 3301 875 3438 numquam
909 3317 1054 3435 sponsi
1090 3309 1176 3405 uua
1209 3311 1337 3405 simul
1371 3333 1695 3415 convenerunt,

213 3439 328 3529 idest
362 3473 583 3558 numquam
617 3441 727 3528 solus
760 3475 847 3528 cum
881 3441 971 3528 solu
1005 3439 1309 3529 commoravit,
1347 3441 1437 3528 Hoc
1466 3439 1704 3528 secumlert

211 3563 478 3653 examussim
512 3563 630 3684 quod
667 3579 925 3684 praemonet
971 3563 1201 3654 Consultor
1236 3593 1372 3680 quum
1401 3561 1566 3650 dicat«
1613 3577 1701 3648 tutu

213 3689 399 3802 quaestio
417 3687 672 3776 euttcleanda
687 3704 760 3788 est,
783 3705 903 3806 utque
915 3686 1138 3803 probanda
1151 3718 1231 3802 per
1252 3683 1504 3798 testes.Quin
1530 3713 1636 3772 veru
1645 3712 1709 3770 m·

210 3824 360 3897 tamen
378 3813 594 3928 probetur
611 3811 691 3901 hoc
711 3811 852 3930 ipsum
870 3841 949 3930 per
968 3825 1098 3898 testes
1116 3808 1302 3928 idoneos,
1317 3809 1391 3928 qui
1411 3807 1618 3895 nimirum
1644 3805 1701 3897 de

211 3929 326 4021 lacto
361 3937 542 4052 proprio
577 3934 817 4055 deponant,
854 3933 1123 4024 contrarium
1157 3933 1338 4020 omnino
1362 3963 1415 4019 ex
1462 3930 1546 4019 alio
1591 3945 1701 4019 teste

212 4056 334 4142 omni
370 4056 460 4146 lide
493 4058 749 4178 dignissimo
783 4057 1038 4161 adstruitur,
1066 4056 1170 4144 dunt
1197 4087 1277 4174 per
1315 4055 1553 4142 notabilem
1591 4071 1701 4142 tem·

210 4179 330 4294 poris
364 4177 576 4271 effluxum
610 4183 795 4273 SOLUM
830 4211 1040 4303 sponsum
1073 4209 1173 4270 eum
1207 4209 1365 4298 sponsa
1387 4179 1531 4270 SOLA
1557 4177 1599 4265 in
1622 4176 1702 4264 hu·

212 4301 330 4391 iusee
365 4304 498 4394 domo
533 4306 823 4424 permansisse
856 4305 1087 4396 evincitur.
1138 4307 1211 4391 Est
1250 4301 1367 4390 enim
1402 4302 1470 4388 vir
1502 4299 1704 4417 Religio-

212 4453 283 4512 sus
316 4427 471 4516 nudus
503 4431 578 4517 Fr.
615 4429 823 4547 Iosephus
855 4433 1020 4518 Morteo
1055 4457 1108 4514 ex
1140 4424 1379 4513 Minoribus
1413 4420 1701 4514 Obseruanti-

211 4544 294 4636 bus
328 4551 374 4640 S.
412 4551 625 4641 Francisci
660 4551 926 4655 Assisiensis,
964 4549 1039 4674 qui
1074 4547 1355 4640 celebrationi
1380 4545 1575 4636 interluit
1611 4576 1699 4631 ma-

211 4671 347 4760 ritalis
365 4675 571 4764 connubii
579 4711 589 4782 ;
613 4677 776 4796 quique
793 4675 1015 4780 invitatus,
1035 4671 1243 4791 nuptialis
1262 4668 1544 4758 iucunditatis
1561 4667 1695 4757 etiam

211 4791 292 4882 luit
322 4799 656 4919 comparticeps,
709 4815 753 4889 et
804 4799 896 4918 qui,
949 4829 1027 4888 ceu
1074 4812 1258 4915 repeto,
1296 4791 1437 4882 solum
1481 4819 1693 4910 sponsum

215 4947 312 5004 cum
347 4922 438 5010 sala
461 4953 617 5041 sponsa
649 4923 877 5013 adinvenit
898 4923 1036 5012 domi.
1787 4931 1790 4938 '

336 5045 409 5133 10.
447 5048 518 5134 De
551 5047 631 5136 hoc
662 5078 839 5167 qnoque
861 5045 1116 5165 dignissimo
1139 5073 1216 5131 suo
1240 5039 1468 5131 Conlratre
1491 5033 1695 5123 meminit

209 5162 474 5258 clarissimus
511 5169 744 5262 Consultor
787 5169 1048 5271 Canonista3
1086 5167 1175 5256 imo
1219 5165 1349 5254 etiam
1396 5193 1450 5250 ex
1499 5156 1700 5248 eiusdem

211 5283 483 5408 depositione
545 5291 713 5384 firmius
775 5295 911 5382 robur
967 5283 1315 5409 depositionibus
1380 5283 1566 5373 aliorum
1625 5297 1697 5369 te-

210 5409 339 5501 stium
373 5417 672 5534 superaddere
699 5413 954 5522 existimat3
991 5410 1353 5535 quandoquidem
1387 5405 1563 5528 speciali
1597 5433 1699 5522 syn-

219 5530 372 5627 thetica
406 5541 565 5630 virtute
596 5541 837 5660 praeditus,
859 5537 1053 5660 perlacili
1087 5533 1261 5656 negotio
1294 5547 1469 5652 tempus
1498 5529 1701 5619 celebra·-
