4460 6332
660 381 744 470 Die-
775 381 836 469 20
867 372 1115 496 Septembris
1149 374 1287 466 1879..
1626 383 1709 471 [151

234 500 356 590 litiae
388 500 575 590 liberare
623 533 745 620 posse
794 501 1031 603 nubendo,
1072 498 1146 586 die
1189 497 1249 584 ld
1282 494 1394 583 lunii
1439 497 1544 584 anni
1596 503 1718 594 1860

235 621 485 742 praemissis
531 623 614 712 rita
662 623 1073 714 denunciationihns
1116 617 1337 709 canonicis
1379 619 1713 716 matrimonium

234 776 333 860 cum
369 745 602 835 Petronilla
637 749 882 864 Gangialosi
917 747 1112 835 eiusdem
1137 740 1308 860 oppidi,
1329 739 1460 827 vidua
1495 741 1715 859 inprimis

236 867 398 986 nuptiis
430 869 686 986 Hieronymi
719 873 957 969 meonn,
985 869 1026 954 in
1063 864 1263 955 secundis
1295 862 1504 980 Stephani
1539 865 1713 988 Grippi,

234 1022 381 1078 coram
417 1021 496 1080 suo
529 992 919 1110 archipresbytero
953 1021 1003 1078 ac
1034 989 1210 1078 duobus
1243 985 1423 1073 testibus
1445 987 1714 1098 celebravit,

235 1145 320 1202 nou
361 1115 563 1206 obstante
598 1114 915 1232 impedimento
942 1110 1159 1200 affinitatis
1182 1106 1360 1197 secundi
1383 1105 1547 1223 gradus
1576 1139 1631 1198 ex
1653 1147 1720 1204 co·

234 1237 339 1352 pola
374 1234 488 1322 licita
523 1235 566 1322 in
600 1236 718 1324 linea
752 1235 922 1356 aeqrrali
948 1233 1200 1336 collaterali,
1237 1263 1326 1349 quo
1360 1257 1458 1317 cum
1497 1232 1719 1346 praedicta

235 1355 468 1446 Petronilla
503 1373 597 1446 erat
628 1359 850 1464 irretitns3
889 1373 932 1452 et
965 1353 1246 1445 matrimonio
1286 1369 1586 1440 consummato
1623 1362 1718 1448 uni-

234 1510 331 1568 cum
368 1477 506 1566 lilium
539 1483 704 1599 gennit,
744 1482 818 1599 qni
853 1497 949 1600 post
989 1479 1259 1567 nativitatem
1294 1503 1417 1563 snam
1451 1504 1477 1562 e
1511 1473 1598 1564 vita
1630 1481 1718 1572 de-

236 1604 378 1691 cessit.
574 1693 575 1696 ,
935 1691 936 1694 ι

358 1752 575 1842 Currente
610 1785 722 1842 atino
757 1755 877 1844 1875
910 1755 1111 1848 Salvator
1142 1752 1297 1870 Grippi
1329 1754 1488 1842 certior
1511 1750 1717 1843 lactusdc

236 1874 431 1962 nullitate
466 1875 733 1964 matrimonii
768 1879 853 1966 iam
894 1878 1139 1981 contracti,
1191 1878 1262 1964 vel
1307 1874 1450 1991 potius
1496 1877 1711 1965 consortio

228 1996 427 2084 molieris
461 1997 645 2086 minime
678 2017 923 2104 contentus,
961 2001 1034 2089 die
1067 2001 1118 2088 21
1162 1997 1256 2088 ΙιιΙίἱ
1290 1995 1469 2088 (latriam
1495 1999 1716 2118 Moerage-

231 2118 394 2206 lensem
429 2118 584 2222 adivit,
622 2137 666 2208 et
699 2123 941 2241 supplicem
977 2123 1174 2212 libellum
1199 2153 1279 2242 pro
1302 2118 1594 2210 declaratione
1620 2126 1717 2213 nul·

232 2241 362 2328 litatis
398 2241 662 2330 matrimonii
697 2275 796 2334 cum
831 2245 1068 2334 Petronilla
1102 2243 1347 2364 Gangialosi
1370 2244 1578 2332 contracti
1614 2274 1714 2360 por-

232 2364 359 2450 rexit.
398 2364 595 2452 Vicarius
638 2367 862 2455 Generalis
907 2361 1020 2456 illius
1055 2369 1251 2473 Curiae,
1298 2366 1354 2456 do
1399 2365 1607 2453 mandato
1650 2369 1716 2455 sni

220 2485 574 2602 *Arcbiepiscopi
614 2519 860 2605 processum
897 2489 1081 2579 iuridice
1126 2488 1338 2590 coniecit,
1376 2517 1463 2605 qno
1513 2487 1714 2576 absoluto

232 2628 362 2722 prout
396 2609 533 2696 ludex
567 2611 844 2714 Ordinarius,
882 2613 1143 2700 sententiam
1182 2613 1280 2700 tulit
1313 2611 1537 2700 declarans
1571 2609 1719 2700 Salva·

232 2747 369 2816 torem
407 2731 561 2847 Grippi
595 2751 638 2820 et
673 2735 954 2822 petronillam
990 2736 1232 2852 Congialosi
1267 2732 1414 2822 affines
1449 2761 1543 2821 esse
1577 2735 1618 2818 in
1640 2751 1717 2820 'se-

230 2854 375 2940 cundo
409 2855 548 2970 gradu
582 2885 636 2941 ex
669 2857 826 2972 copula
863 2859 974 2946 licita
1012 2861 1053 2944 in
1090 2858 1202 2948 linea
1235 2854 1471 2944 collaterali
1505 2854 1710 2972 aequali,

229 2974 432 3091 adeoque
467 2977 795 3064 matrimoninm
833 2981 888 3066 ab
923 2981 973 3069 iis
1004 2981 1076 3068 die
1113 2981 1171 3068 ‘tt
1205 2981 1313 3067 lunii
1337 3009 1455 3066 anno
1478 2977 1716 3066 laocoon-

234 3114 420 3182 tractnm
456 3100 624 3186 nullum
653 3099 761 3199 lore,
809 3131 917 3202 esse,
957 3121 1000 3189 et
1040 3103 1189 3190 luisse.
1226 3105 1340 3190 llaec
1371 3099 1709 3188 sententiadata

228 3217 310 3305 luit
342 3217 475 3307 dieb
507 3222 690 3337 Augusti
742 3223 863 3310 1876
907 3223 1371 3313 andito'matrimonii
1404 3222 1634 3310 delensore
1662 3241 1711 3327 ¹et

231 3341 454 3456 perpensis
489 3345 729 3432 rationibus
762 3377 815 3432 ex
852 3365 1036 3464 utraque
1069 3367 1193 3464 parto
1227 3346 1425 3464 prolatis.

344 3463 571 3554 'Defensor
603 3466 869 3554 matrimonii
905 3469 1137 3558 inhaerens
1172 3467 1359 3584 vestigiis
1380 3465 1710 3556 Constitutionis

229 3585 456 3675 Benedicti
490 3591 588 3677 XIV
616 3621 639 3678 a
663 3591 791 3678 Curia
826 3592 1139 3709 llonregalensi
1165 3591 1221 3678 ad
1265 3587 1708 3680 Calatanisiadensem

227 3707 465 3825 appellavit
497 3708 652 3831 (iuxta
676 3713 1042 3802 Constitutionem
1075 3714 1141 3802 Pii
1167 3715 1226 3800 tx
1253 3711 1399 3800 ttattis
1419 3711 1706 3830 pravissimis)

226 3833 457 3946 quaesibi
493 3865 742 3952 processum
786 3835 1023 3950 integrum.
1054 3835 1315 3938 advocavit3
1353 3849 1397 3926 et
1434 3833 1711 3922 documentis

225 3951 444 4066 perlectis,
481 3959 813 4075 rationibusque
847 3956 1012 4048 libratis
1048 3959 1275 4075 utriusque
1310 3957 1460 4077 partis,
1497 3953 1712 4044 etaudito

218 4075 388 4162 'iterum
409 4077 666 4181 defensore,
699 4079 960 4168 sententiam
985 4081 1139 4198 prioris
1162 4079 1318 4170 iudicis
1339 4076 1712 4170 solemnitercou-

228 4189 437 4286 firmavit.
467 4203 701 4290 Sententiis
736 4202 912 4318 prolatis
945 4202 1146 4291 detensor
1180 4205 1358 4292 omnino
1379 4200 1605 4304 concessit;
1632 4201 1708 4287 sed

228 4316 387 4422 mulier
419 4323 657 4412 Petronilla
691 4325 934 4442 Gangialosi
969 4326 1023 4414 ad
1059 4327 1261 4418 Sanctam
1297 4323 1458 4418 S'edem
1493 4321 1704 4439 conlegit,

224 4455 268 4525 el
303 4467 327 4524 a
359 4443 437 4534 SS.
476 4445 593 4562 Papa
625 4463 772 4534 nostro
812 4449 975 4538 Leone
1004 4449 1143 4537 enixis
1193 4447 1397 4566 precibus
1430 4443 1699 4563 impetravit,

228 4574 274 4646 nt
305 4569 582 4656 oeconomico
603 4568 707 4655 hacc
737 4599 864 4658 causa
889 4573 970 4658 llll.
993 4573 1087 4660 VV.
1112 4571 1316 4660 tribunali
1337 4571 1596 4686 proteratur
1611 4595 1707 4654 exa·

227 4681 436 4777 minanda
472 4709 602 4807 atque
636 4689 846 4780 finienda.
883 4695 991 4783 Cum
1043 4695 1146 4782 mibi
1197 4725 1251 4782 ex
1284 4691 1558 4780 humanitate
1591 4687 1706 4776 tttrtnt

228 4834 278 4890 ac
311 4808 407 4898 tum
444 4811 492 4897 P.
514 4817 586 4902 χΙ).
624 4815 853 4904 Secretarii
885 4846 1006 4904 nune
1041 4817 1233 4935 primum
1266 4816 1321 4903 sit
1343 4845 1505 4903 rnunns
1527 4809 1709 4900 deman·

227 4924 397 5035 datum,
422 4949 466 5020 nt
486 4963 564 5051 pro
581 4935 804 5056 Theologo
822 4941 1076 5042 scriberem,
1097 4969 1165 5042 ea,
1191 4938 1429 5056 quaemihi
1455 4934 1597 5056 potins
1622 4933 1702 5021 luit

224 5046 467 5166 diligentia,
506 5081 755 5174 processum
792 5063 974 5180 perlegi,
1011 5079 1055 5150 et
1088 5061 1132 5148 in
1182 5062 1380 5149 animum
1413 5059 1578 5150 adduxi
1612 5055 1703 5145 evi·

224 5169 379 5265 denter
410 5197 621 5270 constare¹
641 5183 759 5298 quod
795 5185 1125 5272 matrimonium
1149 5183 1400 5272 'Salvatoris
1425 5179 1581 5300 Grippi
1604 5205 1703 5268 cum

224 5293 457 5390 Petronilla
490 5303 735 5422 Gangialoei
779 5302 861 5393 luit
901 5303 1094 5410 'nullu'm3
1132 5305 1179 5392 1ο
1203 5308 1305 5424 quia
1338 5305 1701 5425 impedimentum

221 5411 438 5512 affinitatis
471 5453 525 5514 ex
557 5424 713 5543 copula
746 5425 862 5515 licita
896 5428 1081 5535 adorata·
1100 5427 1149 5517 2⁰
1166 5430 1267 5548 qnia
1291 5457 1515 5546 nunquam
1540 5425 1597 5518 de
1623 5425 1704 5512 boe

222 5535 543 5659 inpedimento
576 5549 732 5640 Sancta
766 5548 901 5642 Sedes
934 5583 1031 5640 cum
1057 5552 1160 5668 ipsis
1193 5550 1488 5670 dispensavit·
1571 5601 1576 5612 ι
1630 5595 1631 5600 ¹
1668 5571 1683 5604 ’³
