4460 6332
566 387 658 476 474
988 383 1072 470 Die
1103 383 1165 472 20
1195 383 1445 500 Septembris
1479 385 1497 470 l
1508 379 1617 472 879.

563 507 685 598 butio
708 521 865 622 potest,
894 506 929 594 si
952 507 1039 597 aS.
1076 505 1420 594 Paenitentiaria
1444 505 1625 622 elargita
1645 503 1779 595 ‘luerit
1813 503 2072 594 ministerio
2170 551 2171 604 i

565 627 862 722 Conlessariil

687 751 765 838 20.
802 751 942 840 Nemo
978 780 1108 868 porro
1142 749 1326 868 ignorat,
1364 750 1484 869 quod
1506 779 1561 838 ex
1583 749 1904 840 Constitutione
1924 778 2067 865 prae·

564 873 732 964 laudati
766 871 988 960 Pontificis
1020 871 1246 961 Benedicti
1280 875 1399 976 XlV,
1436 903 1550 990 quae
1584 871 1739 989 incipit
1794 872 1950 960 Pastor
1989 869 2069 958 bo-

563 1029 656 1098 nus,
692 996 826 1084 Maior
859 995 1226 1083 Poenitentiarius
1258 993 1508 1084 facultatem
1542 994 1676 1083 babet
1708 993 2001 1112 dispensandi
2040 1025 2066 1080 a

564 1117 740 1208 secundo
773 1117 1160 1235 consanguinitatis
1193 1118 1263 1205 vel
1297 1114 1519 1240 affinitatis
1549 1115 1721 1234 produ,
1759 1117 1795 1203 si
1829 1133 1927 1233 post
1962 1146 2064 1203 ma-

565 1240 822 1330 trimonium
858 1239 940 1328 rite
974 1271 1023 1328 ac
1055 1241 1174 1329 bona
1207 1237 1295 1329 fide
1328 1257 1629 1342 contractum,
1666 1239 1821 1328 saltem
1862 1269 1942 1354 per
1981 1236 2066 1324 de·

563 1363 749 1454 cencium
772 1360 1140 1478 impedimentum
1169 1363 1457 1480 permanserit
1479 1361 1713 1464 occultum,
1740 1363 1815 1450 cit.
1842 1359 2065 1449 Constitu·

566 1486 677 1575 tutio
712 1483 756 1604 S.
794 1487 854 1572 [ιθ
886 1533 915 1548 -
947 1484 1008 1572 ibi
1041 1533 1070 1548 -
1108 1527 1124 1562 ι
1164 1485 1206 1572 in
1246 1486 1477 1574 contractis
1499 1516 1603 1574 vero
1628 1482 1967 1572 matrimoniisa
1994 1480 2063 1568 di·

572 1652 589 1689 «
627 1607 934 1728 sponsatione,
972 1609 1049 1695 seu
1083 1607 1355 1696 matrimonii
1400 1607 1715 1696 revalidatioue
1754 1606 1797 1692 in
1834 1601 2058 1722 gradibus

574 1774 589 1810 ι
629 1729 773 1847 primo
806 1744 851 1816 et
884 1729 1091 1832 secundo,
1128 1759 1206 1818 seu
1238 1729 1431 1820 secundo
1465 1745 1634 1819 tanturn
1667 1725 2062 1842 consanguinitatis

571 1897 588 1932 ι
632 1851 698 1939 'vel
734 1847 953 1941 affinitatis
984 1881 1039 1940 ex
1073 1853 1229 1970 copula
1262 1853 1404 1956 licita,
1458 1853 1587 1940 etiam
1625 1850 1669 1938 in
1703 1847 1900 1950 occultis,
1940 1848 2061 1966 pari·

574 2019 589 2055 ι
630 1987 694 2061 ter
743 1974 991 2078 abstineat3
1026 1990 1320 2092 praeterquam
1358 1979 1395 2062 si
1434 1978 1479 2061 iu
1510 1973 1687 2062 secartdo
1725 1989 1883 2060 tontum
1915 1968 2061 2087 produ

572 2141 588 2176 ι
621 2093 844 2211 proedicto
869 2094 1210 2212 impedimentum
1235 2097 1378 2184 saltem
1403 2099 1509 2185 PER
1532 2095 1857 2186 DECENNIUM
1882 2091 2060 2180 durave-

573 2263 592 2302 α
629 2217 921 2320 ritoceultum,
942 2236 985 2307 et
1002 2237 1196 2308 oratores
1211 2221 1343 2308 simul
1364 2220 1537 2338 publice
1560 2216 1872 2320 contraxerint,
1900 2230 1946 2304 et
1962 2246 2060 2302 con·

571 2383 588 2420 «
632 2341 834 2442 vixerint,
873 2341 1011 2429 etuti
1046 2343 1252 2460 coniuges
1287 2343 1470 2460 legitimi
1508 2342 1698 2461 reputati
1722 2340 1884 2427 luerint
1913 2379 1954 2424 ι.
1978 2339 2058 2426 No·

423 2535 427 2546 .
569 2483 664 2553 tum
700 2481 764 2552 est
797 2464 930 2552 etiam
966 2463 1202 2584 unicuique
1234 2465 1608 2584 dispensationem
1642 2461 1789 2582 largiri
1822 2462 1968 2550 solere
2000 2459 2057 2546 ab

568 2585 723 2675 eadem
758 2587 803 2677 S.
842 2583 1181 2676 poenitentiaria
1219 2588 1276 2678 ad
1312 2588 1641 2678 matrimonium
1689 2585 1733 2672 in
1778 2585 1924 2674 radice
1960 2613 2057 2670 con·

569 2707 873 2811 validandum,
912 2707 1045 2796 etiam
1079 2711 1217 2800 altero
1252 2741 1306 2798 ex
1328 2709 1588 2828 coniugibus
1623 2707 1754 2797 inscio
1788 2721 1881 2795 tum
1919 2707 2058 2820 impe·
2170 2779 2171 2784 a

570 2831 757 2921 dimenti
793 2849 883 2918 tum
920 2831 1084 2946 petitae
1117 2833 1472 2950 dispensationis.

695 2953 773 3040 2l.
826 2951 1000 3040 lndulta
1033 2971 1076 3043 et
1118 2955 1279 3072 gratiae
1312 2953 1557 3044 istiusmodi
1592 2955 1703 3043 solet
1735 2951 2054 3068 utplurimum

570 3078 617 3169 S.
655 3073 1289 3166 Poenitentiaria'concredere
1322 3077 1510 3195 simplici
1545 3075 1835 3179 Confessum,
1873 3074 1950 3194 qui
1986 3102 2056 3190 pe·

571 3195 770 3286 titionem
790 3227 871 3314 pro
894 3200 1149 3313 poenitente
1173 3199 1347 3304 obtulit;
1385 3216 1560 3289 etcum
1594 3199 1757 3316 gratiae
1790 3197 1924 3288 detur
1962 3225 2056 3282 exc-

569 3320 701 3425 cutio,
740 3321 904 3437 apponi
938 3321 1070 3410 etiam
1104 3323 1215 3412 solet
1238 3321 1444 3426 clausola,
1472 3320 1689 3410 combustis
1711 3337 1808 3439 post
1840 3317 2056 3407 executio·

570 3474 670 3532 nent
709 3442 878 3530 litteris.
915 3445 976 3530 Ex
1010 3475 1097 3563 quo
1131 3446 1280 3564 itaque
1330 3443 1566 3534 Petronilla
1600 3443 1792 3532 confessa
1824 3457 1890 3529 est
1923 3440 1966 3526 in
2001 3439 2056 3526 li-

569 3565 689 3657 bello
722 3565 843 3680 apud
877 3565 1069 3655 iudicem
1102 3567 1321 3657 secundae
1355 3565 1485 3670 sedis,
1524 3565 1893 3684 impedimentum
1929 3561 2055 3648 luisse

571 3687 739 3778 iamdiu
775 3706 996 3792 sanatum,
1034 3689 1120 3777 iam
1156 3689 1388 3778 nccessitas
1422 3690 1606 3807 urgebat
1651 3687 1837 3776 formale
1870 3712 2054 3774 examen

571 3809 845 3919 instituendi,
885 3827 929 3896 ut
963 3811 1121 3900 exinde
1155 3827 1417 3928 emergeret,
1456 3841 1560 3898 num
1585 3811 1746 3900 debeo
1774 3805 2056 3926 dispensatio·

574 3963 630 4019 ne
664 3931 811 4048 aliqua
844 3933 1049 4049 opitulari
1085 3951 1226 4050 posset
1259 3935 1479 4051 probatio,
1516 3934 1608 4022 sive
1641 3965 1695 4020 ex
1729 3933 1926 4034 testibus,
1967 3929 2053 4017 sive

573 4085 629 4140 ex
661 4053 910 4158 Sacerdote,
949 4055 1073 4144 cuius
1104 4055 1249 4144 lorsan
1287 4055 1576 4145 ministerium
1612 4055 1860 4144 adhibitum
1899 4053 2050 4140 luerat.

572 4174 660 4268 Sed
694 4175 802 4264 hacc
845 4177 992 4266 omnia
1041 4182 1265 4297 neglecta,
1303 4178 1448 4267 omnia
1496 4178 1805 4296 praetermissa
1851 4192 1954 4263 sunt
2003 4174 2055 4262 ab

574 4315 762 4416 utraque
795 4300 961 4406 Curia3
1001 4318 1235 4419 eapropter
1268 4303 1379 4392 dum
1413 4301 1625 4390 iudicium
1654 4299 1758 4388 lerri
1794 4299 1982 4389 deberet
2005 4295 2055 4382 dc

572 4418 898 4536 dispensatione
930 4423 1239 4539 impedimenti
1274 4423 1441 4512 iamdiu
1477 4423 1619 4512 forsan
1644 4423 1841 4525 obtenta,
1870 4419 1995 4509 nullo
2017 4417 2056 4503 in

573 4542 718 4660 pretio
754 4543 1108 4664 disciplinaribus
1143 4546 1301 4634 habitis
1336 4545 1769 4663 praescriptionibus,
1794 4573 1939 4662 neque
1975 4540 2056 4626 ulla

573 4666 762 4752 exercita
795 4683 859 4756 est
892 4667 1136 4786 diligentia,
1177 4669 1435 4786 nullumque
1470 4699 1652 4756 examen
1681 4683 1974 4785 assumptum,
2015 4675 2058 4748 ut
2170 4785 2171 4794 ,

573 4785 631 4876 de
664 4787 987 4904 dispensatione
1020 4791 1177 4880 eadem
1211 4791 1474 4879 clucesceret
1508 4790 1686 4878 veritas.

697 4912 773 4999 22.
811 4913 1044 5002 Caeterum
1078 4911 1298 5034 quidquid
1332 4941 1555 5030 emergere
1589 4911 1725 5030 possit
1757 4943 1810 4998 cx
1844 4912 1924 4999 hoc
1958 4937 2054 4995 exa·

573 5031 709 5136 mine,
747 5063 921 5153 semper
965 5034 1149 5152 quidem
1198 5051 1320 5124 extra
1369 5064 1545 5122 omnem
1591 5034 1880 5122 dubitationis
1920 5031 2055 5120 aleam

573 5170 653 5258 est,
689 5155 809 5271 quod
842 5187 894 5243 ex
928 5157 1125 5247 eiusdem
1160 5155 1542 5276 praetermissione
1576 5157 1769 5274 graviter
1791 5173 1834 5243 et
1856 5155 2054 5244 substan-

576 5274 737 5364 tialiter
773 5277 987 5367 iudicialis
1029 5309 1252 5398 processus
1301 5279 1588 5370 labefactatus
1632 5297 1713 5368 est.
1768 5279 1854 5366 Ubi
1897 5271 2051 5364 exinde
2170 5351 2171 5382 ,

572 5399 657 5486 EE.
697 5402 791 5490 VV.
829 5402 947 5494 haud
980 5403 1146 5492 arridet
1178 5403 1341 5522 egregii
1375 5402 1640 5492 Consultoris
1663 5401 1923 5492 Canonistae
1944 5399 2051 5486 Vota
2170 5385 2171 5440 ³

575 5522 815 5612 adhaerere
848 5527 890 5612 in
939 5557 991 5613 eo
1040 5525 1161 5648 quod
1206 5524 1457 5616 consiliatur
1498 5525 1870 5644 dispensationem
1905 5553 1930 5610 a
1961 5518 2051 5608 Gle-
