4558 6340
548 361 642 452 230
1016 349 1098 448 Die
1130 347 1191 432 26
1225 343 1398 462 Aprilis
1432 341 1569 430 1879.

672 481 783 570 Cum
819 475 889 563 die
924 473 941 558 l
987 469 1172 560 Ianuarii
1209 469 1312 558 anni
1349 468 1469 556 1878
1500 461 1752 554 decessisset
1792 467 2033 560 Canonicus

547 605 732 695 lacobus
766 595 976 696 Vessella,
1014 595 1194 710 eiusque
1227 593 1350 680 obitu
1385 590 1514 704 simul
1549 589 1787 678 vacavisset
1807 591 2036 682 canonica-

551 745 619 816 tus
652 755 785 842 quem
821 716 1090 837 possidebat,
1113 716 1320 818 eumdem
1355 714 1522 829 optavit
1546 741 1651 801 suae
1674 713 1917 801 antiauitati
1942 749 2037 804 eou-

552 849 658 939 fisus
692 844 893 961 Aloysius
926 845 1114 929 Paterno
1152 837 1339 954 simplex
1363 835 1606 925 Canonicos
1642 836 1913 926 Cathedralis
1949 840 2037 927 Ali-

554 973 743 1094 phanac.
782 966 859 1054 Ast
894 994 997 1052 vero
1031 992 1130 1050 cum
1164 962 1406 1052 Canonicus
1440 960 1686 1076 Theologus
1722 959 1782 1047 uti
1814 961 2037 1078 antiquior

554 1112 598 1184 ct
631 1085 1000 1180 Poenitentiarius
1033 1084 1224 1172 seeundo
1248 1085 1341 1172 loco
1364 1083 1699 1186 declaraverint,
1726 1081 1809 1170 sibi
1833 1083 1900 1174 ius
1922 1115 2038 1172 com·

524 1233 702 1334 petere
735 1210 924 1301 eandem
958 1206 1261 1328 praebendam
1295 1205 1477 1322 optandi
1514 1237 1617 1322 prae
1640 1207 1856 1295 canonico
1889 1210 2036 1296 Pater-

553 1371 626 1443 no,
666 1337 766 1438 hinc
800 1346 869 1420 res
903 1330 956 1420 ad
989 1335 1034 1423 S.
1075 1332 1128 1417 V.
1165 1333 1219 1418 Ο.
1258 1361 1338 1448 per
1372 1329 1486 1416 hunc
1520 1328 1661 1432 delata
1697 1347 1776 1416 cst.

682 1455 875 1572 Supplici
911 1471 1087 1572 accepto
1122 1451 1288 1557 libello,
1310 1453 1366 1541 de
1390 1483 1511 1538 more
1536 1452 1730 1568 rescripsi
1754 1451 1828 1540 die
1854 1453 1909 1540 l3
1934 1456 2037 1540 lllar-

559 1583 606 1672 tii
643 1581 783 1670 1878.
827 1577 1076 1692 «Episcopo
1109 1575 1365 1664 Coodiutori
1395 1605 1479 1690 pro
1513 1575 1812 1694 informatione
1854 1593 1894 1664 et
1926 1592 2034 1676 coto,

558 1703 708 1792 audito
732 1700 931 1815 Capitale
954 1731 1002 1784 oc
1024 1701 1192 1786 seorsim
1229 1715 1311 1785 tum
1347 1701 1557 1786 Canonico
1596 1699 1817 1814 Theolopo,
1842 1717 1926 1788 tum
1961 1700 2037 1786 Co-

557 1831 706 1915 nonieo
743 1823 1090 1923 Pocuiteritiurio,
1128 1821 1286 1942 reserat
1316 1851 1440 1940 super
1464 1821 1565 1908 borio
1584 1823 1779 1910 Oratoris
1813 1827 1962 1911 iuro.»
1991 1825 2037 1910 ln

557 1950 632 2038 tali
668 1978 813 2036 rerum
850 1963 964 2034 statu
996 1945 1166 2047 accidit,
1194 1945 1304 2032 utin
1340 1963 1555 2033 conventu
1606 1948 1844 2062 Capitulari
1888 1946 2037 2034 habito

557 2073 631 2164 die
663 2073 725 2160 22
763 2069 923 2186 Aprilis
958 2070 1078 2156 1878
1111 2069 1410 2186 comparuerit
1442 2067 1722 2157 Primicerius
1755 2071 1934 2158 Panclla
1980 2071 2036 2156 87

557 2226 695 2282 annos
733 2206 875 2294 natus,
912 2191 986 2309 qui
1021 2190 1260 2278 declaravit
1283 2223 1327 2277 se
1353 2192 1465 2280 velle
1489 2209 1710 2279 vacantem
1738 2209 1890 2310 optare
1916 2223 2039 2309 prae·

557 2319 752 2406 hundam
789 2315 933 2431 prouti
970 2313 1116 2430 paucis
1151 2331 1266 2400 retro
1301 2313 1457 2402 diebus
1489 2314 1678 2432 Capituli
1711 2317 1914 2435 delegato
1962 2346 2041 2400 ex-

558 2453 783 2560 posuerat.
820 2439 910 2524 Hac
943 2437 1092 2524 habita
1125 2437 1435 2542 declaratione,
1463 2438 1712 2555 Capitulum
1740 2459 1889 2529 votum
1913 2468 2038 2525 suum

560 2563 699 2651 edidit
735 2591 813 2678 pro
849 2559 1116 2665 primicerio,
1149 2577 1192 2646 et
1227 2560 1268 2646 in
1303 2561 1395 2649 eius
1427 2561 1597 2649 delectu
1633 2593 1710 2678 pro
1744 2563 1967 2680 Theologo
2000 2573 2041 2646 et

558 2683 919 2773 poenitentiario.
957 2683 1087 2793 Quod
1122 2714 1220 2771 cum
1257 2686 1490 2800 accepisset
1514 2687 1746 2804 Episcopus
1782 2686 1894 2772 illico
1917 2714 2036 2771 suam

557 2807 794 2896 transmisit
827 2807 873 2895 S.
912 2807 963 2890 V.
1001 2807 1055 2895 Ο.
1109 2805 1479 2908 informationem,
1518 2807 1560 2893 in
1595 2839 1697 2926 qua,
1737 2809 2040 2898 animadverso

559 2930 679 3050 quod
715 2930 914 3048 quinque
947 2929 1224 3018 solummodo
1262 2931 1467 3020 Carionici
1506 2931 1794 3019 adversarunt
1848 2927 2042 3019 Oratoris

561 3084 729 3170 precra,
750 3054 857 3140 dum
895 3067 979 3136 tres
1013 3051 1275 3140 favorabiles
1309 3053 1389 3169 ipsi
1423 3059 1524 3140 sunt
1566 3087 1652 3142 una
1686 3085 1782 3142 cum
1827 3051 2041 3144 Canopico

559 3175 748 3293 Ragucri
771 3174 845 3292 qui
871 3173 1066 3262 nondum
1103 3175 1390 3264 Canonieatus
1416 3179 1731 3296 possessionem
1756 3179 1940 3294 adeptus
1961 3188 2039 3276 cst,

558 3315 675 3385 totus
709 3299 752 3384 iu
788 3327 839 3383 eo
874 3313 954 3398 est,
995 3313 1040 3384 ut
1058 3297 1247 3416 Capituli
1272 3315 1530 3415 argumenta
1553 3301 1722 3389 refellat
1745 3303 1912 3390 bonum
1936 3300 2042 3388 Ora·

563 3421 669 3509 toris
704 3420 769 3508 ius
804 3420 1066 3536 proluendo.

579 3616 583 3624 .
684 3541 892 3634 Canonici
928 3541 1074 3659 itaque
1107 3562 1255 3632 contra
1290 3547 1662 3662 quos'tlanouieus
1686 3551 1872 3635 Paterno
1896 3545 2042 3634 decer·

563 3681 640 3772 tet,
680 3667 982 3754 demonstrare
1016 3683 1240 3752 assumunt
1275 3671 1357 3755 sub
1392 3671 1533 3786 primo
1568 3671 1745 3758 obstare
1764 3673 1947 3758 Paterno
1971 3697 2044 3754 ex·

560 3789 808 3904 ceptionem
845 3785 895 3872 dc
927 3789 1020 3876 iure
1054 3791 1185 3892 tertii3
1226 3819 1326 3878 uam
1351 3791 1453 3880 dato
1477 3793 1611 3880 etiam
1636 3812 1677 3881 et
1704 3821 1929 3910 nunquam
1946 3821 2045 3879 con-

561 3941 681 3999 cesso
716 3908 956 3999 Canonieos
974 3911 1244 4030 Theologum
1266 3929 1309 3998 et
1327 3916 1716 4004 poenitentiarium
1740 3949 1865 4005 causa
1891 3917 2046 4001 incom-

561 4033 836 4150 patibilitatis
873 4051 1096 4120 vacantem
1132 4037 1435 4150 praebendam
1470 4056 1621 4154 optare
1657 4069 1742 4126 non
1779 4070 1921 4157 posse,
1948 4063 2042 4124 cum

563 4155 682 4271 optio
707 4153 925 4272 gradatim
950 4176 1206 4246 exerceatur
1229 4159 1346 4248 iuxta
1371 4164 1690 4280 praescriptum
1716 4159 1926 4251 Bonilacii
1952 4160 2043 4248 Vlll

563 4277 671 4394 Cup.
709 4279 786 4399 fin.
823 4279 888 4364 De
922 4295 1096 4366 consuet.
1124 4283 1169 4368 in
1203 4283 1249 4386 6,
1276 4281 1341 4369 ius
1374 4285 1557 4401 optandi
1587 4286 1704 4374 haud
1727 4285 1943 4375 Canoniro
1966 4285 2044 4368 Pa-

561 4413 707 4504 terno,
745 4400 820 4488 sed
855 4401 1116 4490 Primiccrio
1158 4406 1332 4492 Panella
1380 4425 1649 4526 competeret
1689 4411 1858 4496 ratione
1913 4433 2044 4522 prae-

564 4524 806 4614 cedentiae.
847 4525 963 4637 Quin
999 4523 1379 4617 officiateumdem
1415 4533 1586 4620 nonnisi
1621 4532 1725 4619 hora
1760 4533 1913 4618 ultima
1954 4526 2047 4614 lor-

565 4646 728 4752 malem
765 4647 1034 4735 voluntatem
1071 4651 1249 4767 optandi
1288 4653 1599 4757 manifestasse,
1641 4687 1707 4742 res
1742 4657 1861 4743 enim
1904 4650 2046 4739 adlruc

564 4768 731 4886 integra
769 4773 991 4876 manebat,
1009 4803 1139 4860 nemo
1165 4776 1229 4862 ius
1252 4775 1294 4861 in
1320 4808 1365 4864 re
1388 4777 1530 4867 adhue
1552 4777 1634 4866 sibi
1668 4777 1899 4896 quaesivit,
1923 4771 2049 4860 lacul-

567 4905 631 4979 tas
653 4894 813 4984 exinde
836 4893 921 4981 dici
945 4895 1099 5015 nequit
1129 4917 1401 5017 consumpta,
1422 4900 1629 5018 quianon
1652 4901 1732 4988 luit
1755 4915 1926 4990 secutus
1947 4893 2048 4984 elfe-

566 5029 675 5117 ctus,
691 5015 1068 5136 quemadmodum
1093 5020 1148 5107 de
1172 5023 1366 5140 optione,
1384 5024 1671 5133 institutione,
1693 5019 2043 5142 praesentatione

566 5152 609 5224 et
644 5138 735 5225 aliis
770 5139 918 5228 multis
955 5157 1076 5229 tenet
1109 5145 1284 5233 Gouzal.
1317 5145 1376 5232 ad
1411 5181 1499 5264 rep.
1533 5146 1659 5238 Cano.
1681 5149 1807 5266 ploss.
1842 5149 1901 5235 65
1935 5143 1978 5266 8
2014 5141 2041 5227 3

566 5291 609 5344 n.
648 5261 694 5347 lt.
721 5293 850 5380 seqq„
880 5264 1076 5352 Grotius.
1107 5268 1291 5384 Discept.
1319 5269 1407 5389 sor.
1446 5273 1553 5360 746.
1585 5307 1630 5361 a.
1665 5275 1735 5361 l3.
1767 5303 1850 5388 seq.
1878 5273 1936 5357 Eo
1969 5262 2040 5351 vel

567 5383 722 5497 magis,
762 5400 947 5502 pergunt
979 5387 1201 5494 Canonici,
1239 5393 1342 5509 quia
1367 5411 1537 5512 tempus
1561 5427 1612 5486 ex
1636 5391 1950 5488 consuetudine
1968 5387 2044 5475 ab·

563 5503 759 5592 breviari
793 5523 836 5592 et
868 5509 1059 5628 elongari
1084 5529 1243 5631 potest.
1271 5517 1381 5604 Cum
1416 5535 1564 5608 autem
1590 5519 1634 5608 in
1657 5519 1844 5612 dioecesi
1871 5512 2045 5632 Alipha-
