4460 6332
572 331 666 422 448
1001 327 1084 414 Die
1114 327 1176 414 20
1207 325 1457 442 Septembris
1492 327 1629 416 l879.

572 453 645 542 vel
678 452 772 570 ipso
813 449 1094 568 inspectionis
1143 449 1362 538 exercitae
1395 448 1637 540 admissum
1682 460 1783 534 est.
1828 440 1929 532 Sed
1981 473 2099 564 quun

573 576 731 666 modus
781 573 838 660 ab
888 571 1074 664 Ecclesia
1131 571 1422 688 praescriptus
1473 571 1862 690 haudquaquam
1919 583 2101 656 servatus

573 697 722 798 luerit,
760 695 860 782 binc
894 697 1081 816 ipsamet
1115 693 1328 813 inspectio
1365 695 1548 812 perinde
1599 687 1984 812 propemodum
2032 690 2100 778 ba-

573 819 722 910 beuda
756 817 838 905 erit
871 819 989 908 acsi
1039 815 1189 904 luisset
1237 817 1416 906 omnino
1461 815 1822 938 praetermissa,
1869 827 2008 930 atque
2038 812 2102 902 boc

575 957 667 1030 tum
704 941 809 1058 quia
845 971 989 1060 neque
1025 941 1260 1058 peripsam
1297 943 1655 1057 obtemperatum
1703 953 1784 1027 est
1808 935 1906 1052 legi
1955 953 2102 1024 remet

573 1063 760 1152 modum
812 1063 1095 1182 praeceptive
1147 1064 1501 1180 praescribenti3
1564 1077 1655 1152 tum
1736 1089 1946 1178 quoque
2005 1059 2099 1174 quia

572 1185 831 1276 omnimoda
866 1187 939 1276 illa
974 1183 1192 1302 possibilis
1215 1185 1432 1276 certitudo
1457 1181 1958 1284 inconsummationiS‚
1981 1183 2094 1270 etiam

573 1337 628 1396 ex
662 1307 908 1396 remotione
942 1307 1259 1430 cuiuscumque
1291 1307 1455 1398 fraudis
1490 1307 1850 1396 insimulandae
1879 1305 2096 1420 integrita-

575 1431 629 1518 tis
663 1430 923 1536 obtinenda,
960 1459 1074 1550 quae
1107 1431 1250 1520 basim
1285 1449 1329 1518 et
1362 1431 1703 1520 fundamentum
1750 1425 2094 1546 dispensationis

572 1556 841 1642 constituere
874 1553 1026 1654 debet,
1064 1584 1118 1640 ex
1153 1553 1388 1641 omissione
1423 1552 1673 1670 praedictae
1699 1551 1935 1642 cautelae
1960 1549 2093 1636 balnei

578 1676 727 1762 exulat
761 1676 962 1764 omuino.

703 1795 829 1884 Hisce
862 1800 921 1886 ita
956 1797 1165 1914 expositis
1198 1815 1242 1884 et
1286 1795 1521 1888 enucleatis
1570 1798 1722 1916 quoad
1793 1795 2087 1886 extrinsecum

576 1917 870 2010 verificaudae
920 1921 1353 2010 inconsummationis
1402 1919 1586 2030 carnalis
1632 1949 1940 2037 processum,
1994 1917 2088 2004 ultro

575 2039 781 2142 deleusor
815 2041 1098 2160 progreditur
1131 2043 1186 2132 ad
1218 2043 1646 2132 consummationem
1700 2045 1749 2130 in
1793 2073 1910 2132 casu
1949 2057 2088 2128 osten-

574 2161 769 2252 dendam
805 2193 860 2254 ex
895 2165 1236 2282 proximioribus
1270 2165 1589 2282 inspectionum
1618 2171 1945 2254 exercitas-um
1970 2160 2085 2252 etde

575 2284 844 2402 positionum
880 2287 1147 2376 iudicialium
1182 2287 1368 2376 indiciis.
1409 2291 1454 2376 ln
1491 2289 1556 2376 his
1592 2307 1932 2377 verumtamen
1967 2283 2083 2402 pros·

575 2421 692 2496 tetur
724 2439 774 2496 ee
808 2411 954 2498 omnia
988 2409 1180 2498 recolere
1213 2442 1261 2498 ac
1284 2411 1485 2500 lucidiori
1508 2412 1552 2498 iu
1577 2411 1673 2499 luce
1697 2411 1961 2501 restituere
1983 2437 2078 2525 quae

574 2528 662 2616 iam
698 2529 742 2616 in
778 2533 1141 2624 antecedentibus
1179 2533 1635 2624 animadversionibus
1658 2532 1951 2624 enucleavit.
1974 2532 2077 2642 erae

530 2725 531 2728 γ
574 2647 736 2739 idcirco
769 2683 905 2770 quum
943 2655 986 2740 in
1020 2653 1177 2742 iisdem
1212 2657 1272 2744 rei
1308 2675 1350 2743 et
1382 2655 1483 2746 laeti
1518 2655 1853 2760 fundamentis
1898 2684 1980 2742 nce
2003 2681 2073 2738 non

574 2772 845 2890 Scriptorum
880 2791 971 2864 tum
1009 2777 1247 2866 Medicinae
1280 2777 1462 2866 lorensis
1498 2793 1589 2864 tum
1624 2777 1910 2897 disciplinae
1961 2803 2071 2863 cano·

574 2893 698 2986 nicae
733 2897 996 2988 testimoniis
1029 2899 1279 3006 consistant,
1317 2900 1509 3020 quaein
1561 2915 1762 2992 anteacta
1802 2897 2069 2990 discussione

573 3018 770 3136 exposui,
808 3019 909 3108 binc
943 3021 1177 3110 relativum
1214 3023 1365 3112 lolium
1402 3044 1501 3113 tunc
1531 3021 1839 3116 distributum
1866 3024 1955 3111 ΕΕ.
1982 3020 2061 3104 vt.

574 3141 720 3258 prouti
752 3141 950 3247 obsecro,
988 3142 1225 3262 dignentur
1258 3177 1497 3248 resumere,
1545 3161 1676 3262 atque
1723 3151 1807 3254 ita,
1869 3141 2060 3234 omnibus

573 3263 806 3379 exploratis
840 3281 885 3352 et
918 3269 1146 3385 perpensis
1179 3300 1258 3387 pro
1307 3285 1475 3361 assueta
1522 3273 1738 3386 sapientia
1789 3289 1840 3360 et
1878 3263 2060 3356 doctriua

574 3385 902 3504 infrascriptum
935 3388 1144 3480 dirimere

1210 3639 1428 3728 DUBlUlll

699 3875 768 3962 An
801 3875 857 3962 sit
888 3875 1081 3964 standum
1112 3877 1178 3966 uel
1210 3879 1478 3970 recedendum
1512 3918 1537 3970 u
1570 3885 1718 3974 decisis
1753 3888 1800 3974 iu
1837 3913 1949 3972 cusu

700 4157 748 4243 ln
784 4155 958 4245 decisis.
