4530 6336
745 371 829 456 Dic
859 371 910 460 21
952 368 1070 460 Iconii
1103 373 1246 464 l879.
1649 385 1743 478 305

249 499 443 591 Clericus
477 495 533 586 ad
566 497 719 586 Sacros
750 492 941 583 Ordines
975 499 1303 610 promerendus
1334 529 1429 589 rem
1462 501 1656 621 aliquant
1683 512 1741 602 ad

250 623 478 713 honestam
514 617 874 707 sustentationem
910 615 1193 708 sufficientem
1242 622 1422 738 pacifice
1472 627 1743 744 possideret,

250 745 504 862 eademque
537 743 580 830 in
615 772 663 828 re
696 757 814 830 certa
848 757 890 828 et
924 742 1070 830 stabili
1117 745 1389 834 consisteret.
1443 751 1579 836 Porro
1625 753 1741 846 tituli

248 867 538 959 ordinationis
571 863 651 983 qui
686 863 728 950 in
764 863 964 952 Dioecesi
1000 865 1234 982 Cltiapensi
1270 899 1409 986 actpue
1440 900 1489 959 ac
1525 871 1566 960 in
1606 877 1742 972 Meni·

250 1023 359 1082 cana
392 991 535 1080 locum
572 988 772 1076 obtinent
808 986 1059 1076 huiusmodi
1093 988 1381 1079 stabilitatem
1416 995 1557 1084 aSac.
1606 998 1741 1092 Cone.

248 1117 374 1206 Trid.
412 1112 672 1232 requisitam
696 1107 965 1228 praeseferre
984 1111 1104 1199 nullo
1141 1113 1272 1202 modo
1296 1116 1460 1234 ambigi
1481 1115 1607 1232 posse
1626 1123 1748 1214 ride-

251 1259 336 1328 tur.
359 1239 598 1359 Episcopus
613 1264 718 1323 sane
737 1233 887 1321 asserit
902 1233 1744 1358 christifidelesdeterminataspraesta·

252 1365 389 1452 tiones
426 1358 625 1480 praroclris
648 1357 947 1478 [accrateacris
979 1357 1130 1446 asserit
1150 1359 1330 1449 ulterius
1347 1363 1597 1453 huiusmodi
1614 1397 1740 1485 prae·

248 1487 455 1578 stationes
495 1481 810 1571 bencfieiorum
847 1493 1096 1568 curatorum
1138 1481 1270 1570 dotem
1304 1487 1565 1584 constituere,
1611 1493 1744 1583 etde

249 1611 335 1699 illis
370 1611 486 1729 ipsos
520 1605 731 1724 parochos
763 1602 1034 1720 designatam
1066 1603 1322 1721 pensionem
1348 1608 1505 1695 solorra
1536 1607 1744 1728 odlipatos

247 1763 331 1822 esse
352 1729 664 1824 Sacerdotibus
681 1727 739 1816 ab
757 1725 972 1843 Episcopo
996 1727 1048 1814 ad
1071 1729 1292 1843 paroecias
1316 1747 1541 1850 tamquam
1563 1734 1744 1830 Vicariis

250 1859 315 1946 rel
349 1855 648 1945 Parecborom
668 1851 1017 1940 ‘auxiliatoribus
1045 1851 1199 1954 missis,
1222 1851 1299 1970 qui
1335 1855 1519 1972 proinde
1553 1857 1609 1946 ad
1642 1891 1741 1952 eum

247 1979 509 2097 exigendam
534 1977 599 2064 ius
632 1976 814 2062 babent.
835 1972 976 2060 Posita
1002 1973 1188 2090 proinde
1231 1975 1499 2094 obligatione
1535 1979 1576 2064 in
1614 2014 1741 2098 paro·

246 2103 411 2192 clrianis
447 2101 762 2218 praestationes
795 2094 1109 2184 determinatas
1141 2097 1339 2186 solvendi
1375 2101 1561 2217 propriis
1593 2104 1743 2194 Pasto-

247 2227 385 2328 ribus,
413 2254 581 2312 necnon
617 2220 888 2339 obligatione
919 2221 1212 2308 Parocborunr
1248 2221 1587 2312 determinatam
1622 2257 1743 2316 sum·

246 2379 366 2438 mum
399 2346 596 2436 solvendi
631 2343 889 2434 eorumdem
907 2425 909 2430 ,
925 2343 1257 2432 auxiliatoribus
1291 2345 1348 2432 ab
1371 2347 1583 2464 Episcopo
1607 2349 1737 2456 datis,

247 2473 304 2563 de
336 2471 574 2560 stabilitate
609 2469 722 2557 tituli
758 2466 999 2556 nullimode
1034 2467 1199 2585 ambigi
1228 2469 1613 2584 possevideretur.

371 2594 502 2707 Quod
552 2610 700 2679 autern
751 2619 818 2678 res
872 2593 930 2678 ita
981 2621 1027 2677 se
1075 2589 1234 2676 babeat
1284 2591 1445 2680 lactum
1497 2593 1742 2686 luculenter

248 2717 496 2807 eonlrrmat.
557 2719 642 2804 Per
696 2713 779 2800 tria
824 2743 1018 2832 namqno
1054 2713 1226 2800 saecula
1263 2713 1369 2803 baec
1417 2716 1594 2833 praxis,
1639 2750 1739 2806 eon·

246 2841 414 2930 lercndi
449 2869 592 2928 sacros
626 2838 803 2926 ordines
841 2836 965 2924 titulo
1014 2833 1399 2924 administrationis
1443 2841 1484 2926 iu
1516 2855 1604 2928 tota
1643 2844 1731 2929 tta·

246 2967 399 3055 sicana
451 2961 640 3052 Ecclesia
680 2961 818 3076 sigen
853 2975 1076 3047 ettamen
1117 2963 1159 3048 in
1194 2979 1312 3050 tanta
1348 2977 1599 3082 temporum
1638 2963 1736 3052 diu·

251 3088 466 3176 turnitate
505 3102 547 3174 ct
578 3084 835 3172 clericorum
875 3084 1161 3172 multitudine
1198 3114 1442 3204 numquam
1479 3087 1739 3204 exemplum

248 3212 487 3300 occurrisse
506 3207 681 3298 ridetur
696 3207 817 3324 (ruod
840 3207 1034 3295 Clericus
1051 3208 1113 3295 sic
1126 3209 1355 3296 ordinatos
1373 3239 1470 3294 eum
1486 3207 1740 3298 ordinisde-

244 3335 403 3424 decore
426 3330 680 3422 mendicare
693 3344 767 3417 aiut
784 3329 1013 3417 sordidum
1039 3331 1230 3448 aliquem
1262 3345 1494 3452 quaestum
1528 3362 1736 3422 exercere

246 3459 500 3572 compulsus
540 3456 685 3541 luerit.
722 3454 847 3566 Quae
880 3485 947 3540 res
975 3456 1126 3569 qtranti
1163 3455 1359 3544 iacienda
1394 3455 1447 3542 sit
1482 3487 1563 3571 pro
1587 3455 1738 3544 buius·

246 3581 368 3670 modi
403 3579 527 3700 prasi
561 3575 867 3694 approbanda,
902 3607 1032 3664 neoto
1066 3577 1235 3696 estqui
1273 3607 1360 3666 non
1399 3577 1571 3681 rideat;
1613 3609 1735 3694 prae·

244 3706 395 3792 sertim
436 3703 471 3792 si
515 3729 755 3819 parumper
794 3699 1109 3816 perpendatur,
1134 3701 1253 3817 qrrod
1288 3703 1471 3820 qrracris
1509 3702 1737 3790 innovatio

244 3828 486 3915 maximam
521 3823 748 3941 spirituale
781 3821 1070 3940 dispendium
1105 3825 1180 3911 toti
1212 3825 1271 3912 illi
1296 3827 1513 3914 Ecclesiae
1541 3825 1734 3930 allerrct,

247 3951 410 4069 inquit,
447 3965 630 4070 propter
658 3950 852 4035 locorum
884 3964 1185 4064 paupertatem
1222 3965 1264 4035 et
1296 3948 1644 4037 circumstantias
1663 3977 1735 4063 pc·

247 4075 464 4176 ruliarcS,
505 4071 650 4160 clerici
685 4069 775 4158 lere
818 4072 1010 4158 universi
1047 4069 1302 4159 lrniusmodi
1340 4073 1570 4161 dumtaxat
1610 4070 1736 4160 titulo

246 4199 302 4289 ud
334 4202 487 4288 Sacros
521 4196 705 4284 Ordines
730 4193 1037 4281 admittuntur.
1079 4195 1165 4280 blec
1185 4196 1288 4283 satis
1317 4197 1392 4286 sed
1430 4195 1511 4282 arlia
1546 4194 1735 4282 occurrit

245 4345 374 4411 cansa
405 4349 519 4440 «puae
558 4317 726 4434 praxim
753 4320 793 4404 ia
813 4317 1002 4406 Ecclesia
1021 4318 1240 4406 llcxicana
1263 4319 1542 4406 earistitutam
1585 4319 1628 4404 in
1651 4346 1730 4406 suo

247 4446 405 4532 robore
428 4445 484 4531 ab
500 4443 663 4532 H.S.C.
678 4440 1049 4530 manutenendam
1070 4471 1162 4528 csse
1181 4443 1368 4534 suadere
1395 4441 1586 4543 videtum
1608 4471 1736 4555 prae-

245 4567 438 4683 sumptio
457 4593 618 4683 nempe
646 4567 754 4652 ienis
787 4584 825 4652 at
858 4566 908 4652 da
942 4567 1033 4652 irae
1064 4565 1266 4653 errandum
1290 4564 1536 4684 privilegio,
1563 4593 1638 4649 seu
1663 4562 1737 4650 bc·

245 4693 462 4807 beplacito
503 4689 740 4806 apostolico
774 4689 1291 4804 auctoranteincoeptam
1328 4689 1473 4776 luisse.
1502 4685 1731 4801 Comperti

244 4816 412 4932 quippe
446 4813 545 4902 lacti
579 4831 640 4900 est
676 4813 925 4903 lruiusmodi
955 4811 1124 4929 praxim
1161 4842 1239 4930 per
1268 4813 1502 4931 plusquam
1533 4808 1613 4898 tria
1647 4839 1734 4898 sae·

245 4940 343 5025 cula
373 4937 481 5025 inibi
522 4937 564 5022 in
605 4963 681 5022 usn
715 4967 825 5026 esse:
863 4969 992 5053 porro
1043 4936 1148 5023 trunti
1186 4936 1396 5052 temporis
1440 4933 1585 5022 durrus
1632 4964 1734 5020 con·

244 5061 525 5149 suetudinem
562 5059 829 5148 constituere
862 5089 993 5178 qusint
1034 5059 1439 5147 immemorabilem
1480 5056 1724 5175 appellant,

244 5181 278 5270 ii
312 5187 444 5272 ctiam
478 5183 638 5289 sciunt,
674 5183 748 5298 qui
784 5183 890 5270 nilril
939 5184 1093 5272 sciunt.
1148 5187 1204 5270 dt
1255 5211 1358 5271 vcro
1405 5177 1737 5270 consuetudinis

246 5306 609 5397 immemorabilis
643 5321 759 5393 tanta
795 5323 858 5394 est
891 5307 957 5394 vis
990 5325 1034 5395 et
1066 5303 1269 5407 efficacia,
1291 5321 1339 5393 ut
1362 5305 1523 5393 nedum
1557 5303 1734 5392 titulum

243 5429 301 5518 de
335 5432 502 5519 mando
537 5431 786 5538 meliorem,
814 5459 967 5518 verum
1000 5430 1136 5536 otiam
1174 5429 1452 5547 privilegium
1488 5445 1526 5513 ct
1562 5429 1595 5514 si
1621 5455 1732 5543 opus

240 5555 314 5659 sit,
351 5553 683 5671 beneplacitum
716 5557 1006 5672 apostolicum
1042 5574 1325 5674 praesumere
1358 5552 1504 5654 l'aeiat,
1531 5581 1609 5640 ceu
1646 5565 1733 5639 tra·

1541 5699 1601 5787 39
