4516 6318
543 321 636 426 llll
1012 317 1097 406 na
1127 315 1188 402 l3
1221 313 1373 412 Martii
1407 313 1543 403 l8't'll.

539 442 701 558 Quin
689 471 779 540 rmo
828 438 985 532 eadem
1030 437 1168 532 verba
1204 437 1327 578 inrita
1366 466 1542 527 sensum
1567 439 1795 540 Ecclesiae
1830 465 2036 527 commea

539 597 705 660 netur
680 564 705 652 Γ
712 565 877 654 delium
914 593 1041 652 usum
1079 578 1122 654 et
1151 559 1425 678 opinionem,
1446 591 1495 649 ac
1512 582 1714 654 naturam
1753 582 1879 651 actus
1913 577 2043 678 prout

544 691 663 792 licite
702 688 798 776 steri
839 699 997 806 potest,
1020 697 1385 804 praesupponunt
1403 714 1557 778 verum
1590 686 1931 778 matrimonium
1959 685 2045 778 iam

545 812 815 906 celebratum
865 809 935 900 vel
980 807 1236 949 quantocius
1280 807 1615 915 celebrandum,
1654 843 1704 900 ac
1742 808 1941 928 proinde
1978 840 2044 896 re·

542 937 754 1058 gulariter
796 930 1038 1024 excludunt
1078 934 1299 1020 internum
1348 962 1605 1072 consensum
1643 931 1945 1025 contrahendi
1991 931 2047 1020 de

537 1059 776 1178 praesenti.
803 1061 915 1175 Ergo
944 1057 1079 1144 verba
1104 1055 1266 1145 vel’c
1201 1085 1266 1174 sig
1271 1086 1325 1142 na
1348 1053 1393 1148 in
1417 1059 1746 1148 matrimonio·
1724 1055 1844 1146 civili
1874 1055 2049 1171 regula·

542 1184 651 1282 riter
674 1181 790 1274 baud
814 1181 1078 1274 constituere
1105 1208 1283 1294 posse
1260 1177 1468 1268 videntur
1492 1179 1677 1270 lormam
1706 1178 2010 1270 matrimonii.

663 1303 861 1408 Accedit,
898 1302 1019 1422 qood
1052 1298 1228 1392 claustri
1235 1300 1354 1388 deles
1387 1303 1601 1394 adeuntes
1623 1305 1937 1447 magistratum
1978 1299 2052 1387 lai-

541 1459 659 1533 cum,
715 1448 762 1516 nt
808 1335 1158 1568 independenter
1202 1423 1260 1512 ab
1293 1423 1480 1514 Ecclesia
1510 1427 1782 1518 matrimonii
1818 1425 2052 1512 vinculum

542 1543 707 1654 ineant,
746 1552 919 1668 penitus
954 1549 1194 1640 adbaerent
1229 1579 1278 1634 ac
1300 1545 1601 1640 somniantur
1592 1552 1744 1669 iniquo
1769 1552 1922 1666 legum
1949 1547 2055 1634 civi·

541 1675 651 1764 lium
686 1671 807 1762 ausui
816 1689 1071 1790 ‚tantopere
1105 1670 1340 1787 reprobato
1375 1705 1399 1761 ιι
1434 1673 1646 1764 Pontissce
1680 1675 1757 1762 Pio
1793 1672 1911 1758 lX.
1901 1703 1946 1758 tn
1970 1700 2060 1756 me-

542 1797 745 1902 morabili
779 1797 965 1916 epistola
1000 1793 1087 1884 diei
1122 1794 1151 1880 9
1194 1795 1457 1909 septembris
1491 1798 1611 1888 t852
1636 1798 1691 1886 ad
1715 1794 1954 1890 Sardiniae
1979 1796 2061 1890 Re-

543 1950 663 2039 gem,
683 1941 725 2010 et
740 1922 798 2014 ab
821 1919 1042 2040 Episcopis
1069 1917 1321 2008 Umbriae
1310 1951 1352 2006 ιιι
1378 1922 1598 2035 praeclara
1623 1917 1924 2011 declaratione
1956 1915 2060 2004 anni

547 2043 748 2150 tenta
781 2046 969 2162 glorioso
1003 2043 1231 2137 samon.
1269 2041 1322 2130 Ν.
1369 2045 1582 2134 Pontifice
1622 2049 1768 2134 Leone
1804 2043 1931 2134 Xlll.
1957 2057 2060 2128 tunc

546 2169 761 2258 Perusino
794 2168 1007 2286 Episcopo
1040 2181 1236 2267 exarata,
1258 2166 1493 2284 separandi
1512 2199 1671 2285 nempe
1692 2169 1735 2256 in
1761 2165 2054 2256 matrimonio

475 2347 477 2352 -
546 2291 784 2389 christiano
816 2306 1090 2384 contractum
1115 2319 1140 2374 a
1170 2303 1459 2394 sacramento,
1479 2292 1740 2410 nudumque
1775 2307 2055 2378 contractum

546 2413 760 2533 perlicere
794 2427 1096 2531 praesumunt.
1134 2411 1214 2500 Ast
1247 2413 1576 2506 matrimonium
1614 2417 1655 2502 in
1678 2445 1805 2502 senso
1830 2410 2057 2502 Ecclesiae

547 2536 867 2638 clandestinum
916 2555 979 2626 est
1027 2550 1290 2624 attentatum
1325 2537 1657 2626 matrimonium
1680 2537 1968 2630 christianum
2006 2535 2050 2625 in

546 2691 676 2764 sensu
711 2659 999 2752 essentialiter
1016 2659 1259 2775 composito
1282 2675 1525 2752 contractus
1543 2663 1673 2750 simol
1698 2677 1741 2750 et
1763 2656 2054 2750 sacramenti.

547 2783 735 2875 Intentio
753 2784 901 2900 itaque
918 2781 1267 2878 contrabentium
1294 2784 1336 2870 in
1362 2784 1774 2875 matrimonioeivili
1794 2784 1939 2901 ipsam
1966 2811 2059 2868 ma·

550 2905 743 3010 trimonii
777 2903 1034 3004 clandestini
1068 2903 1303 3004 materiam
1336 2907 1489 2998 vitiare
1523 2927 1722 2998 conatur.

683 3031 887 3123 Tandem
914 3028 1128 3118 Ecclesiae
1160 3027 1476 3122 declarationes
1510 3033 1569 3121 ita
1601 3033 1811 3122 amussim
1842 3031 2048 3120 absolute

549 3173 650 3258 sunt
675 3171 927 3272 conceptae,
951 3168 998 3250 ut
1022 3153 1080 3240 ab
1106 3165 1205 3246 actu
1235 3183 1356 3244 mere
1389 3155 1505 3245 cirili
1539 3157 1702 3248 diserte
1729 3155 1968 3244 excludere
1993 3153 2055 3240 vi-

553 3277 749 3368 deantur
772 3278 1018 3395 quamlibet
1037 3275 1226 3367 sormam
1251 3279 1518 3366 matrimonii
1544 3281 1675 3370 etiam
1701 3279 1835 3366 irriti.
1850 3281 1975 3368 Patet
1999 3307 2055 3364 ex

552 3429 686 3516 saepe
720 3401 849 3491 citata
893 3404 1128 3494 Constitut.
1158 3401 1380 3490 Benedicti
1409 3405 1529 3492 XlV.
1557 3403 1763 3493 Redditne
1794 3398 2051 3496 snrttaobis,

563 3524 766 3617 «Sciant
802 3525 949 3666 itaque
983 3521 1183 3612 catholici
1207 3543 1379 3614 vestrae
1411 3557 1543 3616 curae
1575 3511 1835 3630 concrediti,
1856 3557 1959 3614 cum
1997 3521 2055 3610 ci·

565 3647 702 3742 vili
738 3648 1012 3766 magistratui
1047 3663 1120 3734 ιιιιι
1154 3645 1370 3737 haeretico
1405 3649 1644 3740 ministello
1680 3649 1950 3738 matrimonii
1987 3675 2055 3734 ce·

565 3769 829 3862 lebrandi
865 3804 991 3862 cansa
1024 3801 1071 3858 se
1102 3768 1276 3871 sistunt,
1312 3787 1457 3860 actum
1489 3806 1534 3862 se
1569 3805 1691 3862 mere
1725 3773 1898 3862 civilem
1922 3800 2050 3860 exer·

564 3924 738 3998 rcere,
776 3925 870 4011 quo
897 3923 1028 3990 snum
1061 3925 1164 4010 erga
1199 3893 1314 4012 leges
1347 3911 1392 3982 et
1425 3895 1623 3986 instituta
1646 3897 1900 4016 principum
1924 3895 2052 3984 obse·

565 4015 780 4134 quium
816 4017 1071 4115 ostendunt:
1109 4033 1333 4115 caeterum
1370 4033 1472 4109 tnnc
1504 4021 1684 4140 quidem
1734 4020 1905 4110 nullum
1944 4051 1969 4107 a
2003 4045 2048 4104 se

564 4177 585 4238 't
625 4139 821 4228 contrabi
855 4139 1202 4237 matrimonium
1236 4183 1252 4222 ι
1291 4141 1423 4254 Quod
1457 4145 1641 4234 totidem
1676 4144 1765 4234 lere
1801 4143 1946 4230 verbis
1982 4171 2051 4230 r··e

560 4261 793 4380 petitPius
817 4265 931 4352 Vl.
921 4296 961 4355 ιιι
983 4263 1172 4382 Epistola
1208 4265 1263 4358 ad
1297 4267 1566 4386 Episcopum
1604 4269 1845 4358 Lucionen.
1887 4262 2046 4352 «Nihil

568 4425 594 4482 ι
630 4401 775 4477 tamen
810 4387 1126 4506 impedimento
1160 4417 1253 4485 esse
1284 4420 1327 4506 q
1320 4390 1525 4483 ominus
1557 4391 1728 4496 fideles,
1768 4409 1812 4478 ut
1846 4387 2048 4479 civilibus

567 4547 586 4601 ι,
590 4510 857 4640 potiantur
884 4511 1141 4615 effectibus,
1183 4513 1497 4632 praescriptam
1532 4547 1557 4604 a
1591 4461 1802 4603 natioirali
1835 4529 2053 4602 conventu

570 4629 977 4734 declarationem
1006 4633 1181 4738 iaciant,
1205 4635 1313 4726 illud
1348 4667 1522 4754 semper
1544 4670 1649 4780 prae
1666 4637 1802 4727 oculis
1822 4635 2048 4738 babentes,

567 4795 593 4858 ι,
626 4757 798 4856 nullum
831 4758 931 4846 ab
920 4758 1030 4878 rpsis
1061 4775 1161 4858 tunc
1193 4759 1394 4850 contrabi
1431 4763 1775 4867 matrimonium,
1797 4759 1873 4849 sed
1908 4775 2052 4850 aetum

569 4910 750 4986 mere
782 4881 965 4982 civilem
991 4881 1250 4984 exerceri.

686 5003 917 5106 Neminem
953 5019 1070 5099 certe
1102 5005 1216 5126 legit
1244 5007 1373 5098 hasce
1406 5009 1742 5153 propositiones,
1764 5007 1935 5096 nullum
1956 4993 2054 5094 conss

562 5127 681 5240 laabi
711 5128 1059 5234 rnatrimouium.
1085 5145 1129 5221 et
1162 5131 1362 5230 eorrtrabi
1398 5132 1730 5222 matrimonium
1766 5131 1963 5232 nullum,
2001 5125 2051 5214 li·

563 5269 634 5354 net
664 5251 822 5349 iisdem
856 5271 1086 5372 conceptas
1121 5253 1283 5360 verbis,
1304 5287 1478 5362 sensnm
1504 5257 1634 5377 plano
1667 5255 1894 5346 diversum
1928 5196 2054 5343 eini-

563 5374 690 5514 bere.
712 5375 851 5496 idque
882 5394 1004 5497 patet
1035 5411 1091 5478 ex.
1123 5409 1301 5496 propria
1317 5397 1362 5470 et
1384 5381 1558 5471 diversa
1580 5379 1898 5500 significatione
1912 5403 2053 5518 quam

566 5495 614 5586 in
636 5513 831 5618 utraque
843 5502 1151 5630 propositione
1174 5502 1602 5596 induitadiectivum
1626 5503 1805 5611 nallrtm.
1830 5505 1879 5594 ln
1907 5500 2051 5622 prima
