4350 6326
593 336 676 424 no
706 333 767 426 ao
797 337 1047 453 seponere
1080 341 1216 432 raro.
1447 307 1448 312 i
1557 350 1640 440 sol

165 477 330 566 tantur,
364 475 494 580 atque
527 491 661 550 onere
708 461 910 578 Capitolo
958 463 1161 582 imposito
1204 467 1646 592 Ambipresbyterum
1728 573 1730 576 ,

168 583 406 672 adiuvandi
443 582 485 670 in
522 583 767 674 animarum
803 616 906 673 eura
938 586 1042 673 satis
1076 587 1396 681 demonstrasse
1424 595 1492 682 ait
1517 595 1650 714 Cupi-

168 705 259 794 tulo
294 706 594 794 inhaerentem
630 732 722 795 esse
757 708 1003 796 animarum
1036 737 1165 826 curae
1199 711 1564 806 habitualitatom.

263 823 570 946 'Quapropter
606 829 769 947 colligit
815 829 908 918 sive
944 831 1210 932 extrinsecus
1264 834 1355 926 sive
1390 837 1651 932 intrinsecus

166 981 234 1040 res
256 951 575 1068 perpendatur,
599 951 1499 1052 noraeauditionisbeneficiumGnarinio
1514 965 1651 1054 dene-

169 1074 366 1191 gandum
401 1101 508 1162 esse.

292 1197 417 1286 llisce
450 1195 582 1313 igitur
614 1194 714 1283 hinc
747 1195 850 1284 inde
884 1199 1127 1316 perpensis,
1167 1206 1487 1325 resumptisque
1532 1209 1656 1302 beni·

166 1347 252 1436 gne
285 1317 530 1437 praeteritis
573 1316 687 1406 loliis
731 1335 936 1438 rogantur
969 1321 1051 1408 En.
1087 1319 1184 1411 VV.
1221 1353 1408 1443 sequens
1457 1329 1654 1422 enodare

796 1567 1013 1656 DUBlUll
1059 1625 1061 1632 ·

288 1809 360 1896 Aa
392 1841 520 1898 nouae
552 1809 785 1900 auditionis
819 1811 1055 1936 berrcficinm
1074 1816 1372 1907 concedendum
1396 1821 1513 1907 sitiit
1536 1815 1648 1910 ausu.

286 2266 511 2382 Negative.

290 2747 740 2950 annntrnrmt.
792 2859 1290 2948 ntsrntnnrtun'tnt.
1314 2803 1357 2935 ⁸=
1389 2859 1641 2976 Capitulum
1673 2865 1779 2957 Sars.
1803 2869 1986 2989 Zlcop.
2012 2872 2077 2962 ln

161 2982 519 3098 Metropolitanae
568 2983 782 3072 Ecclesiae
829 2981 1174 3071 Ravennatensis
1206 3010 1393 3072 massam
1438 3012 1646 3073 commu·-
1678 2988 1730 3078 de
1748 2989 1938 3112 Reform.

161 3129 262 3189 nem
313 3104 490 3208 babet,
543 3107 665 3196 cuius
715 3105 841 3194 tertia
896 3135 995 3224 pars
1042 3105 1315 3195 canonicales
1369 3105 1646 3220 praebendas

161 3223 388 3330 efformet,
430 3229 628 3348 reliquae
675 3229 792 3318 duae
835 3259 891 3318 cx
933 3227 1074 3316 tribus
1108 3227 1648 3343 partibusdistribulioni·

160 3347 244 3434 bus
276 3351 541 3464 quotidianis
574 3352 866 3470 applicantur.
907 3352 1026 3440 Licet
1064 3367 1210 3438 autem
1256 3380 1310 3438 ex
1349 3349 1453 3438 iuris
1493 3351 1648 3470 dispo·-

160 3469 316 3558 sitione
355 3472 686 3564 distributiones
733 3476 953 3564 lucrentur
995 3472 1070 3594 qui
1119 3473 1249 3562 choro
1295 3473 1453 3562 adsunt
1500 3492 1542 3563 et
1587 3477 1645 3565 ab

161 3591 414 3702 absentibus
461 3599 750 3702 amittantur,
788 3613 932 3688 tamen
978 3595 1184 3687 Canonici
1218 3596 1423 3684 trimestri
1458 3598 1646 3688 vacatio·

160 3741 265 3800 num
304 3730 503 3834 tempore
542 3721 743 3810 absentes
783 3721 959 3810 easdem
1001 3718 1246 3836 percipiunt
1290 3749 1376 3808 non
1422 3721 1553 3810 modo
1585 3731 1647 3810 'ex

162 3835 406 3930 inveterata
438 3843 783 3947 consuetudine,
819 3844 896 3933 sed
940 3843 983 3929 vi
1018 3843 1388 3932 Constitutionum
1423 3843 1648 3960 Capitale·

161 3960 274 4048 rium
308 3961 353 4050 in
399 3965 562 4082 quibus
606 3966 652 4054 id
688 3981 839 4084 aperte
881 3981 1072 4054 cavetur.
1115 3965 1455 4055 Constitutiones
1489 3959 1641 4054 autern

161 4081 430 4195 Capitulares
463 4089 520 4177 ab
551 4089 785 4178 Ordinatio
820 4089 900 4176 loci
935 4089 1238 4204 promulgatae
1270 4104 1313 4176 et
1346 4085 1487 4177 editae
1521 4107 1637 4194 sont,

160 4206 268 4317 quin
304 4206 465 4298 luerint
496 4211 721 4300 Pontificio
756 4212 1027 4300 Auctoritate
1070 4214 1316 4300 roboratae.
1365 4213 1644 4326 Quapropter

160 4323 292 4414 nnus
315 4333 553 4451 Episcopus
570 4335 613 4422 in
635 4334 888 4452 nuperrima
905 4335 960 4423 ad
978 4335 1054 4426 SS.
1067 4337 1152 4422 bb.
1170 4335 1386 4421 relatione
1408 4331 1642 4450 exquirere

162 4477 184 4536 a
207 4451 382 4542 s.v.0.
399 4455 567 4546 curavit
590 4485 694 4542 num
714 4455 983 4546 consuetudo
1009 4457 1170 4544 isthaec
1190 4455 1513 4569 Capitularibus
1528 4455 1642 4542 Con·

162 4571 462 4668 stitutiooibus
495 4578 643 4667 innixa
678 4579 820 4668 valeat
867 4580 1085 4668 sustineri.
1123 4577 1490 4666 Animadvertere
1523 4575 1644 4665 insu-

162 4722 241 4808 per
274 4717 399 4788 curat
432 4701 646 4790 eiusmodi
683 4701 1042 4791 consuetudinem
1078 4700 1236 4816 passim
1270 4702 1314 4787 in
1357 4699 1453 4788 aliis
1484 4697 1640 4788 (lathe-

162 4815 349 4908 dralium
382 4825 593 4941 Capitulis
626 4823 843 4935 obtinere,
863 4841 1013 4944 atque,
1034 4823 1258 4912 Canonieis
1286 4822 1376 4911 lere
1398 4821 1641 4940 aequaliter
1772 4875 1774 4879 -

114 5005 116 5012 ,
162 4944 386 5033 utentibus
421 4946 721 5035 vacationibus
743 4947 823 5036 sibi
848 4945 1086 5063 permissis,
1102 4945 1212 5034 illud
1235 4945 1413 5034 evenire
1446 4957 1636 5062 oportet,

162 5076 223 5164 ut,
262 5095 363 5153 curn
399 5071 696 5189 unusquisque
730 5069 787 5158 de
819 5069 1007 5157 aliorum
1042 5067 1246 5157 lallentiis
1272 5066 1519 5187 participet,
1545 5097 1639 5156 orn·

155 5209 236 5270 nes
265 5207 625 5312 praeterpropter
656 5192 861 5281 eamdem
894 5191 1254 5280 distributionum
1287 5208 1464 5296 ratam,
1502 5217 1640 5309 quam

162 5333 291 5414 nunc,
329 5315 461 5402 etiam
487 5317 718 5404 immutata
745 5313 1032 5432 dispositione
1056 5315 1203 5431 quoad
1230 5313 1507 5402 vacationum
1531 5330 1640 5402 tem·

160 5455 254 5542 pus,
291 5437 519 5556 percipere
542 5451 741 5558 pergant.
