4558 6340
750 327 832 417 Die
862 329 913 417 2l
956 327 1073 417 Iunii
1106 329 1241 419 t879;
1645 333 1737 423 263

257 453 441 548 Cotton„
477 448 582 538 diac.
618 452 680 540 28
711 483 825 540 num.
863 453 924 540 tn
957 450 1008 536 de
1039 453 1223 541 Purocb.
1262 466 1306 539 et
1337 451 1440 540 alibi
1479 483 1611 592 quam
1647 485 1742 544 sae-

258 575 453 694 pissime
490 574 535 664 Si
569 575 719 700 itaque
754 573 872 663 iuxta
911 575 1041 664 Card.
1067 578 1135 663 De
1169 579 1283 664 luca
1311 577 1575 662 sententiam
1610 579 1743 695 Capi·

258 698 400 786 tulum
430 726 671 814 numquam
701 696 866 801 deficit,
880 696 959 785 sed
985 715 1049 785 est
1070 729 1245 817 semper
1266 706 1403 784 utram
1421 697 1598 786 elidem
1635 700 1737 789 licet

257 849 411 908 ornnes
444 819 650 908 Canoniei
684 819 941 922 defecerim,
978 849 1032 907 ex
1066 821 1146 909 boc
1177 820 1509 938 sequiturqnod
1533 821 1741 940 obligatio

259 973 373 1062 quae
406 943 648 1031 Cannuicos
680 955 880 1058 tempore
909 943 1189 1032 institutionis
1222 941 1499 1031 canonicatus
1537 946 1738 1061 Magnoni

259 1067 455 1153 virentes
488 1061 810 1206 obstringebat,
848 1065 904 1154 ad
938 1067 1125 1155 actuales
1171 1097 1349 1183 quoquc
1395 1067 1632 1156 Canonicos
1665 1100 1739 1156 cx·

261 1187 386 1276 tendi
439 1185 631 1291 debeat,
684 1186 839 1304 quiin
882 1187 1110 1276 illorum
1099 1221 1191 1276 rura
1237 1207 1281 1275 et
1320 1218 1454 1278 onera
1494 1219 1592 1276 curn
1634 1221 1737 1277 con-

258 1307 502 1398 ditionibus
541 1254 745 1397 omiribus
788 1341 813 1398 a
861 1311 1078 1402 Canonico
1126 1312 1327 1428 lllagnuni
1378 1341 1433 1400 ex
1481 1327 1741 1401 testamento

257 1431 472 1552 impositis
500 1447 809 1520 successerunt.

383 1556 527 1666 Quam
568 1586 660 1643 rem
700 1573 746 1642 ut
790 1556 929 1672 magis
972 1555 1196 1674 magisque
1229 1554 1459 1666 coulirmet
1493 1554 1545 1642 ad
1586 1555 1738 1645 decre·

260 1692 351 1765 turn
388 1681 490 1767 aS.
527 1676 792 1765 visitationis
825 1679 1175 1797 Congregatione
1211 1681 1296 1766 sub
1329 1659 1403 1766 dic
1436 1678 1496 1764 20
1541 1678 1742 1793 Septem·
1784 1775 1787 1783 ,
1882 1782 1887 1794 ‚

257 1799 495 1888 brisl875
533 1797 684 1886 datum
729 1801 929 1888 recurrit.
982 1802 1094 1891 Sane
1133 1832 1232 1889 cum
1281 1815 1557 1916 compertum
1592 1801 1741 1888 luisset

259 1919 378 2040 quod
411 1922 534 2010 4890
567 1953 749 2009 nurnero
783 1923 948 2026 Missae,
985 1956 1170 2042 quarum
1205 1927 1529 2041 eleemosynam
1564 1924 1740 2038 Capitu-

259 2043 349 2132 lum
388 2061 662 2160 perceperat,
698 2045 943 2136 celebratae
974 2046 1091 2134 haud
1136 2047 1311 2148 luerint,
1360 2046 1583 2162 praedicta
1618 2048 1663 2134 S.
1685 2049 1735 2136 C.

217 2175 222 2190 ’
263 2165 1122 2287 posthabitaquavisdistinetioneatquc
1160 2170 1420 2271 dillercntia,
1455 2199 1590 2286 quam
1626 2168 1740 2255 inter

258 2287 611 2406 praedecessores
644 2305 687 2378 et
704 2321 965 2380 successores
997 2291 1239 2379 laciendum
1258 2323 1349 2380 esse
1378 2291 1615 2379 adversarii
1635 2291 1740 2378 iusi-

260 2427 429 2515 nuant,
465 2413 704 2500 decernere
742 2415 936 2518 censuit,
980 2431 1027 2502 ut
1072 2415 1325 2503 universum
1368 2415 1620 2530 Capitulum
1654 2413 1741 2500 ub-

259 2552 481 2652 sumptam
538 2535 750 2650 pecuniae
809 2567 1027 2624 summam
1080 2539 1455 2654 eleemosynarum
1491 2535 1734 2640 lllissarum,

258 2687 337 2774 per
369 2659 673 2746 Camerarium
695 2658 971 2776 rependeret.
999 2661 1172 2747 Dccreti
1197 2659 1406 2776 particula
1432 2689 1543 2776 quae
1563 2657 1616 2744 ad
1641 2689 1739 2744 rom

259 2778 374 2882 lacit,
402 2779 460 2866 sic
493 2810 537 2864 sc
571 2779 740 2867 babet:
793 2823 809 2858 ι
848 2783 1134 2900 Eleemosyna
1182 2783 1403 2869 Missarum
1444 2782 1566 2870 t890
1600 2813 1623 2866 a
1657 2783 1738 2868 Ca·

264 2941 281 2980 «
318 2902 459 3020 pitulo
493 2919 699 3020 percepta
732 2903 895 3022 deponi
929 2905 1063 2993 debet
1094 2935 1175 3023 per
1221 2904 1490 2994 Canonieum
1538 2905 1743 2991 Camera-

265 3065 281 3102 «
320 3025 436 3112 rium
472 3025 589 3140 apud
624 3025 912 3114 Secretariam
943 3031 987 3115 S.
1015 3029 1176 3142 Cougr.
1201 3028 1291 3114 Vis.
1318 3026 1591 3143 Apostolicae
1617 3054 1739 3114 men·

264 3187 281 3226 ι
320 3149 451 3236 struis
485 3148 588 3234 ratis
622 3147 870 3236 libellorum
903 3148 1246 3265 [reincipiendo
1280 3181 1304 3236 a
1338 3180 1486 3236 mense
1542 3149 1741 3234 Novem-

265 3307 282 3348 ι
321 3269 412 3357 bris
445 3269 572 3356 huius
605 3270 707 3358 anni
748 3311 786 3356 ι.
825 3275 958 3358 Ροιιο
991 3271 1026 3360 si
1060 3275 1105 3361 S.
1143 3272 1409 3358 visitationis
1448 3270 1739 3386 Congregatio

261 3422 371 3480 onus
404 3392 627 3480 lllissarum
662 3395 985 3512 eleemosynam
1027 3392 1305 3511 persolvendi
1339 3395 1541 3510 Capitulo
1564 3394 1739 3479 univer·

259 3544 308 3600 so
341 3514 586 3603 indistincte
613 3515 786 3619 adiecit,
824 3517 943 3605 nullo
982 3518 1130 3605 babilo
1164 3534 1361 3632 respectu
1395 3517 1449 3605 ad
1484 3545 1557 3602 eos
1598 3517 1739 3603 Cauo-

259 3636 377 3725 nicos
410 3639 484 3755 qui
519 3638 619 3725 licet
651 3641 975 3757 eleemosynam
1012 3641 1303 3756 perceperint,
1340 3639 1396 3727 de
1418 3637 1620 3754 Capituln
1645 3668 1737 3726 mo·

258 3757 315 3847 do
347 3760 537 3877 amplius
585 3790 671 3848 non
719 3779 844 3865 sunt,
881 3763 951 3849 vel
983 3793 1188 3878 supremo
1222 3761 1310 3848 latu
1343 3775 1583 3849 cesserunt:
1619 3759 1738 3847 idem

256 3879 303 3970 in
336 3884 531 3970 tbemate
563 3884 804 3972 tenendum
838 3915 930 3974 esse
963 3915 1092 3973 nemo
1127 3883 1306 3972 inficiari
1340 3884 1537 3971 audebit.
1712 3961 1748 3992 „

381 4004 581 4092 Tartdem
611 4037 689 4095 nec
717 4038 917 4125 regerere
950 4007 1064 4094 valet
1095 4023 1140 4093 ut
1174 4009 1231 4093 ait
1264 4007 1514 4121 Capitulum
1549 4002 1671 4120 quod
1704 4004 1740 4092 si

257 4127 499 4218 Canonicus
520 4129 753 4217 Ciocchctti
771 4170 787 4206 ι
808 4160 958 4218 avessc
978 4146 1124 4217 tenuto
1148 4129 1467 4246 regolarmente
1491 4129 1516 4214 il
1541 4127 1740 4243 Capitolo

112 4365 115 4372 ι
263 4289 280 4328 ι
320 4250 401 4337 dit
390 4249 558 4368 Maggio
590 4251 664 4392 (ip
690 4283 776 4372 qno
800 4252 919 4339 iuxta
948 4253 1215 4340 voluntatem
1241 4251 1483 4340 fundatoris
1507 4263 1739 4337 testa-tmen

263 4409 280 4449 ι
322 4387 413 4460 tum
437 4375 668 4490 quotannis
694 4375 1008 4492 perlegendum
1033 4391 1111 4474 cst,
1132 4405 1187 4460 ne
1208 4375 1428 4461 banorum
1454 4373 1739 4459 Canonieatus

266 4531 282 4570 ι
323 4496 534 4582 memoria
572 4497 826 4616 amittatur)
868 4497 1061 4584 avrcbbe
1091 4512 1222 4584 avuto
1255 4497 1400 4584 subito
1432 4494 1614 4609 risposta
1656 4491 1740 4577 alle

266 4653 282 4692 ι
321 4647 395 4704 sue
429 4619 613 4736 ingiuste
648 4637 816 4735 pretesc
850 4649 874 4706 c
906 4619 1093 4707 soltanto
1127 4635 1276 4706 contro
1313 4618 1359 4705 di
1409 4645 1503 4702 csso
1544 4612 1700 4701 deve
1690 4643 1735 4698 ru

264 4777 280 4816 ι
320 4769 617 4856 conscguenza
649 4743 793 4830 valere
829 4742 956 4830 l’Art.
994 4744 1053 4830 32
1098 4741 1170 4829 del
1216 4754 1473 4828 testamento
1506 4741 1603 4852 Mag
1578 4735 1728 4839 raoni,

264 4899 279 4938 ι
319 4861 351 4952 il
383 4865 514 4980 quale
548 4865 700 4953 ordina
732 4865 811 4954 ebe
846 4865 872 4950 il
908 4895 1150 5004 possessore
1183 4863 1254 4951 del
1287 4859 1551 4951 Canonicato
1586 4891 1641 4944 ne
1665 4889 1736 4944 re-

261 5019 280 5060 «
320 4985 372 5072 sti
406 4987 576 5100 privato
611 5019 738 5078 senza
772 4988 1033 5103 purgacioue
1066 4986 1111 5074 di
1147 5017 1285 5089 mora,
1323 5013 1447 5070 corne
1495 5014 1569 5068 reo
1603 4980 1678 5069 d’‘
1667 5011 1736 5066 ιιι

264 5141 282 5184 ι
320 5109 604 5225 gratitudine,
642 5111 831 5228 qualora
853 5109 1069 5194 manclri
1060 5139 1103 5194 ur
1139 5123 1249 5194 tutto
1283 5105 1384 5195 od
1376 5137 1418 5192 ιιι
1453 5122 1575 5220 parte
1610 5135 1633 5189 a
1668 5101 1734 5190 cii)

262 5265 280 5308 ι
318 5233 398 5320 clre
432 5233 637 5350 riguarda
671 5234 711 5320 la
743 5231 1074 5320 conservacione
1107 5229 1177 5316 del
1210 5229 1529 5320 Canonicato»
1540 5225 1737 5314 H.uius·

255 5355 378 5442 modi
398 5357 513 5443 enim
550 5357 781 5444 obiectioni
805 5384 937 5469 super
954 5381 1086 5440 onere
1119 5352 1313 5440 lectionis
1347 5349 1592 5438 testamenti
1617 5362 1743 5471 quol-

254 5479 380 5567 annis
432 5510 582 5570 mense
614 5479 725 5567 lllain
759 5477 983 5566 faciendae
1015 5475 1233 5564 Canonico
1266 5475 1470 5594 lllagnoni
1508 5474 1742 5592 imposito,
