4516 6318
501 485 592 574 101
942 483 1031 570 Die
1057 485 1114 571 t5
1147 481 1371 570 Februarii
1405 481 1541 574 1879.

500 639 586 698 non
616 606 862 696 attenditur
895 605 1115 694 maioritas
1150 607 1217 694 uel
1252 607 1479 696 minoritas
1512 611 1833 726 personae,sed
1867 599 1990 707 exea,
2063 699 2065 703 .

500 732 648 822 citium
668 745 786 819 actus
802 747 842 817 et
863 729 1167 817 indumentum
1183 761 1349 820 sacrum
1368 732 1420 819 ad
1438 731 1640 820 ellectum
1662 734 1849 824 habendi
1866 769 1993 854 prae-

499 855 764 947 cedentiam.
783 851 828 944 Si
847 853 1237 970 igiturlleconomo
1254 856 1465 972 competit
1485 856 1550 942 ins
1570 887 1721 944 omncs
1746 857 1988 952 fonctiones

499 978 688 1096 ideoque
707 991 751 1064 et
766 975 1101 1094 supplicationes
1117 978 1374 1094 peragendi,
1393 978 1425 1065 si
1446 978 1537 1096 ipse
1556 980 1731 1068 Par-ochi
1753 1011 1988 1096 personam

453 1111 454 1114 ‘
497 1101 624 1221 gerit,
640 1129 776 1216 prono
791 1099 925 1186 veluti
943 1101 1068 1187 alveo
1085 1099 1195 1202 fluit,
1217 1101 1405 1218 qnodad
1421 1101 1564 1218 ipsum
1588 1117 1750 1218 spectat
1764 1122 1805 1188 et
1820 1109 1983 1198 stolam
2002 1148 2005 1155 ·

496 1223 670 1314 deferre
701 1237 746 1310 et
779 1221 822 1308 in
856 1224 950 1311 loco
983 1221 1172 1340 digniori
1210 1223 1430 1326 incedere;
1481 1215 1735 1340 praesertim
1772 1227 1814 1313 in
1849 1231 1983 1320 cada-

496 1375 649 1436 verum
682 1345 977 1448 associatione,
1007 1347 1049 1432 iu
1083 1377 1170 1464 qua
1202 1347 1337 1439 stolae
1362 1346 1526 1437 delatio
1560 1365 1622 1434 est
1645 1349 1816 1465 signnm
1853 1351 1981 1441 iuris-

498 1469 730 1562 dictionale
765 1468 908 1585 prouti
942 1468 1178 1559 deducitur
1210 1500 1264 1557 ex
1297 1468 1554 1559 auctoritate
1589 1470 1809 1591 Scorfont..
1850 1476 1971 1593 inp.

496 1595 541 1682 3.
569 1592 711 1681 addit.
749 1593 825 1680 39.
864 1624 908 1678 n.
935 1595 1012 1680 80.
1878 1699 1880 1702 ι

620 1717 690 1804 Ad
723 1731 928 1835 quartum
961 1714 1079 1834 quod
1112 1716 1267 1804 attinet
1300 1715 1486 1804 dubium
1521 1717 1623 1804 satis
1657 1715 1883 1837 superque
1913 1753 1982 1811 es-

494 1871 542 1928 se
576 1839 750 1927 videtur
797 1839 1020 1956 perlegere
1069 1841 1429 1958 approbationem
1480 1841 1809 1930 ordinationum
1859 1875 1981 1961 quae

495 1961 554 2051 ab
586 1963 797 2080 Episcopo
829 1964 1097 2079 Syracusano
1130 1963 1328 2078 apposite
1362 1961 1469 2063 luit,
1514 1963 1587 2049 nbi
1628 1962 1799 2052 disertis
1835 1970 1984 2058 verbis

494 2085 699 2174 habetur:
741 2125 758 2162 ι
802 2087 1091 2174 Reserrantes
1130 2087 1254 2172 nobis
1288 2101 1332 2173 et
1363 2085 1680 2174 successoribus
1721 2089 1877 2176 nostris
1916 2091 1986 2180 ius

503 2249 521 2289 ι
561 2207 781 2312 visitandi,
819 2207 1229 2328 computavidendi
1254 2208 1445 2298 addendi
1470 2227 1513 2296 et
1547 2209 1738 2296 actitandi
1760 2228 1803 2296 et
1843 2227 1984 2302 totum
2137 2304 2142 2315 ,

504 2371 522 2412 ι
560 2333 605 2422 id
639 2349 682 2421 et
714 2349 929 2450 quantum
951 2333 1163 2448 pastorali
1189 2331 1402 2418 incumbit
1421 2327 1661 2418 officioecc.
1694 2371 1712 2410 ι
1734 2335 1857 2444 Quae
1877 2367 1973 2422 uer·

492 2455 551 2543 ba
583 2456 694 2544 adeo
727 2455 842 2546 clara
872 2471 976 2544 sunt
1008 2473 1055 2543 nt
1090 2455 1450 2570 interpretatione¹
1486 2483 1571 2540 non
1607 2473 1761 2572 egeant
1807 2457 1862 2544 ad
1899 2461 1975 2546 tri·

491 2579 721 2668 buendnm
756 2579 967 2698 Episcopo
1001 2577 1067 2666 ius
1102 2577 1360 2666 moderandi
1385 2577 1584 2697 quolibet
1619 2595 1817 2694 tempere
1851 2582 1986 2670 Com·
2044 2659 2045 2662 ,

493 2703 786 2794 munistarum
819 2717 996 2805 statuta3
1030 2700 1376 2818 interpretationi
1410 2701 1526 2786 enim
1564 2704 1683 2788 locus
1716 2717 1779 2788 est
1812 2705 1983 2822 quoties

365 2823 368 2830 ’
491 2825 676 2916 occurrit
700 2825 885 2916 uerbum
920 2823 1167 2914 dubitabile
1201 2825 1251 2911 b.
1287 2823 1343 2910 Et
1376 2822 1469 2910 ideo
1503 2823 1553 2908 ll
1594 2823 1644 2943 (J.
1682 2823 1733 2909 de
1768 2823 1847 2940 lep.
1892 2857 1982 2917 non

479 2977 593 3036 ,vero
625 2947 801 3066 qnando
837 2950 970 3036 verba
1005 2977 1084 3063 per
1121 2977 1167 3036 so
1205 2946 1318 3034 clara
1357 2961 1474 3034 sunt.
1512 2947 1681 3032 Fortius
1712 2963 1861 3035 antem
1896 2950 1979 3038 boc

491 3071 862 3190 tenendum,quia
884 3070 963 3196 ipsi
986 3069 1311 3165 Communistae
1335 3100 1390 3158 ne
1412 3069 1755 3156 obmussitarnnt
1773 3070 1974 3187 quidem,

489 3192 667 3314 quando
701 3197 936 3314 Episcopus
964 3195 1007 3280 in
1031 3191 1218 3282 decursu
1251 3193 1296 3283 S.
1321 3192 1589 3280 Visitatinnis
1613 3191 1669 3280 de
1690 3223 1805 3280 antro
1831 3193 1967 3300 1876,

489 3332 655 3411 attenta
689 3318 909 3405 redituum
942 3317 1169 3422 tenuitate,
1196 3315 1370 3406 reduxit
1401 3315 1519 3404 chori
1553 3313 1800 3403 servitium.
1927 3355 1935 3370 s

612 3443 793 3535 Praeter
809 3430 928 3560 qnod
948 3457 1092 3528 antem
1109 3453 1205 3558 post
1222 3471 1295 3528 eas
1312 3437 1588 3547 variationes
1610 3467 1723 3558 quae
1738 3439 1779 3524 in
1794 3434 1978 3530 norrnul-

487 3563 538 3653 lis
556 3561 822 3654 fundationis
855 3563 1070 3680 capitulis,
1109 3563 1284 3650 nemine
1308 3562 1582 3664 reclamante,
1608 3563 1746 3663 laetae
1779 3561 1970 3669 luerunt,

486 3687 865 3808 quemadmodum
900 3687 945 3774 in
979 3687 1077 3775 lacti
1101 3687 1254 3803 specie
1286 3699 1481 3773 notatum
1515 3685 1611 3784 luit,
1652 3686 1972 3804 praescriptio-

486 3802 589 3903 riem
623 3811 840 3899 inutiliter
871 3842 950 3928 pro
997 3839 1042 3897 sc
1090 3809 1312 3898 invocaret
1355 3809 1757 3897 Communistarum
1799 3827 1963 3914 coetus;

489 3932 668 4022 additur
703 3935 852 4036 etiam,
895 3932 1014 4054 qnod
1062 3934 1139 4020 etsi
1176 3931 1373 4050 Episcopi
1432 3947 1728 4020 antecessores
1783 3931 1863 4020 bac
1908 3933 1976 4022 la-

486 4055 647 4146 cultate
695 4055 761 4146 usi
817 4055 1115 4159 coaluerint,
1155 4087 1239 4144 non
1273 4053 1590 4156 descenderet,
1628 4052 1747 4171 quod
1791 4055 1966 4171 Episco*

488 4209 569 4296 pus
602 4180 749 4268 amisit
781 4181 844 4268 ius
876 4194 1038 4268 statuta
1071 4177 1271 4266 mutandi
1307 4209 1331 4266 a
1365 4177 1630 4264 fundationis
1663 4176 1759 4294 lego
1798 4179 1879 4293 ipsi
1907 4211 1972 4268 re-

485 4317 725 4408 servatum3
762 4335 863 4391 curn
896 4317 1099 4421 ageretur
1131 4300 1189 4389 de
1220 4301 1388 4402 actibus
1419 4299 1695 4400 facultativis,
1735 4301 1972 4418 inquibus

483 4426 773 4544 praescriptio
802 4457 888 4515 non
921 4425 1090 4526 currit,
1144 4425 1223 4512 nisi
1266 4423 1558 4542 praecedente
1591 4421 1887 4539 prohibitione
1921 4443 1973 4513 et.

484 4548 680 4666 legitima
714 4549 1032 4670 acquiescentia
1067 4547 1240 4636 Portios
1273 4545 1324 4634 de
1358 4549 1518 4634 Mouet.
1568 4545 1724 4633 obsera.
1761 4547 1821 4634 53
1854 4579 1896 4635 n.
1937 4549 1954 4634 l

485 4685 525 4759 et
554 4673 631 4777 28,
668 4673 903 4789 Pipantell.
930 4671 1118 4760 Consult.
1156 4673 1246 4760 113
1284 4703 1328 4757 η.
1371 4671 1420 4758 31
1463 4669 1507 4756 io
1544 4668 1621 4793 fia.
1657 4685 1753 4756 tom.
1785 4670 1831 4767 9,
1859 4671 1965 4759 lloto

485 4793 611 4884 decis.
646 4797 738 4886 253
771 4829 815 4884 a.
851 4797 1031 4912 Epart.
1068 4797 1096 4884 3
1129 4809 1282 4882 recent.
1343 4891 1346 4896 ,

605 4921 834 5012 Summam
869 4934 1015 5008 antem
1049 4917 1307 5007 ducatorum
1340 4917 1585 5006 bisoentnm
1619 4947 1736 5034 quae
1770 4949 1793 5003 a
1828 4917 1965 5004 blana-

391 5027 396 5044 ’
483 5043 578 5133 reni
611 5043 852 5162 lllnnicipio
898 5041 1175 5131 decimarum
1208 5043 1300 5131 loco
1333 5039 1605 5158 rependitur,
1653 5039 1840 5154 paroclm
1881 5039 1957 5126 tri-

484 5164 711 5258 buendam
755 5197 849 5256 esse
880 5179 1006 5285 urget
1037 5165 1290 5282 Episcopus,
1328 5195 1381 5253 ex
1412 5163 1601 5288 eo‘quia
1634 5163 1706 5249 ab.
1727 5163 1828 5279 ipsis
1861 5162 1958 5250 lun-

481 5286 672 5380 dationis
705 5291 871 5379 tabulis·
898 5289 1136 5393 descendit,
1162 5285 1528 5379 decimaslavore
1550 5285 1730 5374 Parodai
1765 5315 1962 5374 reserva·-

485 5425 550 5498 tes
572 5411 718 5502 luisse.
746 5417 792 5502 ln
816 5413 997 5504 articulo
1021 5415 1186 5503 enimn
1205 5409 1353 5534 Officio
1376 5409 1445 5499 del
1467 5411 1646 5498 lllocstro
1665 5407 1714 5497 di
1728 5409 1952 5497 Comualo·

481 5549 714 5656 postquam
737 5535 993 5626 mandatum
1011 5536 1093 5624 luit
1110 5553 1347 5655 proventus
1365 5535 1577 5624 Ecclesiae
1590 5534 1647 5623 ab
1665 5531 1822 5622 eodem
1837 5531 1958 5631 colli·

364 5721 366 5728 ,
480 5660 652 5778 gendos
684 5659 1063 5778 remittendosqce
1087 5657 1132 5746 in
1162 5658 1418 5748 thesaurarii
1442 5687 1609 5762 ananus,
1629 5656 1742 5744 illico
1776 5653 1964 5746 habetur
