4530 6336
523 355 615 449 318
1021 340 1191 440 111126
1224 351 1330 438 Iulii
1365 351 1500 439 1879.

524 485 576 570 Et
614 477 798 598 sapient-i
832 473 1016 594 quidem
1049 474 1228 563 consilio
1263 473 1365 594 quia
1394 473 1621 590 suspensio
1638 472 1892 590 gravissima
1917 501 2062 560 cern·

480 643 482 648 ·
526 635 626 694 sura
660 632 759 692 cum
791 600 859 700 sit,
900 597 1069 686 nonnisi
1109 627 1244 714 quem
1293 627 1371 712 pro
1412 595 1581 684 enormi
1615 595 1800 683 crimine
1838 593 2066 684 ferenda

527 744 714 815 nonest
753 721 807 811 ad
838 751 890 808 ea
930 751 1043 837 quae
1089 751 1170 808 acu
1224 717 1362 836 tangit
1410 716 1632 806 Tcmburr.
1668 719 1732 804 De
1778 719 1870 804 iure
1909 716 2062 804 Aba.

529 833 701 938 toms‘d.
739 843 853 960 disp.
892 843 950 930 l5
984 857 1140 958 quaest.
1174 842 1248 930 t5.
1282 873 1323 927 11.
1358 841 1454 931 6et
1477 841 1601 928 alibi.

649 969 802 1085 Neque
827 995 1027 1084 regerere
1060 963 1122 1052 las
1148 993 1241 1051 csse
1279 961 1432 1052 subdit
1464 993 1585 1051 casus
1618 963 1672 1052 ad
1706 959 1964 1051 llouorinm
2008 978 2067 1052 et

527 1091 799 1181 Bonilaeium
834 1087 1046 1177 deductos
1080 1085 1257 1203 proprie
1291 1087 1442 1176 Sacros
1460 1085 1647 1176 Ordines
1691 1083 1867 1174 allicere
1922 1112 2061 1173 cum

527 1215 583 1304 de
613 1211 791 1304 Clericis
817 1225 984 1327 agatur,
1010 1209 1085 1328 qui
1119 1207 1267 1296 divina
1290 1207 1632 1326 posthabuerant
1651 1207 1807 1296 officia.
1830 1211 2062 1325 Respon-

527 1337 605 1427 det
637 1336 753 1425 enim
798 1333 917 1450 qnod
952 1361 1096 1448 neque
1136 1331 1327 1418 Honorio
1356 1359 1499 1448 neque
1522 1330 1742 1420 Bonilacio
1772 1332 2056 1449 expositum

526 1458 610 1547 luit
637 1457 823 1548 clericos
840 1457 898 1542 ob
918 1453 1254 1572 negotiationem
1282 1455 1351 1543 vel
1370 1453 1474 1542 artis
1509 1453 1742 1543 vilissimae
1765 1453 2057 1543 exercitium

529 1579 880 1701 praetermittere
914 1576 1054 1664 olsrcia
1098 1575 1400 1678 ecclesiastica,
1441 1575 1603 1694 quibus
1651 1575 1818 1664 ratione
1851 1580 1897 1670 8.
1941 1579 2053 1666 01·-

529 1703 644 1794 dinis
689 1715 958 1802 tenerentur,
993 1697 1070 1787 sed
1106 1713 1274 1788 tantum
1316 1700 1373 1786 ob
1416 1699 1666 1790 huiusmodi
1709 1731 1859 1788 causas
1901 1729 2052 1788 sacra

528 1857 616 1914 non
661 1823 920 1925 ministrare,
968 1851 1081 1938 quae
1131 1835 1227 1908 utut
1264 1852 1350 1908 non
1392 1821 1650 1940 obligatoria
1682 1821 1941 1942 ceteroquin
1990 1822 2045 1908 in

527 1947 778 2037 evidentem
819 1943 1086 2034 Christianae
1132 1942 1390 2061 Reipublice
1439 1943 1675 2033 utilitatem
1710 1945 2041 2060 procederent.

654 2069 826 2182 Quibus
861 2066 903 2154 in
940 2067 1032 2154 iure
1080 2065 1326 2183 praemissis
1375 2065 1531 2155 lrustra
1581 2067 1741 2186 requiri
1794 2083 1919 2184 urget
1982 2067 2038 2154 in

536 2227 614 2283 suo
647 2192 805 2281 cliente
838 2190 1075 2307 legitimam
1109 2189 1402 2304 suspensionis
1434 2221 1607 2277 causam
1659 2191 1751 2278 sive
1794 2219 1893 2278 eam
1940 2221 2038 2306 po-

533 2347 608 2405 nas
642 2315 685 2401 in
723 2312 1030 2430 procuratione
1065 2312 1320 2430 peragenda
1359 2312 1578 2422 bonorum
1627 2313 1820 2402 lamiliae
1852 2312 2030 2416 solari,

531 2438 624 2526 sive
649 2437 690 2523 in
711 2455 883 2552 tempus
904 2431 1086 2523 terendo
1111 2435 1152 2520 in
1172 2433 1468 2521 controversia
1493 2465 1571 2552 per
1593 2436 1875 2526 Catharinam
1900 2449 2038 2522 mota
2106 2541 2111 2548 Ι
2244 2445 2245 2460 ¹

532 2559 677 2680 quood
713 2573 944 2675 paternam
979 2573 1320 2674 maternamque
1353 2557 1702 2662 successionem,
1740 2589 1877 2678 quam
1914 2558 2028 2645 ulti·

534 2713 651 2770 mam
681 2712 826 2769 veram
851 2712 943 2768 csse
960 2679 1065 2767 dicit
1082 2679 1381 2796 suspensionis
1404 2711 1594 2784 causam,
1622 2697 1757 2801 prout
1778 2711 1833 2770 ex
1867 2681 2035 2799 ipsius·

532 2823 624 2895 met
689 2803 891 2922 Episcopi
927 2803 1062 2890 literis
1095 2800 1182 2890 diei
1219 2801 1279 2890 ⁶29
1322 2802 1420 2891 lllaii
1473 2804 1595 2893 1878
1645 2807 1691 2895 S.
1735 2807 1787 2892 V.
1835 2805 1889 2892 0.
1934 2803 2032 2892 da-

533 2931 587 3016 tis
621 2941 773 3045 aperte
820 2925 1054 3042 colligitur.
1109 2927 1173 3012 De
1224 2923 1303 3012 hac
1357 2925 1507 3014 ultima
1568 2927 1687 3043 prius
1732 2929 1914 3048 loquens
1951 2957 2025 3014 sc·

530 3049 689 3170 quenti
726 3047 858 3136 utitur
891 3048 1145 3136 dilemmate
1178 3047 1248 3135 vel
1291 3047 1502 3136 Henricus
1539 3047 1647 3139 iuste
1688 3081 1782 3142 sese
1832 3049 2024 3168 opponit

534 3173 694 3264 sororis
728 3171 944 3288 petitioni,
972 3187 1012 3259 et
1049 3187 1148 3258 tunc
1180 3169 1391 3262 Sacerdos
1424 3169 1548 3259 nano
1582 3172 1684 3262 licet
1718 3174 1896 3262 llenrici
1935 3203 2019 3289 op·

530 3295 792 3414 positionem
827 3291 1008 3397 loveret,
1035 3323 1175 3412 poena
1201 3293 1456 3412 plectendus
1491 3323 1578 3382 non
1613 3311 1693 3400 est,
1729 3295 1832 3414 quia
1877 3325 2025 3412 neque

532 3419 579 3507 in
612 3419 871 3522 humanam,
899 3447 1045 3536 neque
1081 3417 1123 3504 in
1158 3416 1354 3504 divinam
1389 3415 1531 3533 legem
1566 3415 1766 3526 olleudit3
1796 3419 1865 3508 vel
1902 3417 2023 3505 iniu-

533 3558 598 3630 ste
632 3558 675 3630 ct
709 3539 1082 3630 tuncciusactio
1117 3538 1298 3627 minime
1350 3539 1625 3657 imputabilis
1652 3540 1801 3630 ¹steret
1832 3541 1867 3630 si
1900 3539 2021 3628 bona

534 3663 626 3752 lide
661 3663 933 3781 impleretur,
960 3661 1025 3749 sin
1061 3678 1209 3749 autem
1247 3661 1357 3750 mala
1392 3661 1508 3751 locus
1542 3693 1635 3753 esse
1669 3695 1754 3754 non
1780 3679 1923 3783 potest
1943 3693 2015 3750 su·

533 3787 751 3904 sponsioni
787 3820 811 3873 a
844 3784 1020 3889 divinis,
1048 3811 1146 3874 cum
1182 3801 1336 3903 agatur
1356 3783 1415 3874 de
1433 3815 1481 3872 rc
1502 3817 1621 3875 merc
1646 3787 1878 3906 temporali
1895 3815 2017 3882 nexu

534 3907 733 4025 quolibet
766 3906 905 3996 soluta
938 3935 1036 3995 cum
1061 3907 1230 3996 Ordine
1251 3908 1397 3998 Sacro.
1425 3909 1511 3996 Nec
1545 3912 1753 4026 praeterit
1778 3913 2016 4000 ohservare

534 4030 655 4147 quod
689 4029 843 4118 emissa
878 4030 935 4117 ab
968 4029 1136 4148 Angelo
1171 4029 1489 4118 renuntiatione
1521 4063 1601 4151 pro
1634 4033 1838 4152 gerendis
1886 4061 2019 4148 nego·

538 4151 606 4240 tiis
640 4151 829 4240 familiae
852 4152 1007 4257 Solari,
1035 4153 1117 4242 alia
1150 4183 1277 4242 causa
1313 4185 1337 4241 a
1369 4154 1501 4243 Curia
1535 4155 1578 4242 in
1615 4155 1809 4244 medinm
1858 4155 2019 4275 produ·

534 4289 602 4362 cta
636 4275 716 4363 luit
751 4291 798 4362 ut
843 4303 945 4364 suus
993 4275 1126 4364 cliens
1170 4275 1314 4366 adhuc
1358 4307 1596 4366 aeensura
1640 4277 1872 4370 innodatus
1917 4309 2016 4395 pcr-

534 4413 750 4486 maneret.
778 4399 896 4486 lianc
928 4416 1080 4516 patere
1129 4397 1278 4487 subdit
1312 4431 1366 4488 ex
1399 4399 1539 4488 literis
1586 4401 1747 4491 Vioarii
1787 4401 2015 4494 Generalis

536 4519 622 4608 diei
658 4521 717 4610 19
751 4519 890 4610 lllartii
925 4522 1047 4610 1878
1079 4521 1123 4608 in
1157 4522 1323 4642 quibus
1370 4522 1505 4610 habet
1554 4523 1638 4612 Suo
1674 4525 1772 4613 Ecc.
1814 4529 1925 4617 1111111
1957 4525 2015 4610 rui

537 4644 709 4760 impone
736 4642 782 4730 di
824 4643 1071 4759 rispoadere
1104 4643 1175 4732 clte
1211 4645 1253 4732 ta
1294 4647 1578 4734 riommcttcrd
1618 4649 1663 4734 ci
1696 4647 1838 4738 diuini
1886 4649 2015 4735 mini·

537 4768 641 4852 steri
672 4766 837 4884 qrtondo
871 4768 1087 4855 conosccrd
1121 4799 1220 4856 coer
1247 4768 1349 4856 Ello
1383 4787 1548 4857 assunto
1585 4803 1638 4857 1111
1670 4773 1833 4862 accello
1870 4767 2015 4896 uffizio

538 4891 798 4978 ootrvcnicntc
845 4888 890 4977 ol
944 4921 1017 4977 suo
1059 4906 1166 4979 stato
1223 4891 1392 5008 9111111ιὸ
1439 4889 1544 4981 colle
1586 4893 1676 4984 1111.
1719 4894 1916 4986 Monochc
1973 4894 2016 4980 la

533 5011 577 5100 8.
608 5013 667 5104 V.
694 5010 812 5101 11111111
844 5011 898 5100 lto
925 5013 1006 5130 piri
1037 5013 1108 5102 elic
1136 5013 1247 5134 lore.
1272 5015 1386 5107 Cum
1419 5015 1536 5104 enim
1561 5016 1756 5135 Angelus
1788 5034 2015 5141 tamquam

532 5126 691 5225 Rectoi·
723 5135 937 5226 Ecclesiae
972 5137 1225 5227 llonialium
1259 5139 1391 5258 vulgo
1426 5136 1473 5225 di
1502 5139 1547 5228 8.
1595 5141 1769 5257 lqnnzio
1802 5177 1910 5266 quas
1944 5143 2010 5228 iu·

534 5274 602 5346 ter
633 5259 866 5350 Catharina
900 5260 1118 5378 adscripta
1151 5275 1352 5350 censetur
1400 5290 1526 5350 suum
1559 5279 1784 5354 exerceret
1816 5267 2014 5356 ministe-

534 5381 668 5486 rium,
706 5383 806 5472 hinc
824 5381 864 5472 'a
886 5383 1113 5501 praedicto
1136 5381 1273 5474 officio
1296 5401 1467 5475 amotus
1500 5417 1600 5475 cnm
1622 5385 1771 5494 locarit,
1808 5385 2009 5510 quaestio

539 5505 677 5622 magis
709 5505 902 5624 implexa
935 5505 1046 5596 lacta
1078 5523 1141 5596 est
1174 5539 1254 5625 pro
1288 5505 1564 5598 absolutionc
1598 5509 1744 5599 eidem
1767 5515 2011 5616 coneeden-
