4558 6340
709 345 792 432 Die
822 345 884 433 26
917 343 1090 464 Aprilis
1124 343 1262 434 1879.
1639 347 1733 435 219

242 471 301 561 de
334 501 447 556 anno
482 469 602 556 1753
638 469 713 556 ubi
748 499 890 585 neque
925 469 1111 558 verbum
1146 469 1333 557 habetur
1367 497 1510 585 neque
1545 469 1641 558 vola
1668 469 1726 560 de

242 626 346 684 cura
381 593 633 708 Praeposito
667 591 957 694 demandata,
994 592 1069 680 sed
1102 593 1245 680 sotum
1271 611 1308 656 ‘-
1340 593 1562 706 respective
1597 591 1734 680 Cauo-

243 719 434 827 uicorum
469 713 609 802 titulis
639 713 803 800 adnexa
825 730 882 800 cst
905 747 1006 803 curu
1038 717 1273 802 uaimaruru
1295 761 1325 778 -
1344 715 1393 801 2.
1429 745 1483 801 ex
1518 731 1734 830 proteste-

247 842 368 929 tione
399 836 644 954 Praepositi
678 836 903 924 Lamberti
927 867 1042 924 enno
1067 840 1187 926 1797
1211 837 1365 924 emissa
1388 853 1539 924 contra
1561 837 1733 954 regium

250 962 510 1074 rescriptum
547 962 869 1048 Oeconomatns
912 959 1156 1048 collationis
1204 960 1357 1048 Boiiae
1390 959 1734 1078 datum,iuqoo

252 1083 572 1171 cuanoiabatur
608 1081 956 1198 Praeposituram
992 1113 1216 1171 esserum
1250 1115 1352 1172 cura
1385 1084 1649 1186 auimarorn3
1690 1113 1739 1168 rn

246 1207 323 1294 itta
357 1207 473 1290 onim
511 1205 817 1320 protestatione
872 1205 1032 1323 iegitur
1087 1245 1102 1282 ι
1148 1207 1239 1292 Nou
1288 1203 1453 1292 essendo
1501 1205 1546 1290 in
1597 1205 1744 1292 reoltti

249 1329 290 1414 io
345 1328 461 1412 Cure
511 1325 694 1414 d'uuirue
720 1357 909 1414 uuuessu
948 1326 1046 1413 uilo
1091 1326 1303 1444 prebendo
1354 1327 1733 1443 prepositorule...

239 1465 485 1566 protecto...
523 1452 568 1538 3.
605 1452 666 1536 Ex
701 1448 882 1540 Statntis
915 1451 1241 1564 Capituiaribas
1289 1481 1403 1568 quae
1449 1454 1492 1535 in
1542 1479 1635 1564 cup.
1679 1452 1740 1537 18

247 1573 520 1690 praecipiunt
552 1588 599 1658 ut
631 1575 703 1688 qui
735 1588 794 1657 est
826 1570 1176 1661 hebdorruudurius
1209 1577 1254 1661 iu
1286 1574 1429 1670 choro,
1466 1603 1607 1657 eurem
1632 1574 1729 1658 uui·

246 1727 408 1782 morum
442 1709 627 1782 exerceat
660 1695 705 1780 iu
738 1693 899 1808 oppido
943 1697 1106 1811 eiusque
1150 1697 1386 1785 territorio.
1434 1695 1483 1780 ln
1526 1725 1619 1808 cop.
1669 1694 1686 1778 ’1
1707 1693 1736 1780 9

246 1834 397 1905 atvero
415 1848 491 1902 sex
509 1817 791 1904 nominantur
809 1819 1163 1922 hebdomadarii,
1202 1833 1310 1936 quot
1338 1835 1463 1906 erant
1499 1815 1743 1934 aritiquitus

247 1939 452 2029 Canonici
472 1939 671 2035 Parooiri,
689 1954 731 2024 et
750 1941 867 2027 nulia
893 1942 1059 2029 mentio
1081 1943 1137 2030 de
1162 1943 1414 2056 Praeposito
1435 1940 1642 2041 habetor,
1664 1939 1741 2056 qui

247 2062 435 2180 proinde
463 2063 581 2148 nuile
601 2079 799 2176 tempore
814 2063 868 2150 ad
885 2095 1140 2153 concursum
1160 2097 1215 2153 ex
1230 2062 1478 2152 Tridentini
1517 2060 1612 2178 tego
1643 2093 1744 2176 per·

250 2183 471 2300 agendum
505 2185 752 2300 compulsus
785 2185 882 2290 tuit3
923 2217 1065 2303 neque
1101 2185 1286 2304 proinde
1335 2182 1619 2272 matrimonia
1664 2185 1743 2271 he-

250 2307 430 2408 nedicit,
477 2337 557 2394 cen
601 2309 842 2396 ostendunt
880 2310 1015 2398 verba
1043 2309 1358 2400 Consentionis
1382 2309 1439 2394 do
1462 2337 1578 2393 anno
1614 2306 1727 2393 ’1811

252 2469 269 2507 ι
307 2429 671 2516 claei'ussisteuzu
704 2429 766 2515 de’
790 2433 1055 2519 rrrutriruouii
1088 2433 1212 2520 ebbio
1245 2467 1271 2518 a
1304 2447 1485 2548 spetture
1519 2461 1544 2514 u
1590 2428 1733 2544 qucile

245 2552 320 2670 fro
353 2554 372 2636 i
405 2553 608 2638 Cououiei
641 2552 793 2640 Cureti
831 2555 903 2640 clio
935 2553 990 2640 hu
1023 2557 1221 2643 iuiziuto.
1264 2625 1273 2644 .
1316 2624 1325 2644 .
1360 2585 1437 2666 per
1479 2584 1561 2636 unu
1605 2582 1737 2636 essere

248 2674 339 2760 citu
374 2675 652 2787 Propositum
685 2707 855 2763 uursessu
891 2676 933 2762 iu
965 2709 1067 2764 curu
1101 2679 1149 2765 di
1182 2679 1320 2766 ouime
1352 2673 1571 2762 uioicuuu
1593 2675 1736 2788 piuri-

250 2797 443 2882 sdr'zioue
470 2795 767 2910 porrocclriuie
804 2841 843 2885 ι.
880 2803 1028 2910 Quare
1060 2805 1344 2919 Praepositae
1379 2827 1523 2914 neque
1558 2811 1739 2882 tenetur
1852 2850 1854 2858 ·

248 2918 302 3006 ad
338 2919 680 3032 applicationem
715 2923 867 3009 Missae
891 2953 970 3038 pro
994 2926 1174 3043 popolo,
1198 2956 1340 3044 neque
1367 2919 1742 3038 praedicationem

248 3043 374 3128 verbi
388 3043 487 3142 Dei,
505 3047 1425 3147 aotsacramentoramadministrationem,
1447 3043 1514 3129 vet
1531 3040 1743 3128 adsisten-

248 3167 351 3250 tiarn
374 3163 560 3251 infirmis
595 3165 638 3252 in
676 3166 829 3254 altimo
863 3197 1003 3284 agisne
1027 3170 1294 3258 luctantibus
1322 3184 1560 3286 praestare,
1598 3192 1756 3280 neque,

248 3287 433 3373 mortuis
464 3287 737 3403 sepulturam
774 3289 949 3378 tradere
971 3293 1156 3410 cogitur.
1190 3293 1238 3380 ld
1263 3321 1395 3382 omne
1419 3286 1620 3406 apprime
1641 3317 1742 3372 con·

249 3407 449 3494 firmator
484 3439 537 3496 ex
569 3411 809 3528 Capitulari
843 3412 1010 3530 Sigitto,
1033 3415 1154 3535 quod
1172 3418 1348 3506 tandem
1376 3414 1484 3500 hanc
1503 3407 1742 3526 praesefert

250 3531 577 3644 inscriptionem
612 3535 774 3648 iusipue
806 3535 1050 3650 Capitulum
1083 3539 1128 3626 S.
1169 3538 1359 3628 Victoris
1381 3534 1493 3622 lutri
1510 3529 1743 3647 paroehia-

250 3652 300 3740 ie.
339 3655 694 3770 Praeposituram
718 3658 900 3745 demum
924 3689 1021 3748 cum
1041 3661 1307 3752 canonicatu
1334 3657 1448 3746 uniri
1473 3683 1599 3770 posse
1621 3653 1741 3740 evin·

246 3777 304 3864 cit
324 3807 377 3862 ex
400 3776 513 3864 iacto
530 3778 647 3894 qood
665 3779 845 3894 plorimi
864 3785 1070 3874 Caneriiei
1095 3785 1268 3872 insimul
1294 3783 1469 3870 suerunt
1499 3773 1742 3894 Praepositi

248 3900 310 3986 ati
355 3905 458 3986 mox
490 3902 638 3988 evenit
672 3903 713 3988 io
748 3903 1017 3995 adversario.

372 4023 554 4139 Exque
587 4039 734 4112 autem
769 4029 1076 4142 Praepositara
1111 4061 1197 4118 non
1232 4047 1297 4117 est
1329 4023 1596 4115 beneficium
1633 4017 1737 4108 resi·

247 4143 461 4244 dentiam,
501 4145 601 4234 hine
634 4145 742 4236 iliud
776 4149 904 4260 piane
935 4171 1088 4268 patere
1122 4155 1268 4270 pergit
1310 4149 1428 4268 quod
1468 4159 1588 4234 sexto
1641 4143 1736 4230 loco

251 4267 644 4356 demonstrandum
680 4271 874 4373 assumit,
897 4275 1197 4391 Praepositum
1224 4304 1385 4388 nempe
1412 4265 1736 4358 distributioni·

247 4389 333 4478 bus
350 4388 809 4504 quotidianisminime
827 4393 926 4482 irai.
947 4398 1281 4516 Ethocquidem
1298 4393 1506 4482 obfirmat
1524 4392 1541 4475 1
1559 4455 1568 4474 .
1591 4419 1740 4474 exem-

249 4512 331 4629 plo·
355 4513 599 4628 Praepositi
634 4516 906 4604 Cathedraiis
929 4519 1062 4632 ipsius
1084 4522 1158 4640 qai
1185 4549 1327 4638 neque
1362 4517 1418 4606 ad
1456 4509 1755 4600 residentiam-

248 4649 426 4722 tenetur
450 4667 592 4754 neque
609 4639 801 4726 subinde
817 4639 1151 4730 distributiones
1170 4642 1378 4730 lucratur:
1400 4639 1445 4724 2.
1463 4667 1518 4724 ex
1542 4665 1594 4720 eo
1616 4627 1738 4748 qood

247 4758 530 4874 Praepositas
572 4792 658 4848 non
698 4762 896 4878 quotidie
934 4765 989 4852 ad
1036 4767 1218 4855 choium
1256 4760 1465 4850 accedere
1498 4749 1737 4869 obstringi·

251 4899 340 4978 tor,
366 4881 443 4968 sed
466 4879 624 4972 diebus
659 4901 830 4971 tantum
864 4887 1199 5003 Praepositorae
1232 4887 1388 5004 pten'ee
1423 4877 1737 4994 reisemipte-

248 5033 348 5106 nec;
370 5001 435 5090 ,id
466 5007 587 5122 quod
619 5009 807 5123 septimo
840 5007 936 5096 leco
968 5011 1051 5098 sibi
1067 5007 1464 5098 demonstrandum
1483 4998 1731 5124 proposuit.

248 5127 340 5212 Hoc
363 5155 467 5213 vero
486 5159 722 5246 erumpere
745 5133 805 5217 ait
829 5161 881 5218 ex
904 5133 1187 5249 capitibus5.
1223 5135 1269 5218 7.
1306 5129 1382 5216 12.
1419 5147 1463 5218 et
1492 5131 1565 5214 13.
1591 5127 1737 5215 Statu·

251 5264 400 5336 torum
443 5251 792 5366 Capitniariutn,
846 5253 892 5339 in
943 5256 1104 5372 quibos
1157 5252 1366 5341 statuitur
1413 5252 1601 5368 quinam'
1639 5253 1740 5332 sunt

249 5369 345 5464 dies
378 5373 714 5490 Praepositurae
755 5377 912 5494 plenae
962 5379 1030 5466 vet
1078 5377 1365 5494 semiplenae.
1409 5375 1536 5463 Hisce
1580 5369 1738 5462 diebos

250 5494 757 5616 Praepositusxprimum
807 5501 992 5619 occupat
1039 5501 1215 5590 statium
1250 5500 1309 5586 ·in
1357 5497 1507 5603 choro,
1557 5490 1740 5586 caeteris
