4530 6336
733 367 817 484 Die
846 366 897 454 2l
939 365 1057 480 [senii
1090 365 1227 455 l879.
1601 377 1729 488 ,299

241 513 261 581 ἰ
301 492 777 590 all'amministrazione
820 490 891 580 dei
916 489 1183 582 sacramenti
1223 488 1554 607 agl’inlermha
1590 499 1722 615 giusti

244 638 264 708 ι’
304 609 582 744 rimproveri,
619 645 699 706 con
732 613 970 733 grossolani
1004 615 1208 701 sarcasmi
1244 614 1400 702 insulta
1433 615 1473 701 ai
1511 607 1718 734 parenti,

242 787 262 830 e
302 749 382 838 che
417 745 443 832 il
481 771 644 860 povcro
678 738 914 852 languente
946 767 1026 823 aon
1060 735 1218 824 doucoo
1263 737 1441 852 perdere
1474 738 1717 857 luparolo,

244 909 261 946 ι
302 903 326 958 o
360 868 555 956 dooccotc
600 879 758 950 toccore
798 859 835 947 it
871 855 1123 978 teleprafo·.
1165 927 1175 946 .
1218 927 1226 946 .
1264 863 1354 948 Con
1399 857 1556 952 lacilita
1595 867 1724 961 lascia

245 1035 261 1070 ι
305 983 548 1108 sprovvis'ta
584 987 624 1072 la
665 982 919 1072 Parrocchia
968 1015 1048 1070 con
1096 981 1289 1104 pericolo
1344 982 1630 1077 de’neonuti.
1669 995 1729 1084 La

242 1155 260 1192 e
303 1108 650 1206 morrrrorazionc
685 1139 709 1194 e
745 1105 1010 1193 nraldicenza
1044 1132 1151 1192 sono
1186 1105 1225 1192 le
1258 1135 1335 1194 sue
1367 1107 1492 1196 s'olitc
1527 1115 1727 1231 preghie·

243 1275 261 1317 ι
303 1269 349 1324 re
395 1238 436 1322 in
486 1230 795 1350 preparazione
841 1259 866 1316 e
915 1227 1283 1346 ringraziamento
1334 1227 1593 1322 immediato
1644 1239 1728 1328 alla

243 1397 260 1436 ι
302 1362 455 1448 Messa.
491 1357 686 1474 lngiuste
719 1351 776 1442 ed
811 1349 1009 1443 indebite
1041 1383 1147 1464 sono
1181 1351 1222 1440 le
1254 1383 1331 1440 sue
1366 1373 1538 1472 pretese
1562 1361 1631 1447 nei
1657 1361 1726 1450 di-

244 1523 261 1558 ·
303 1481 390 1568 ritti
427 1469 712 1598 parroechiuli
751 1514 791 1561 ι.

367 1605 493 1716 Quae
526 1600 674 1688 omnia
708 1599 1031 1686 accusationum
1067 1595 1339 1714 capitalicet
1375 1631 1477 1688 vera
1513 1633 1598 1690 non
1623 1603 1724 1712 sint,

241 1727 385 1846 prouti
419 1723 619 1841 superias
652 1751 707 1807 ex
745 1720 923 1809 decreto
973 1721 1206 1812 innuimus·
1247 1753 1490 1840 apparere,
1530 1745 1728 1818 attamen

238 1849 431 1939 dubitari
464 1847 617 1962 nequit
659 1845 905 1932 Par-ochum
956 1845 1190 1934 Carlevaro
1240 1877 1318 1932 sua
1352 1847 1509 1964 agendi
1560 1851 1729 1942 ratione

238 1973 396 2093 serrem
431 1970 618 2057 {iustitiae
651 1984 687 2054 at
718 1967 891 2082 pictatis
929 1969 1136 2068 amisisse,
1175 1969 1287 2057 adeo
1336 1989 1382 2056 ut
1421 1970 1457 2058 si
1490 1971 1546 2059 de
1580 1975 1728 2092 aliqua

238 2125 285 2182 re
317 2095 441 2212 ‹laeri
481 2091 672 2180 fortassis
706 2087 798 2206 ipse
834 2091 1027 2195 valeret,
1065 2109 1178 2180 esset
1210 2092 1266 2180 de
1302 2094 1436 2180 nimia
1470 2095 1628 2184 Curiae
1663 2099 1728 2185 in-

237 2217 480 2333 dulgentia,
516 2217 556 2301 in
595 2231 929 2328 tantotempore
953 2214 1314 2328 expectando,'ut
1345 2216 1552 2304 eumdem
1577 2220 1725 2307 redin-

236 2357 432 2456 tegraret
466 2339 706 2426 donceres
742 2338 783 2421 in
815 2335 976 2423 »melius
1009 2355 1386 2442 converterentur3
1425 2341 1607 2428 minime
1653 2373 1726 2430 ve·

234 2495 304 2566 ro,
343 2479 390 2550 ut
424 2462 605 2579 peragit,
634 2459 691 2546 de
714 2457 886 2547 Vicario
910 2461 1131 2560 Generali‚
1155 2476 1200 2546 nt
1221 2464 1480 2578 praesertim
1497 2463 1564 2553 'de
1586 2469 1726 2554 (leco-

237 2617 363 2674 como
413 2586 547 2673 veluti
599 2599 743 2671 actorc
791 2580 1020 2698 principali
1072 2583 1249 2672 lorente
1300 2603 1450 2672 contra
1493 2615 1540 2673 se
1586 2588 1730 2704 plebis

237 2708 409 2798 odium.
446 2708 679 2825 Siquidem
705 2705 1038 2820 compertissimi
1065 2705 1170 2793 iuris
1192 2723 1273 2813 est,
1307 2707 1427 2824 quod
1460 2710 1493 2794 si
1520 2707 1629 2799 inlra
1651 2741 1729 2798 an-

237 2863 347 2920 num
382 2830 638 2920 inimicitiae
673 2827 953 2945 nequiverint
987 2829 1159 2932 sedari,
1197 2860 1246 2918 ac
1293 2831 1531 2918 verisimile
1568 2835 1623 2920 sit
1657 2865 1728 2923 eas

237 2954 403 3044 diutius
438 2952 629 3070 protrahi
671 2983 810 3068 posse,
850 2981 903 3037 nc
936 2951 1178 3040 Parochum
1220 2971 1442 3072 perpetuo
1480 2987 1504 3041 a
1537 2986 1613 3044 sua
1649 2959 1727 3044 Ec-

238 3079 367 3168 clesia
401 3077 555 3165 abesse
588 3075 844 3191 contingat,
885 3102 995 3161 neve
1044 3074 1255 3163 damnum
1299 3076 1510 3164 obveniat
1561 3079 1728 3167 anima-

236 3231 334 3289 rum
369 3201 498 3289 saluti
533 3198 818 3287 asabsentia
856 3197 1020 3316 proprii
1070 3199 1287 3298 Pastoris,
1329 3201 1469 3288 modis
1518 3203 1752 3290 omnibus
2136 3305 2140 3321 Ι

241 3323 321 3412 istc
354 3325 457 3412 licct
492 3323 700 3410 innocens
738 3339 802 3408 cst
848 3319 1121 3409 inducendos
1158 3317 1216 3409 ad
1249 3321 1387 3412 lihcre
1435 3323 1727 3440 parochialem
1899 3381 1930 3410 .·
1998 3413 2002 3424 ,
2058 3385 2062 3394 ,

238 3449 575 3564 resignandam,
622 3444 691 3532 vel
740 3443 1062 3530 immutandam
1108 3475 1207 3532 cum
1259 3446 1343 3532 alia
1393 3446 1723 3535 secundum‘ea
1755 3455 1757 3458 ’

238 3599 351 3688 quae
386 3571 428 3656 in
466 3567 663 3657 terminis
697 3563 888 3654 advertit
919 3565 1108 3681 Fopnon.
1147 3568 1188 3653 in
1225 3565 1331 3683 Cap.
1352 3567 1557 3656 Cleriros
1591 3604 1634 3658 n.
1663 3570 1726 3657 26

236 3707 390 3810 etseq.
428 3693 479 3780 de
512 3693 669 3777 Cleric.
705 3721 788 3776 non
820 3687 951 3775 rcsid.
989 3705 1027 3777 ct
1066 3690 1486 3807 pluriesresolvisso
1520 3695 1566 3782 S.
1591 3695 1644 3780 V.
1666 3695 1721 3781 Ο.

238 3831 423 3904 testatur
460 3814 691 3933 Tybertiao
723 3811 890 3899 indulti
911 3812 1000 3898 dici
1032 3811 1060 3897 7
1094 3811 1343 3929 Septembris
1364 3813 1482 3902 t737
1505 3819 1588 3904 sub
1613 3815 1657 3939 S
1680 3815 1727 3904 Si

236 3971 352 4026 cero.
732 3993 736 4002 ·

363 4063 406 4151 Si
445 4064 578 4179 igitur
610 4077 730 4148 tanto
779 4059 922 4175 rigore
966 4059 1007 4144 in
1060 4061 1269 4174 parochos
1317 4061 1416 4148 licet
1458 4063 1712 4151 innocentes

236 4185 568 4302 procudendum
605 4213 697 4270 esse
736 4183 794 4270 ob
831 4181 971 4298 plebis
1005 4181 1154 4269 odium
1203 4183 1297 4271 iura
1337 4184 1592 4273 solemniter
1627 4215 1727 4302 pro-

231 4309 441 4412 clamant,
478 4307 586 4426 quid
620 4306 898 4394 sentiendum
937 4303 977 4390 in
1015 4306 1300 4394 themateubi
1326 4309 1548 4396 Parorhus
1571 4341 1626 4396 ex
1649 4341 1726 4396 sua

239 4431 398 4547 agendi
433 4434 602 4518 ratione
646 4429 797 4516 odium
833 4426 976 4544 piebis
1010 4427 1053 4516 in
1087 4455 1134 4515 se
1168 4435 1300 4533 acuit,
1338 4430 1455 4549 quod
1483 4431 1723 4551 probabili-

240 4569 304 4638 ter
345 4573 611 4641 cessaturum
663 4581 747 4638 non
798 4568 862 4640 est
910 4550 1151 4638 diiudicent
1186 4548 1270 4640 DE.
1311 4553 1402 4640 VV.
1440 4543 1602 4670 quihus
1641 4553 1725 4640 erit

237 4706 417 4797 quoque
453 4675 728 4794 perpendere
762 4693 805 4762 et
838 4675 1031 4762 Oratoris
1066 4675 1256 4791 inopiam
1301 4694 1344 4762 ct
1382 4675 1598 4764 infelicem
1634 4691 1722 4763 sta-

238 4815 333 4886 turn
372 4801 414 4886 in
450 4831 538 4940 quo
576 4813 786 4899 versatur,
824 4797 930 4884 darn
968 4829 1022 4884 cx
1057 4799 1191 4912 ipsius
1223 4799 1391 4915 scriptis
1425 4815 1544 4888 etex
1570 4831 1726 4918 nuper·

230 4919 363 5008 rimis
397 4925 597 5040 Episcopi
643 4922 775 5009 literis
824 4920 1098 5038 deprehendi
1140 4925 1253 5009 valet
1286 4923 1492 5010 conadam
1527 4923 1718 5010 senaida-

165 5081 167 5086 ·
238 5045 403 5131 mentia
424 5047 661 5132 laborare«
691 5043 778 5129 Dat
797 5061 900 5131 tutto
923 5045 1093 5130 crateae
1127 5046 1187 5132 ait
1203 5046 1456 5162 sllpiscopus
1489 5077 1598 5132 come
1628 5077 1723 5160 cpe·

237 5167 452 5256 ciulmeote
485 5167 608 5254 della
650 5168 791 5287 [orum
824 5165 893 5253 dcl
941 5167 990 5254 di
1039 5166 1100 5253 lui
1147 5171 1306 5253 ricorso
1339 5168 1383 5255 ol
1413 5167 1457 5255 S.
1497 5167 1643 5254 Pochc
1675 5167 1724 5286 so

233 5291 357 5405 quari·
384 5321 549 5378 noscere
581 5291 618 5376 il
651 5288 804 5378 ‹tattto
836 5291 908 5378 che
940 5289 1033 5406 qual
1053 5308 1265 5403 povcrctto
1302 5357 1312 5377 .
1355 5359 1364 5378 .
1407 5359 1416 5378 .
1458 5357 1467 5378 .
1505 5293 1720 5408 eppiuopa

231 5413 358 5500 anche
393 5415 435 5498 lo
465 5419 724 5500 circostonzo
762 5413 812 5502 di
840 5445 896 5502 urs
944 5411 1082 5526 po'di
1115 5414 1338 5502 deholczto
1382 5413 1444 5500 di'
1471 5415 1666 5502 ravello.
1689 5451 1717 5494 a

166 5571 170 5576 ·
361 5529 1722 5658 Q'uihoshincindeanimadversio,atqnelaequ›aancclihratis
