4460 6332
667 332 752 420 Die
782 331 844 421 23
876 329 1062 453 Anquoti
1093 341 1231 432 t879.
1603 360 1696 453 40⁷

330 599 648 804 Artoarta.
665 709 1148 801 DlSTRlBUTIONUM
1165 716 1237 801 ΕΤ
1254 715 1692 818 ruothardum.-
1721 734 1829 828 sea.
1857 741 1920 832 24
1937 777 2033 867 cup.
2063 752 2128 844 12

16 863 17 876 ¹
199 835 450 954 Capitulum
484 833 755 926 Cathedralis
787 832 1003 922 Ecclesiae
1035 835 1292 925 Andriensis
1324 869 1463 958 usque
1485 879 1510 932 a
1534 849 1688 964 primis
1721 857 1773 948 da
1799 861 1992 986 Reform.

200 957 474 1078 temporibus
506 989 611 1048 cura
645 955 859 1045 habituali
889 973 1021 1074 atque
1053 957 1210 1047 actuali
1243 989 1376 1078 super
1400 967 1603 1059 universa
1637 973 1695 1063 ci-

196 1082 333 1171 vitate
354 1079 626 1200 potiebatur,
646 1077 924 1198 subindeque
945 1079 1218 1199 Capitulares
1252 1083 1499 1178 animarum
1534 1125 1688 1189 curam

197 1221 448 1293 exercentes
497 1204 659 1292 nedum
699 1235 723 1290 a
766 1203 1038 1321 punctaturis
1082 1219 1277 1294 extorres
1301 1221 1481 1318 'erant,
1530 1244 1685 1308 verum

198 1327 330 1415 etiam
364 1325 750 1417 distributionibus
785 1341 870 1413 tam
899 1325 1148 1432 ordinariis,
1170 1357 1305 1446 quam
1332 1335 1686 1434 extraordinariis

196 1447 475 1540 fruebantur.

318 1575 537 1662 Volvente
575 1587 726 1662 atvero
744 1601 860 1660 anno
894 1569 1015 1658 t857
1050 1586 1182 1689 atque
1204 1573 1499 1667 Andrienscr'n
1525 1583 1684 1677 sedem

194 1694 409 1816 Episcopo
427 1695 706 1812 longobardi
739 1709 935 1814 regente,
962 1724 1043 1812 per
1064 1693 1366 1811 Apostolicum
1388 1702 1681 1821 Rescriptum,

190 1815 260 1905 cui
295 1847 455 1907 nomeu
489 1818 642 1906 Brevis
674 1815 867 1906 inditum
890 1831 971 1919 est,
998 1833 1174 1906 cautum
1209 1817 1307 1924 luit,
1344 1838 1408 1928 ut,
1444 1854 1521 1913 sex
1554 1859 1682 1944 prae·

189 1939 350 2030 bendis
382 1940 705 2032 canonicalibus
737 1937 983 2058 suppressis
1015 1971 1096 2059 pro
1140 1971 1335 2058 congrua
1390 1947 1680 2062 parochorum

190 2061 417 2170 alimonia,
442 2093 517 2152 ser
560 2064 803 2182 paritario
839 2077 928 2150 tota
961 2062 1138 2152 civitate
1186 2079 1327 2154 novae
1360 2083 1405 2156 et
1449 2068 1681 2167 distinctae

189 2205 445 2276 crearentur
476 2188 726 2290 Paroeciae,
764 2215 875 2310 quas
908 2184 1023 2274 inter
1056 2201 1100 2273 et
1131 2217 1219 2276 una
1243 2185 1287 2274 in
1313 2189 1564 2282 Cathedrali
1588 2199 1680 2286 exi-

187 2322 323 2400 steret
355 2311 414 2398 ab
447 2308 855 2430 Archipresbytero,
892 2305 1082 2397 secunda
1107 2307 1337 2428 dignitate,
1370 2315 1578 2434 regenda.
1616 2323 1679 2411 Ex

187 2429 269 2520 hoc
286 2430 449 2522 lactum
462 2432 559 2542 luit,
575 2451 625 2526 ιιι
638 2435 747 2524 haec
758 2429 949 2522 secunda
965 2430 1153 2549 dignitas
1170 2433 1331 2523 uberes
1348 2432 1510 2527 lructus
1523 2443 1674 2560 perci-

184 2571 326 2670 peret.
349 2553 539 2669 Quando
574 2558 721 2648 uidem
745 2553 912 2644 nedum
930 2554 1039 2672 ipsa,
1062 2555 1280 2644 utcaeteri
1302 2557 1528 2665 Canonici,
1541 2565 1677 2681 potie-

182 2675 319 2764 batur
341 2592 614 2796 praebenda,
640 2679 718 2772 sed
742 2695 784 2768 et
806 2694 927 2767 sexta
944 2693 1068 2796 parte
1091 2677 1466 2795 praebendarum,
1493 2715 1607 2802 quae
1623 2719 1678 2778 ex

182 2791 338 2890 Bullae
382 2801 696 2924 dispositione
732 2829 995 2920 suppressae
1049 2799 1239 2906 luerant3
1288 2801 1399 2891 adeo
1434 2822 1480 2893 ut
1512 2807 1676 2902 lructus

181 2921 472 3015 Praeheudae
488 2923 938 3044 Archipresbyterolis
955 2951 1173 3011 summam
1189 2921 1440 3015 libellarum
1456 2929 1570 3018 330t
1584 2967 1596 3038 3
1613 2937 1675 3026 52

179 3044 599 3262 {ttttlttlttt
614 3046 821 3260 “llll
850 3044 916 3256 ida
935 3043 1244 3286 illidii?
1265 3048 1666 3294 tltttlthtl

177 3289 500 3409 Angustissimo
518 3297 674 3386 Vestro
685 3292 842 3384 Ordini
860 3291 1061 3410 libellum
1083 3291 1276 3408 porrexit
1309 3311 1357 3384 ut
1389 3295 1497 3386 haec
1529 3299 1668 3395 dubia

178 3411 392 3504 dirimere
424 3417 699 3537 dignaretur:
1197 3445 1200 3452 '

302 3539 348 3626 l.
390 3579 408 3621 ι
447 3542 671 3632 Potrebbe
718 3539 987 3658 l'Arcipretc
1032 3537 1319 3627 considerarsi
1369 3559 1571 3655 presente
1618 3547 1665 3638 in

183 3697 201 3738 e
239 3662 353 3751 Coro
376 3681 550 3758 mentre
571 3680 637 3754 sta
660 3679 871 3784 occupato
894 3660 1013 3782 negli
1027 3657 1154 3750 officii
1173 3661 1475 3770 Parrocchiali,
1491 3695 1516 3753 e
1533 3669 1664 3786 qoin-

178 3819 195 3860 «
235 3780 281 3870 di
315 3783 485 3878 lucrare
517 3787 558 3877 le
591 3786 789 3891 lallenze,
824 3785 881 3876 ed
914 3786 1022 3874 altre
1055 3783 1364 3874 distribuzioni
1398 3787 1660 3906 quotidiano

182 3943 199 3984 ι
239 3937 365 3998 come
397 3910 444 3999 in
477 3910 635 4015 antico,
672 3908 852 4030 quaudo
885 3909 1033 3996 niente
1066 3905 1111 3996 di
1147 3905 1224 4026 piir
1256 3908 1290 3996 si
1326 3909 1560 4028 percepiva
1593 3913 1666 4004 dai

179 4065 198 4107 ε
238 4029 478 4150 Capitolari
512 4033 740 4154 impicgati
785 4029 1112 4120 nell’eserciaio
1165 4029 1281 4120 della
1308 4031 1440 4137 Cura,
1478 4037 1662 4153 quando

180 4189 197 4228 ι
236 4171 391 4270 questa
424 4187 499 4246 era
533 4188 681 4275 presso
716 4155 745 4244 il
780 4152 1011 4272 Capitolol

299 4275 348 4364 2.
389 4318 407 4358 ι
447 4281 571 4370 Nella
604 4278 762 4396 ipotesi
794 4278 840 4368 di
874 4274 1046 4368 doversi
1077 4273 1375 4380 considerare,
1411 4280 1550 4368 anche
1573 4283 1662 4371 cosi

178 4435 196 4475 ι
235 4397 507 4518 largamente
560 4401 809 4508 retribuite,
845 4428 970 4518 come
1003 4415 1204 4518 presente
1237 4399 1283 4486 in
1315 4399 1445 4508 Coro,
1485 4419 1661 4494 mentre

176 4556 195 4638 ι
235 4519 261 4608 ὸ
294 4521 548 4644 impegnato
581 4525 696 4614 nella
728 4527 861 4628 Cura,
891 4605 892 4610 a
925 4521 1146 4642 potrebbe
1176 4521 1311 4611 oltre
1343 4523 1427 4610 alle
1460 4523 1660 4618 Fallenze

176 4679 194 4721 ι
233 4648 507 4767 partecipare
539 4647 738 4740 eaiandio
770 4645 855 4766 agli
889 4643 1141 4749 avventiaii,
1178 4643 1261 4734 alle
1292 4643 1572 4736 associationi
1601 4649 1658 4739 ed

174 4801 193 4843 ι
232 4770 408 4888 esequia
441 4771 525 4868 dei,
547 4771 689 4876 lllorti,
727 4770 784 4860 ed
806 4768 907 4890 ogni
925 4769 1037 4859 altra
1060 4765 1377 4860 distributione
1403 4769 1514 4858 inter
1531 4801 1658 4886 prae·
1694 4819 1698 4828 ·

174 4925 192 4966 ι
230 4909 374 4992 sentes,
411 4911 697 5013 quantunque
730 4923 817 4982 noa
851 4891 1204 5010 personalmcnte
1238 4889 1531 5010 intervengal

221 5007 226 5018 “
294 5016 340 5102 3.
382 5056 401 5095 ι
439 5017 670 5108 Esseudosi
704 5017 749 5104 in
783 5031 998 5132 perpetuo
1042 5013 1224 5105 addetta
1272 5013 1357 5103 alla
1412 5021 1654 5133 punta'tura
1773 5073 1778 5082 -

173 5169 190 5211 ι
229 5133 272 5222 la
306 5152 422 5228 terra
453 5157 576 5257 parte
608 5138 725 5230 della
759 5142 894 5227 llassa
926 5137 1083 5230 Corale
1116 5169 1196 5256 per
1229 5135 1404 5258 decreto
1453 5136 1651 5229 sinodale

173 5289 191 5337 ι
230 5255 305 5347 del
327 5261 562 5352 Prelodato
583 5261 774 5352 Delonto
797 5261 1045 5380 llonsignor
1063 5258 1342 5380 Longohardi
1359 5259 1433 5350 del
1457 5261 1517 5348 lO
1537 5261 1651 5350 Feb-

174 5415 193 5458 «
228 5379 355 5474 braio
389 5383 527 5476 l858:
546 5384 801 5484 -oideliceh
832 5383 1015 5474 Tertiam
1038 5385 1199 5474 Messoa
1220 5381 1419 5471 (litoralis
1439 5381 1651 5504 fructuum

182 5538 201 5580 ι
233 5523 400 5622 portem
426 5507 613 5598 deductio
637 5509 760 5628 priua
792 5507 984 5598 oneribus
1020 5505 1205 5627 lepitimc
1234 5507 1443 5622 impositis
1480 5504 1648 5623 quibus·
