4446 6330
525 355 588 444 78
983 349 1066 438 Die
1098 349 1159 438 25
1191 349 1388 436 Ianuarii
1422 347 1560 436 1879.

531 517 556 559 s·
590 496 713 566 reant
747 464 865 564 iurlta
899 471 1108 563 Eonilaoii
1145 475 1241 559 Vlll
1274 471 1529 575 decretum,
1565 469 1685 590 quod
1720 468 1873 586 incipit
1907 469 2015 557 Gon·

536 644 555 685 ι
595 599 868 699 suetudinem,
905 598 1023 716 quod
1058 600 1104 688 S.
1141 595 1345 715 Synodus
1368 595 1411 682 11
1433 625 1563 683 usum
1587 610 1778 695 revocat,
1823 623 1910 680 uon
1932 596 2023 682 ob-

538 767 554 804 «
594 725 813 812 stantibus
846 723 1203 841 quibuscumque
1248 719 1419 808 statutis
1468 735 1513 804 et
1546 716 1956 805 consuctudinibus.
2003 760 2018 796 s

534 852 718 968 Exque
754 861 872 962 patet
904 845 1069 932 nullam
1110 843 1242 931 bodie
1289 843 1435 929 valere
1475 842 1840 929 consuetudinem
1882 869 2023 957 quau-

533 972 697 1061 tumvis
731 969 1005 1088 longaevam,
1055 983 1127 1055 aut
1162 981 1386 1054 statutum·
1407 965 1707 1053 determinans
1741 962 2027 1051 distributio-

537 1126 614 1183 nes
648 1093 800 1182 deberi
835 1091 1091 1178 absentibus
1124 1107 1253 1208 prout
1286 1119 1338 1176 ox
1365 1107 1512 1175 mente
1547 1087 1696 1174 Teutas
1732 1089 1776 1173 in
1810 1117 1902 1200 cap.
1930 1087 2027 1173 uni·

537 1249 582 1305 co
616 1217 673 1304 de
707 1216 862 1303 Gloria.
900 1245 981 1300 non
1015 1213 1145 1300 resid.
1186 1211 1226 1298 in
1262 1215 1326 1314 6¹,
1365 1227 1408 1298 et
1440 1209 1559 1301 Sacri
1609 1210 1791 1299 Consilii
1835 1209 2029 1297 Triden-

535 1340 615 1428 tini
650 1341 730 1428 loc.
758 1339 834 1428 cit.
872 1352 1139 1423 monuerunt
1171 1336 1361 1450 Fapnon.
1400 1335 1441 1422 in
1477 1367 1572 1450 cap.
1610 1333 1720 1420 Licet
1744 1331 1794 1418 de
1818 1331 2031 1420 Praeben-

540 1462 607 1552 dis
640 1495 753 1549 nam
791 1464 850 1550 77
899 1476 937 1547 et
984 1461 1061 1557 80,
1101 1459 1314 1545 Passeris.
1369 1460 1411 1543 in
1445 1457 1553 1572 Cap.
1595 1455 1941 1544 Consuetudinem
1978 1457 2030 1544 de

537 1585 693 1672 Cleric.
731 1615 811 1671 rron
845 1581 975 1670 resid.
1012 1615 1125 1669 nstin.
1165 1583 1254 1668 135
1288 1599 1326 1668 11
1357 1613 1466 1698 seqq.
1503 1599 1542 1669 et
1564 1613 1677 1668 nmn.
1716 1581 1876 1667 17011
1908 1611 2021 1698 seqq.

539 1709 713 1826 Pipnat.
751 1706 940 1794 Consult.
984 1707 1069 1792 115
1110 1739 1222 1792 rearn.
1260 1706 1290 1792 2
1328 1721 1366 1792 11
1398 1735 1511 1790 num.
1548 1705 1610 1793 23
1654 1721 1751 1791 tom.
1790 1704 1834 1800 9,
1873 1718 1918 1789 et
1954 1701 2032 1793 de-

538 1832 717 1924 claravit
750 1831 795 1920 S.
815 1833 864 1918 C.
903 1830 943 1916 in
965 1829 1192 1918 Ciuitaten.
1230 1827 1421 1915 Octobris
1445 1825 1692 1916 laetatu
1718 1825 1848 1924 Dela,
1871 1825 2027 1914 llalteu.

540 1959 568 2044 3
602 1952 775 2071 Aprilis
810 1953 947 2049 t593,
985 1953 1184 2040 Ciuitatis
1218 1950 1842 2040 011111111111111111111.19
1875 1949 2029 2066 April.
2087 1983 2090 1988 ·

539 2079 662 2166 1611
694 2077 878 2194 aliisque
910 2075 1268 2193 quamplurimis,

544 2214 546 2218 ’
664 2198 910 2316 Profligatis.
942 2199 1072 2314 igitur
1103 2200 1274 2287 statutis
1297 2231 1346 2286 ae
1372 2197 1707 2303 consuetudine,
1729 2229 1842 2316 qaae
1877 2195 2030 2286 lavore

539 2322 857 2440 Capitularium
896 2321 1085 2409 militare
1130 2338 1334 2439 possent,
1383 2322 1595 2413 inutiliter
1643 2321 1852 2438 effugium
1887 2351 2033 2439 quae-

540 2477 637 2535 rere
671 2444 877 2533 videntur
909 2445 1114 2535 Canoniei
1151 2446 1191 2533 in
1226 2445 1373 2534 verbis
1423 2445 1504 2536 illis
1553 2447 1704 2536 Bullac
1753 2444 1866 2532 Xisti
1903 2447 1939 2534 V
1975 2444 2029 2530 li-

539 2586 703 2686 11111111
737 2569 986 2682 Praeposito
1025 2635 1034 2656 .
1078 2637 1087 2656 .
1130 2636 1140 2655 .
1173 2600 1251 2684 per
1283 2569 1474 2657 ltinmstre
1512 2637 1520 2656 .
1564 2639 1573 2657 .
1614 2637 1624 2658 .
1662 2569 1796 2656 abesse
1826 2569 1915 2656 sine
1937 2567 2022 2654 ali·

538 2694 653 2780 cuius
679 2691 963 2807 praeiudicio,
983 2708 1029 2779 ut
1062 2691 1148 2779 sibi
1182 2693 1341 2780 intuitu
1376 2693 1593 2814 privilegii
1627 2692 1867 2811 Apostoliei
1899 2721 2028 2780 vaca·

540 2814 709 2906 tionum
747 2830 947 2932 ternpore
980 2813 1312 2904 distributiones
1357 2812 1582 2904 addicant.
1630 2818 1729 2929 Qua
1771 2816 1812 2902 ia
1854 2847 1899 2903 re
1947 2815 2029 2904 Ca-

540 2938 816 3058 pitularium,
840 2938 913 3057 qui
937 2939 1206 3028 eontrarium
1233 2940 1468 3028 tuebantur
1492 2957 1683 3056 praestat
1707 2941 1868 3028 relerre
1901 2967 2031 3055 argu-
2074 2924 2084 2944 '

541 3079 690 3151 menta
723 3093 841 3180 quae
874 3061 1086 3150 concinno
1134 3061 1177 3147 11
1224 3060 1312 3151 suis
1351 3063 1484 3152 literis
1534 3063 1665 3152 refert
1702 3063 1940 3180 Episcopus
1976 3061 2021 3146 in

540 3186 702 3304 quibus
735 3185 992 3304 perlegitur.
1037 3226 1052 3262 c
1092 3187 1184 3272 Hoc
1214 3214 1319 3272 verer
1354 3185 1634 3304 privilegium
1675 3195 1737 3273 .’.
1779 3195 1914 3274 .'‘'·nou
1938 3213 2032 3272 mo·

546 3347 564 3387 ι
604 3307 661 3397 do
697 3338 782 3396 raon
820 3307 996 3424 probari
1031 3309 1072 3393 11
1114 3307 1237 3394 Bulla
1272 3310 1384 3396 Xisti
1419 3313 1473 3412 V,
1496 3309 1574 3398 sed
1606 3341 1660 3398 ex
1683 3341 1733 3398 ea
1757 3309 2026 3398 eontrarium

545 3469 563 3509 r
605 3431 747 3549 potius
792 3429 959 3518 inlerri.
1008 3423 1146 3549 ldque'
1194 3432 1497 3520 demonstrare
1541 3434 1799 3552 satagebant
1846 3447 1937 3520 tum
1973 3461 2028 3518 ex

545 3591 563 3632 ι
604 3552 812 3672 loquendi
848 3583 944 3658 usu,
981 3586 1030 3643 ac
1063 3555 1299 3642 verborum
1334 3553 1403 3658 vi,
1444 3573 1535 3644 tum
1579 3587 1634 3643 ex
1680 3557 1898 3644 substrata
1932 3585 2024 3641 ma-

549 3719 565 3755 «
608 3677 728 3765 teria.
767 3680 828 3764 Ex
863 3711 941 3766 usu
975 3677 1365 3796 loquenditseusus
1398 3679 1515 3765 enirn
1551 3680 1680 3767 huius
1713 3678 1943 3768 carismatis
1972 3677 2031 3762 si-

546 3839 564 3880 «
603 3833 652 3886 ne
684 3800 864 3888 alicuius
890 3800 1161 3918 pracindicio
1196 3801 1323 3889 latius
1358 3819 1509 3918 patere
1532 3802 1783 3890 asserebant
1814 3803 2030 3919 interpre-

547 3961 565 4002 ι
605 3923 766 4011 tatione
799 3955 930 4042 (priam
968 3924 1112 4011 verbis
1147 3923 1313 4013 eisdem
1337 3925 1576 4013 adversarii
1601 3929 1839 4046 appingere
1865 3924 2029 4013 voluis-

549 4063 716 4133 ‹sent
753 4049 812 4133 Ea
846 4047 963 4137 enim
999 4047 1134 4134 verba
1179 4079 1264 4136 non
1314 4049 1446 4136 modo
1480 4049 1537 4137 ita
1571 4051 1779 4168 explicari
1827 4063 2023 4169 possunt,

548 4205 565 4246 ι
605 4185 653 4254 11
685 4183 871 4256 caveant
902 4169 1066 4257 «lanino
1099 4199 1250 4260 eorum
1284 4171 1358 4290 qui
1394 4173 1434 4258 in
1470 4173 1665 4262 subiecto
1718 4171 2025 4291 propositionis

548 4329 566 4368 ι
604 4309 722 4393 sunt,
760 4321 921 4408 nempe
954 4293 1269 4408 Capitularium
1306 4296 1572 4403 absentiam,
1609 4297 1684 4386 sed
1710 4298 1839 4385 etiam
1865 4297 2028 4386 damno

547 4449 565 4522 ⁸.
605 4443 777 4516 eorum,
814 4415 888 4533 qui
924 4417 965 4502 11
1000 4417 1307 4532 propositionis
1341 4419 1535 4506 subiecto
1581 4452 1664 4508 uon
1715 4421 2017 4520 includuntur,

547 4571 565 4613 ι
604 4534 802 4653 adeoque
835 4538 966 4626 etiam
1002 4537 1166 4625 damno
1200 4539 1392 4628 fabricae
1429 4543 1642 4630 Ecclesiae
1693 4547 1758 4633 vel
1799 4544 2024 4662 Capitulu-

549 4695 565 4736 ι
606 4658 719 4746 rium
755 4661 895 4750 Clroro
931 4663 1297 4751 interessentium.
1336 4665 1427 4751 lmo
1463 4663 1617 4754 borum
1640 4665 1803 4755 damno
1827 4668 2028 4756 adamus·

548 4817 566 4859 r
606 4781 687 4868 sim
723 4813 876 4870 cavere
909 4783 1131 4884 dicebant,
1168 4785 1271 4901 quia
1294 4807 1333 4873 et
1359 4817 1413 4874 rex
1446 4787 1724 4878 iureeisdem
1753 4789 2024 4879 distributio-

548 4943 565 4980 «
604 4933 682 4992 nes
715 4905 961 4993 absentium
1007 4923 1285 5011 accrescunt,
1322 4927 1367 4996 et
1416 4911 1473 4997 ab
1512 4911 1604 5027 ipsa
1646 4913 1776 5001 citata
1822 4913 1934 5000 Xisti
1985 4911 2019 4998 V

547 5059 564 5102 c
605 5025 731 5113 Eulla
757 5025 924 5116 eisdem
949 5027 1278 5119 distributiones
1295 5031 1561 5122 addicuntur
1577 5033 1691 5124 bisse
1713 5037 1879 5124 verbis:
1896 5089 1926 5106 -
1945 5031 2027 5120 Ab·

549 5185 567 5225 s
606 5149 779 5236 senti-um
822 5166 861 5238 et
892 5183 972 5238 non
1012 5153 1335 5243 interessentium
1369 5156 1495 5244 dietis
1516 5157 1647 5244 Horis
1669 5173 1706 5245 et
1727 5156 1890 5282 Officiis
1915 5187 2020 5273 por·

548 5307 566 5346 ι
608 5273 774 5375 tionem,
801 5277 1064 5363 seruientium
1089 5294 1128 5364 et
1148 5277 1506 5367 intervenientium
1526 5282 1720 5396 portioni
1751 5313 1834 5397 pro
1868 5313 1951 5368 una
1983 5295 2022 5366 11

551 5431 567 5466 ι
606 5393 741 5482 altera
773 5395 1060 5485 medietatibus
1091 5399 1319 5493 Sacristiae
1360 5403 1496 5490 dictae
1528 5403 1787 5519 Collepiatae
1820 5403 2029 5491 Ecclesiae

548 5551 566 5591 ι
606 5517 880 5631 assipnnmus.
914 5573 944 5590 ··
966 5523 1221 5638 arguebant
1243 5523 1346 5612 dein
1375 5528 1492 5614 cxvi
1527 5526 1671 5616 vocis:
1696 5527 2021 5643 praeiudicium
