4350 6326
586 348 669 434 Die
699 345 760 433 20
792 339 1030 432 Decembris
1064 337 1203 426 t879.
1551 331 1642 420 549

10 597 12 602 Ι
173 589 181 606 ι
279 471 334 558 ΙΙ.
372 471 440 560 An
469 472 662 589 provisio
678 465 916 556 Sacerdotis
949 463 1131 552 Antonii
1164 457 1360 546 lonnucci
1393 456 1647 546 sustineatur

10 613 13 644 ’
164 621 209 678 m
242 625 356 683 cusu.

407 847 461 932 Et
493 862 709 962 quatenus
743 847 943 962 negative
977 845 1031 934 ad
1066 863 1306 956 utrumque

285 1081 360 1168 ΙΙΙ.
400 1084 466 1168 An
505 1101 543 1170 et
574 1057 642 1170 itui
672 1083 935 1199 parochialis
971 1084 1157 1174 Ecclesia
1189 1073 1482 1176 adiudicando
1515 1074 1570 1159 Sil
1604 1071 1648 1156 iu

162 1231 273 1288 cusu.
884 1221 886 1226 ’

249 1632 251 1640 J
290 1569 359 1658 Ad
392 1573 426 1657 1.
465 1571 690 1685 Negativc·⁸

293 1692 361 1780 Ad
396 1695 448 1780 ll.
490 1691 777 1782 Affirmative.

290 1816 359 1904 Ad
396 1819 467 1904 ΙΙΙ.
509 1817 738 1905 Provisum
771 1819 816 1905 in
853 1816 1234 1934 [reaccedentibus3
1273 1817 1487 1910 Sacerdos
1510 1832 1656 1903 autem
1771 1930 1772 1934 Ν

174 1941 391 2029 Calandra
427 1956 551 2028 vacet
585 1972 664 2058 per
699 1939 852 2062 decem
887 1938 983 2028 dies
1019 1938 1582 2056 spiritualibus'exercitiis
1620 1937 1664 2026 in

172 2093 356 2180 poenam
394 2063 536 2153 illatae
570 2065 834 2154 calumniae.

305 2511 1428 2679 sidonas.rours.=n1100trasespraeuseus
1452 2563 1664 2652 soocu-
1695 2562 1802 2654 sess.
1830 2557 1892 2650 25
1913 2586 2010 2677 cap.
2031 2555 2093 2644 ts

175 2683 267 2770 bris
291 2681 343 2768 ad
370 2714 522 2799 preces
543 2684 763 2771 sexdecim
783 2686 1142 2802 presbyterorum
1162 2685 1577 2804 Aquensiscivitatis
1592 2717 1665 2774 au·
1697 2691 1748 2780 dc
1775 2685 1966 2811 Reform.

177 2808 373 2894 ctoritate
390 2806 631 2922 Episcopaii
652 2808 932 2896 coustitutum
954 2807 1109 2910 suerat,
1134 2811 1240 2894 utin
1266 2807 1532 2896 cadaverum
1553 2841 1670 2899 asso·

180 2929 384 3030 datione,
411 2930 589 3046 qrrssndo
611 2930 777 3018 invitati
798 2949 917 3017 crunt
944 2931 1204 3048 presbytcri,
1224 2929 1402 3048 quidam
1422 2950 1673 3022 servaretur

179 3065 330 3140 turnus
348 3054 405 3139 ab
426 3053 670 3170 antiquiore
687 3053 916 3172 incipiens
943 3055 1082 3144 donec
1101 3084 1250 3141 ornnes
1268 3055 1348 3142 hoc
1370 3054 1585 3143 beneficio
1610 3055 1674 3146 usi

184 3175 379 3264 fuissent.
398 3177 566 3266 Exinde
588 3177 801 3295 originem
828 3179 1006 3267 traxisse
1030 3177 1203 3266 videtur
1220 3177 1440 3296 quaedam
1465 3179 1673 3270 Sacerdo-

184 3317 278 3387 tum
295 3301 599 3418 Congregatio‚
627 3301 696 3390 cui
729 3301 917 3388 Urbanos
959 3333 1116 3388 rrornen
1154 3301 1340 3389 inditum
1378 3319 1457 3389 est.
1495 3306 1676 3392 Turnus

183 3423 253 3511 hic
270 3423 401 3541 longo
436 3425 554 3512 haud
582 3441 777 3541 tempore
812 3424 1073 3544 perdurasse
1099 3423 1287 3527 videtur,
1308 3425 1671 3544 quandoquidem

186 3577 241 3634 ex
264 3547 366 3634 actis
389 3547 750 3666 Congregationis
773 3551 963 3636 eiusmet
986 3548 1042 3636 dc
1060 3579 1176 3636 anno
1193 3549 1312 3636 1777
1332 3547 1405 3636 die
1425 3552 1452 3636 3
1476 3551 1586 3638 Nov.
1608 3549 1681 3638 ha·

184 3669 305 3772 bitae
338 3687 546 3761 statutum
582 3672 712 3760 [uisse
734 3688 941 3760 constat«
974 3671 1138 3758 dooersi
1164 3675 1373 3758 riruettere
1396 3675 1437 3757 iu
1472 3674 1617 3790 cipere
1641 3673 1678 3758 ii

187 3808 309 3880 turno
341 3795 415 3911 pici
446 3795 634 3884 stabilito
673 3865 681 3882 .
724 3862 733 3881 .
776 3863 786 3881 .
823 3827 896 3880 con
929 3794 1090 3882 decreto
1115 3795 1184 3881 dei
1216 3797 1276 3882 20
1309 3794 1478 3881 Ottobre
1513 3797 1683 3885 4739-
1784 3845 1786 3850 ·

188 3915 246 4004 ita
283 3933 427 4005 tannen
474 3937 518 4005 ut
566 3919 607 4005 in
662 3937 791 4006 turno
828 3923 991 4006 --resti
1032 3950 1192 4036 sompno
1240 3949 1450 4034 compress
1498 3951 1579 4006 uuo
1614 3918 1684 4006 dci

188 4039 363 4156 Sipuori
397 4043 442 4130 V
443 4043 703 4159 iccporrochi
738 4076 764 4128 α
799 4041 1031 4129 ricaudo.»

314 4167 708 4285 Congregationem
763 4166 890 4252 istam
941 4167 1023 4254 sub
1056 4167 1127 4254 die
1161 4168 1189 4252 3
1226 4169 1416 4254 ianuarii
1453 4167 1575 4256 1778
1607 4199 1687 4254 sua
1785 4262 1788 4269 ¹

189 4285 435 4378 condidisse
458 4307 616 4380 statuta
640 4291 718 4378 hac
741 4319 871 4404 super
890 4320 935 4377 re
953 4305 1257 4406 constat,quae
1276 4289 1519 4407 Episcopali
1540 4303 1687 4377 aucto·

192 4411 321 4500 ritate
360 4415 546 4530 probata
581 4413 759 4504 suerunt
792 4413 875 4498 suh
918 4412 991 4500 die
1036 4413 1094 4500 70
1128 4413 1270 4500 Martii
1305 4413 1410 4500 dicti
1464 4412 1583 4514 anni,
1624 4441 1691 4498 re-

192 4553 363 4623 servato
397 4553 544 4626 tamen
581 4538 793 4655 Episcopo
829 4565 908 4652 pro
943 4550 1145 4654 ternpore
1178 4537 1276 4624 iure
1312 4537 1406 4651 ipsa
1453 4533 1686 4639 minuendi,

193 4657 391 4776 conpendi,
430 4658 496 4748 oet
534 4660 751 4748 coriandi.
809 4660 854 4746 {n
905 4658 1021 4750 hisce
1070 4691 1198 4779 porro
1232 4657 1404 4748 statutis
1437 4677 1611 4777 praeter
1640 4689 1692 4746 ea

194 4815 306 4902 quae
341 4785 564 4902 hucusque
599 4785 779 4901 exposui
817 4783 1029 4872 nonnulla
1061 4781 1215 4870 addita
1250 4781 1535 4871 inveniuntur
1558 4783 1696 4872 Vice-

200 4907 414 5028 parochos
447 4909 740 5025 respicientia.

324 5031 393 5119 Ad
430 5061 521 5119 rem
556 5033 762 5122 articulos
795 5029 824 5116 5
859 5041 902 5116 et
935 5031 964 5116 8
999 5028 1294 5147 praefatorum
1330 5045 1596 5119 statutorum
1632 5057 1698 5116 re·

69 5223 77 5238 ,
201 5155 318 5244 serre
350 5170 541 5272 praestat
573 5211 603 5228 -
636 5154 698 5242 ibi
724 5207 752 5224 -
780 5193 797 5232 α
825 5154 871 5238 ln
907 5151 1133 5240 occasione
1165 5153 1244 5240 che
1278 5153 1402 5243 siano
1435 5153 1641 5244 chiamati
1667 5151 1697 5239 ti

208 5319 224 5358 ι
264 5277 491 5368 Sacerdoti
525 5278 582 5368 ad
618 5275 890 5366 intervenire
920 5275 1451 5393 all'accompagnamento
1485 5277 1529 5366 di
1564 5274 1700 5396 qual-

213 5441 230 5480 ·
268 5403 348 5491 che
382 5401 627 5512 cadavere,
665 5400 804 5491 dovrir
847 5397 1082 5486 osservarsi
1117 5397 1180 5488 ira
1214 5401 1320 5489 loro'
1344 5401 1702 5492 inviolabilmeu·

214 5564 232 5604 ι
274 5541 315 5614 tc
350 5524 534 5614 i'ordine
568 5525 637 5614 det
670 5541 809 5614 turno.
847 5519 974 5613 Onde
1009 5551 1196 5612 nessuno
1229 5524 1265 5612 si
1290 5523 1380 5615 faria
1403 5525 1531 5615 lecito
1557 5523 1601 5614 di
1626 5553 1702 5612 an·
