4446 6330
485 339 545 426 l2
938 330 1021 420 Dic
1051 332 1112 421 25
1144 331 1340 418 leonorii
1375 331 1512 422 1879.

483 456 682 550 rentibus
723 471 768 546 et
810 455 1082 545 obtruncatis
1126 453 1273 544 verbis
1316 451 1515 544 luturum
1562 481 1770 570 sponsum
1803 471 1868 545 est
1901 457 1987 552 al-.

486 577 646 673 locuta.
1973 617 1979 624 ·

609 700 888 793 Desiderium
912 715 957 788 et
978 730 1077 818 spes
1093 700 1374 788 successionis
1392 701 1436 788 in
1457 697 1633 816 propria
1652 696 1820 790 lamilia
1836 733 1970 820 quam
2067 783 2073 792 .

485 825 796 918 tantummodo
829 855 883 912 ex
915 821 1185 926 Violantina,
1224 823 1349 912 unica
1392 840 1434 910 et
1470 821 1566 910 sola
1609 852 1757 912 sorore
1807 823 1974 914 babere

486 965 676 1071 poterat,
713 945 986 1037 desiderium
1020 944 1152 1035 etiam
1187 944 1379 1036 habendi
1414 947 1459 1032 in
1490 942 1720 1034 Francisco
1762 947 1975 1036 cultorem

485 1073 692 1164 solertem
727 1098 908 1157 suorum
943 1067 1246 1187 praediorum,
1283 1069 1470 1188 agricola
1512 1068 1632 1156 euim
1666 1084 1777 1172 erat,
1814 1101 1970 1159 causae

486 1191 726 1314 praecipue
762 1191 950 1295 luerunt,
977 1193 1037 1280 ob
1055 1221 1166 1310 ,quas
1188 1191 1401 1282 Sacerdos
1434 1189 1650 1294 Nicolaus,
1687 1191 1970 1283 Violantinae

486 1317 636 1418 lrater,
679 1315 820 1434 ipsam
853 1313 1083 1402 Franciseo
1116 1313 1386 1428 desponsare
1417 1312 1602 1404 curavit.
1652 1314 1762 1432 Spes
1794 1343 1973 1434 quoque

486 1457 531 1528 et
563 1436 834 1526 desiderium
868 1435 1088 1526 reddendi
1121 1433 1345 1554 propriam
1373 1436 1649 1538 materialem
1675 1438 1976 1528 conditionem

381 1658 384 1666 ,
486 1559 718 1652 meliorem
753 1559 796 1646 in
828 1590 956 1649 causa
989 1557 1164 1648 luerunt
1212 1587 1290 1646 cur
1322 1559 1576 1649 Franciscus
1597 1559 1895 1651 Violantinam
1930 1561 1975 1650 in

486 1711 675 1774 uxorem
707 1683 940 1800 acciperet,
982 1681 1045 1769 uti
1078 1712 1131 1769 ex
1154 1679 1324 1768 actibus
1354 1681 1543 1772 eruitur.
1875 1775 1898 1794 „

616 1807 743 1892 Pater
777 1805 1055 1894 Violantinae
1088 1804 1349 1892 Laurentius
1385 1805 1445 1892 uti
1479 1805 1646 1924 paritor
1673 1837 1727 1894 ex
1774 1837 1978 1924 processu

489 1941 671 2030 constat,
708 1956 882 2046 semper
915 1944 959 2016 et
991 1941 1240 2014 constanter
1271 1927 1465 2044 seipsum
1500 1927 1704 2045 opposuit
1736 1929 1842 2018 dum
1877 1959 1978 2046 age·

488 2055 621 2143 batur
653 2050 710 2138 de
744 2050 1022 2138 Matrimonio
1057 2047 1189 2152 filiae,
1236 2078 1289 2136 eo
1333 2049 1440 2166 quia
1489 2050 1629 2171 ipsam
1680 2048 1801 2140 baud
1833 2067 1981 2170 aptam

488 2173 620 2266 statui
653 2171 957 2262 Matrimoniali
990 2171 1239 2290 reputabat,
1277 2173 1337 2260 ob
1371 2173 1564 2262 innatam
1598 2173 1821 2264 levitatem
1854 2203 1977 2262 men·

488 2298 542 2388 tls
598 2310 642 2384 et
673 2295 808 2383 animi
843 2295 1195 2386 instabilitatem.
1232 2295 1349 2382 llaec
1381 2297 1598 2414 oppositio
1638 2295 1683 2383 in
1715 2327 1845 2385 causa
1880 2295 1979 2401 luit,

487 2450 568 2512 cur
601 2417 879 2508 Violantinae
913 2414 1241 2508 Matrimonium
1288 2445 1389 2504 cum
1432 2417 1687 2526 Francisco,
1735 2419 1905 2508 occulte
1939 2433 1984 2507 et

490 2539 717 2632 nesciente
750 2556 891 2658 patre,
928 2541 1201 2630 celebratum
1234 2536 1335 2643 luit,
1357 2555 1536 2630 curante
1569 2542 1702 2631 lratre
1721 2540 1986 2662 ipsiusVio·

491 2661 702 2766 lantinae,
740 2663 815 2783 qui
849 2664 1059 2784 sperabat
1092 2659 1212 2784 quod
1246 2661 1468 2752 celebrato
1492 2664 1578 2752 iam
1599 2664 1891 2768 Matrimonio,
1913 2693 1985 2782 pa·

492 2805 561 2875 tec
600 2814 857 2875 consensum
905 2785 1171 2906 praeberet,
1224 2800 1269 2873 et
1316 2783 1362 2872 in
1409 2788 1590 2905 propria
1636 2788 1769 2880 domo
1813 2785 1988 2875 Franci-

489 2937 613 2998 scum
647 2908 865 3027 Sponsum
899 2909 1129 3030 reciperet.
1165 2906 1293 2997 lrrito
1327 2923 1474 2998 tamen
1524 2925 1699 3016 conatu,
1737 2926 1833 3029 post
1866 2909 1989 2998 cele-

490 3033 673 3124 bratum
707 3032 1034 3122 Matrimonium
1070 3028 1253 3121 tentavit
1279 3032 1428 3120 omnia
1461 3033 1610 3123 media
1642 3035 1912 3138 Franciscus,
1938 3047 1989 3119 ut

489 3183 591 3244 cum
623 3153 710 3240 sibi
744 3154 1007 3273 desponsata
1042 3151 1292 3244 Violantina
1314 3155 1568 3245 cohabitare
1604 3173 1764 3275 possct3
1803 3153 1998 3260 difficule

495 3291 622 3378 tates,
650 3305 706 3364 ne
727 3277 809 3367 boc
830 3307 959 3368 suum
992 3276 1263 3369 desiderium
1295 3278 1510 3396 expleret,
1537 3279 1657 3367 omni
1675 3311 1728 3367 ex
1752 3294 1877 3397 parte
1899 3307 1990 3366 ma·

495 3399 608 3488 iores
643 3397 687 3484 in
719 3399 815 3490 dies
857 3404 1146 3522 exurgeban13
1185 3417 1228 3490 et
1265 3400 1327 3489 uti
1361 3431 1415 3488 ex
1448 3403 1658 3491 omnibus
1690 3397 1991 3518 depositioni-

493 3523 596 3624 bus,
632 3552 747 3640 quae
781 3523 826 3612 in
858 3525 1026 3616 actibus
1057 3522 1311 3628 habentur,
1347 3539 1550 3628 constat,
1597 3551 1823 3642 nunquam
1858 3521 1990 3612 simul

493 3673 598 3734 cum
632 3673 789 3762 sponsa
821 3648 1020 3738 babitare
1054 3649 1214 3767 potuit.
1251 3649 1393 3736 lmmo
1428 3643 1490 3735 uti
1512 3649 1649 3737 limus
1671 3650 1719 3734 P.
1745 3645 1987 3764 Episcopus

500 3765 843 3886 Albinganensis
878 3787 1061 3860 testatus
1107 3769 1269 3892 iu1sua
1317 3769 1498 3887 epistola
1543 3769 1823 3860 informativa
1856 3795 1990 3888 quam

502 3889 586 3979 sub
618 3889 692 3977 die
726 3891 785 3980 15
817 3893 917 3982 lulii
962 3895 1084 3984 1872
1123 3893 1180 3984 ad
1213 3897 1373 3984 lirinum
1406 3925 1455 3982 ac
1489 3895 1650 3983 Rrirum
1683 3897 1739 3982 D.
1777 3891 1992 3984 Cardina-

503 4011 591 4099 lem
624 4013 780 4102 Sacrae
812 4017 995 4106 Concilii
1016 4014 1688 4138 congregationisPraefectum,
1715 4013 1987 4132 conscripsit,

503 4148 738 4252 autequam
771 4138 1023 4230 Franciscus
1054 4173 1132 4230 sua
1166 4155 1265 4230 vota
1307 4143 1485 4261 explere
1520 4155 1678 4256 posset,
1721 4135 1989 4239 Violantina,

503 4255 718 4346 instabilis
750 4275 794 4348 et
827 4260 987 4352 debilis
1019 4265 1180 4353 mentis
1201 4265 1300 4352 licet
1322 4261 1501 4353 aliunde
1521 4262 1748 4352 timoratae
1764 4277 1877 4351 esset
1894 4287 1994 4348 con·

503 4377 710 4468 scientiae
741 4384 1016 4476 voluntatem
1048 4387 1263 4490 mutavit,
1300 4402 1344 4476 et
1389 4417 1599 4504 sponsum
1648 4415 1777 4476 suum
1817 4377 1993 4471 Franci·

504 4527 628 4588 scum
660 4502 746 4590 sibi
778 4507 986 4628 copulare
1019 4509 1198 4602 omnino
1232 4509 1464 4600 recusavit.

629 4625 882 4720 Franciscus
915 4630 1048 4750 igitur
1082 4647 1128 4721 ut
1154 4631 1375 4722 irrisiones
1397 4631 1586 4749 lugeret,
1606 4648 1649 4720 et
1673 4631 1805 4721 etiam
1830 4645 1878 4718 ut
1900 4625 1993 4716 ani·

503 4745 565 4834 mi
598 4725 799 4840 dolorein
832 4754 1004 4860 leniret,
1030 4755 1074 4846 in
1108 4754 1358 4844 Americam
1380 4754 1590 4876 perrexit,
1613 4754 1763 4876 ibique
1786 4785 1866 4874 per
1887 4781 1994 4870 qua-

503 4883 607 4958 tuor
637 4870 812 4962 circiter
844 4906 980 4966 anuos
1018 4877 1257 4982 remansit,
1309 4877 1462 4968 labore
1509 4877 1597 4968 sibi
1644 4905 1904 4996 comparans
1940 4902 1998 4986 ea

504 5022 621 5110 quae
654 4993 710 5083 ad
743 4995 860 5087 vitae
892 5001 1253 5090 sustentationem
1287 5015 1390 5092 sunt
1422 5000 1679 5092 necessaria.
1716 4999 1787 5089 Ad
1812 4993 1993 5118 propria

503 5143 720 5226 reversus,
761 5149 940 5211 omnem
974 5122 1132 5212 iterum
1166 5123 1304 5214 movit
1352 5123 1547 5242 lapidem
1583 5141 1630 5214 ut
1662 5149 1872 5242 sponsam
1904 5116 1991 5206 sibi

501 5237 708 5354 copulare
745 5263 915 5362 posset,
949 5262 1016 5336 ast
1049 5276 1230 5338 noscens
1263 5247 1411 5336 omnia
1451 5247 1666 5338 inutiliter
1700 5259 1984 5364 pertentare,

500 5358 865 5476 supplicationem
900 5370 1172 5486 Apostolicae
1203 5367 1307 5460 Sedi
1341 5370 1551 5487 porrexit,
1588 5401 1693 5489 qua,
1729 5368 1869 5456 enixis
1892 5389 1987 5481 pre·

508 5479 647 5587 cibus,
683 5485 945 5581 solutionem
978 5490 1274 5598 Matrimonii,
1313 5491 1623 5584 tautummodo
1656 5489 1736 5580 rati
1759 5517 1860 5580 cum
1892 5485 1995 5576 Vio-
