<?xml version="1.0" encoding="UTF-8"?>
<!DOCTYPE html PUBLIC "-//W3C//DTD XHTML 1.0 Transitional//EN"
    "http://www.w3.org/TR/xhtml1/DTD/xhtml1-transitional.dtd">
<html xmlns="http://www.w3.org/1999/xhtml" xml:lang="en" lang="en">
 <head>
  <title>
</title>
<meta http-equiv="Content-Type" content="text/html;charset=utf-8" />
  <meta name='ocr-system' content='tesseract 3.04.00' />
  <meta name='ocr-capabilities' content='ocr_page ocr_carea ocr_par ocr_line ocrx_word'/>
</head>
<body>
  <div class='ocr_page' id='page_1' title='image "./thesaurusresolu00churgoog_0052.png"; bbox 0 0 4446 6330; ppageno 0'>
   <div class='ocr_carea' id='block_1_1' title="bbox 671 303 1695 432">
    <p class='ocr_par' dir='ltr' id='par_1_1' title="bbox 671 303 1695 432">
     <span class='ocr_line' id='line_1_1' title="bbox 671 303 1695 432; baseline 0.01 -10"><span class='ocrx_word' id='word_1_1' title='bbox 671 335 754 422; x_wconf 87' lang='lat' dir='ltr'><strong>Dic</strong></span> <span class='ocrx_word' id='word_1_2' title='bbox 784 335 845 425; x_wconf 70' lang='lat'><strong>25</strong></span> <span class='ocrx_word' id='word_1_3' title='bbox 878 337 1074 424; x_wconf 79' lang='lat' dir='ltr'><strong><em>Ianuarii</em></strong></span> <span class='ocrx_word' id='word_1_4' title='bbox 1107 337 1245 427; x_wconf 85' lang='grc'><strong>1879.</strong></span> <span class='ocrx_word' id='word_1_5' title='bbox 1472 303 1476 310; x_wconf 27' lang='lat'>¹</span> <span class='ocrx_word' id='word_1_6' title='bbox 1645 346 1695 432; x_wconf 80' lang='lat' dir='ltr'><strong>lrl</strong></span> 
     </span>
    </p>
   </div>
   <div class='ocr_carea' id='block_1_2' title="bbox 123 457 1708 1440">
    <p class='ocr_par' dir='ltr' id='par_1_2' title="bbox 123 457 1708 1041">
     <span class='ocr_line' id='line_1_2' title="bbox 218 457 1701 582; baseline 0.003 -31"><span class='ocrx_word' id='word_1_7' title='bbox 218 461 322 552; x_wconf 90' lang='lat' dir='ltr'><strong>dum</strong></span> <span class='ocrx_word' id='word_1_8' title='bbox 357 485 479 546; x_wconf 89' lang='lat' dir='ltr'><strong>sacro</strong></span> <span class='ocrx_word' id='word_1_9' title='bbox 514 457 678 568; x_wconf 74' lang='lat' dir='ltr'><strong>adstitit</strong></span> <span class='ocrx_word' id='word_1_10' title='bbox 703 460 820 562; x_wconf 91' lang='lat' dir='ltr'><strong>ritui,</strong></span> <span class='ocrx_word' id='word_1_11' title='bbox 848 460 938 548; x_wconf 89' lang='lat' dir='ltr'><strong>imo</strong></span> <span class='ocrx_word' id='word_1_12' title='bbox 957 460 1087 548; x_wconf 85' lang='lat' dir='ltr'><strong>etiarn</strong></span> <span class='ocrx_word' id='word_1_13' title='bbox 1113 461 1323 578; x_wconf 87' lang='lat' dir='ltr'><strong>nuptialis</strong></span> <span class='ocrx_word' id='word_1_14' title='bbox 1344 463 1540 552; x_wconf 88' lang='lat' dir='ltr'><strong>laetitiae</strong></span> <span class='ocrx_word' id='word_1_15' title='bbox 1557 468 1701 582; x_wconf 90' lang='lat' dir='ltr'><strong>parti·</strong></span> 
     </span>
     <span class='ocr_line' id='line_1_3' title="bbox 217 579 1702 702; baseline 0.004 -28"><span class='ocrx_word' id='word_1_16' title='bbox 217 611 315 700; x_wconf 90' lang='lat' dir='ltr'><strong>ceps</strong></span> <span class='ocrx_word' id='word_1_17' title='bbox 350 579 448 685; x_wconf 83' lang='lat' dir='ltr'><strong>tuit,</strong></span> <span class='ocrx_word' id='word_1_18' title='bbox 487 581 697 698; x_wconf 92' lang='lat' dir='ltr'><strong>poculum</strong></span> <span class='ocrx_word' id='word_1_19' title='bbox 734 583 824 670; x_wconf 92' lang='lat' dir='ltr'><strong>vini</strong></span> <span class='ocrx_word' id='word_1_20' title='bbox 868 599 911 670; x_wconf 92' lang='lat' dir='ltr'><strong>et</strong></span> <span class='ocrx_word' id='word_1_21' title='bbox 946 583 1131 672; x_wconf 88' lang='lat' dir='ltr'><strong>bellaria</strong></span> <span class='ocrx_word' id='word_1_22' title='bbox 1174 585 1463 702; x_wconf 83' lang='lat' dir='ltr'><strong>praelibavit3</strong></span> <span class='ocrx_word' id='word_1_23' title='bbox 1503 604 1545 676; x_wconf 90' lang='lat' dir='ltr'><strong>et</strong></span> <span class='ocrx_word' id='word_1_24' title='bbox 1578 587 1702 680; x_wconf 91' lang='lat' dir='ltr'><strong>domi</strong></span> 
     </span>
     <span class='ocr_line' id='line_1_4' title="bbox 123 704 1698 826; baseline 0.003 -30"><span class='ocrx_word' id='word_1_25' title='bbox 123 784 127 796; x_wconf 95' lang='lat'><strong>.</strong></span> <span class='ocrx_word' id='word_1_26' title='bbox 216 735 413 826; x_wconf 88' lang='lat' dir='ltr'><strong>sponsos,</strong></span> <span class='ocrx_word' id='word_1_27' title='bbox 444 721 536 792; x_wconf 85' lang='lat' dir='ltr'><strong>toto</strong></span> <span class='ocrx_word' id='word_1_28' title='bbox 559 704 704 793; x_wconf 91' lang='lat' dir='ltr'><strong>dicam</strong></span> <span class='ocrx_word' id='word_1_29' title='bbox 723 723 766 794; x_wconf 87' lang='lat' dir='ltr'><strong>et</strong></span> <span class='ocrx_word' id='word_1_30' title='bbox 789 723 957 824; x_wconf 89' lang='lat' dir='ltr'><strong>aperte,</strong></span> <span class='ocrx_word' id='word_1_31' title='bbox 985 707 1170 798; x_wconf 84' lang='lat' dir='ltr'><strong>SOLUll</strong></span> <span class='ocrx_word' id='word_1_32' title='bbox 1192 708 1307 800; x_wconf 88' lang='lat' dir='ltr'><strong>CUlll</strong></span> <span class='ocrx_word' id='word_1_33' title='bbox 1339 711 1502 811; x_wconf 74' lang='lat' dir='ltr'><strong>SOLA,</strong></span> <span class='ocrx_word' id='word_1_34' title='bbox 1540 712 1698 800; x_wconf 86' lang='lat' dir='ltr'><strong>absen-</strong></span> 
     </span>
     <span class='ocr_line' id='line_1_5' title="bbox 216 827 1708 950; baseline 0.003 -30"><span class='ocrx_word' id='word_1_35' title='bbox 216 849 259 920; x_wconf 90' lang='lat' dir='ltr'><strong>te</strong></span> <span class='ocrx_word' id='word_1_36' title='bbox 296 841 441 948; x_wconf 89' lang='lat' dir='ltr'><strong>patre,</strong></span> <span class='ocrx_word' id='word_1_37' title='bbox 477 829 658 916; x_wconf 90' lang='lat' dir='ltr'><strong>absente</strong></span> <span class='ocrx_word' id='word_1_38' title='bbox 690 827 840 932; x_wconf 81' lang='lat' dir='ltr'><strong>fratre,</strong></span> <span class='ocrx_word' id='word_1_39' title='bbox 881 848 976 948; x_wconf 90' lang='lat' dir='ltr'><strong>post</strong></span> <span class='ocrx_word' id='word_1_40' title='bbox 1021 835 1306 950; x_wconf 79' lang='lat' dir='ltr'><strong>quamplures</strong></span> <span class='ocrx_word' id='word_1_41' title='bbox 1341 833 1467 920; x_wconf 87' lang='lat' dir='ltr'><strong>horas</strong></span> <span class='ocrx_word' id='word_1_42' title='bbox 1502 865 1526 920; x_wconf 94' lang='lat' dir='ltr'><strong>a</strong></span> <span class='ocrx_word' id='word_1_43' title='bbox 1561 838 1708 924; x_wconf 88' lang='lat' dir='ltr'><strong>matri·</strong></span> 
     </span>
     <span class='ocr_line' id='line_1_6' title="bbox 220 949 646 1041; baseline -0.007 0"><span class='ocrx_word' id='word_1_44' title='bbox 220 951 369 1041; x_wconf 90' lang='lat' dir='ltr'><strong>monio</strong></span> <span class='ocrx_word' id='word_1_45' title='bbox 404 949 646 1038; x_wconf 77' lang='lat' dir='ltr'><strong>adinvenit.</strong></span> 
     </span>
    </p>

    <p class='ocr_par' dir='ltr' id='par_1_3' title="bbox 214 1064 1708 1440">
     <span class='ocr_line' id='line_1_7' title="bbox 338 1064 1707 1194; baseline 0.008 -34"><span class='ocrx_word' id='word_1_46' title='bbox 338 1074 385 1160; x_wconf 74' lang='lat' dir='ltr'><strong>lt.</strong></span> <span class='ocrx_word' id='word_1_47' title='bbox 421 1076 552 1162; x_wconf 85' lang='lat' dir='ltr'><strong>Facta</strong></span> <span class='ocrx_word' id='word_1_48' title='bbox 590 1074 714 1194; x_wconf 85' lang='lat' dir='ltr'><strong>copia</strong></span> <span class='ocrx_word' id='word_1_49' title='bbox 748 1064 957 1164; x_wconf 83' lang='lat' dir='ltr'><strong>harumce</strong></span> <span class='ocrx_word' id='word_1_50' title='bbox 991 1076 1320 1194; x_wconf 77' lang='lat' dir='ltr'><strong>depositionum</strong></span> <span class='ocrx_word' id='word_1_51' title='bbox 1355 1078 1399 1166; x_wconf 93' lang='lat' dir='ltr'><strong>in</strong></span> <span class='ocrx_word' id='word_1_52' title='bbox 1434 1080 1481 1184; x_wconf 87' lang='lat' dir='ltr'><strong>S.</strong></span> <span class='ocrx_word' id='word_1_53' title='bbox 1517 1079 1707 1190; x_wconf 89' lang='lat' dir='ltr'><strong>Ordine,</strong></span> 
     </span>
     <span class='ocr_line' id='line_1_8' title="bbox 215 1197 1707 1320; baseline 0.007 -36"><span class='ocrx_word' id='word_1_54' title='bbox 215 1225 354 1318; x_wconf 89' lang='lat' dir='ltr'><strong>quum</strong></span> <span class='ocrx_word' id='word_1_55' title='bbox 391 1197 502 1284; x_wconf 91' lang='lat' dir='ltr'><strong>nihil</strong></span> <span class='ocrx_word' id='word_1_56' title='bbox 538 1197 649 1287; x_wconf 89' lang='lat' dir='ltr'><strong>ultra</strong></span> <span class='ocrx_word' id='word_1_57' title='bbox 681 1215 793 1288; x_wconf 87' lang='lat' dir='ltr'><strong>esset</strong></span> <span class='ocrx_word' id='word_1_58' title='bbox 815 1199 857 1286; x_wconf 94' lang='lat' dir='ltr'><strong>in</strong></span> <span class='ocrx_word' id='word_1_59' title='bbox 877 1199 1196 1318; x_wconf 78' lang='lat' dir='ltr'><strong>Albinganensi</strong></span> <span class='ocrx_word' id='word_1_60' title='bbox 1215 1201 1347 1290; x_wconf 87' lang='lat' dir='ltr'><strong>Curia</strong></span> <span class='ocrx_word' id='word_1_61' title='bbox 1375 1201 1707 1320; x_wconf 87' lang='lat' dir='ltr'><strong>inquirendum,</strong></span> 
     </span>
     <span class='ocr_line' id='line_1_9' title="bbox 214 1320 1708 1440; baseline 0.006 -31"><span class='ocrx_word' id='word_1_62' title='bbox 214 1320 369 1438; x_wconf 80' lang='lat' dir='ltr'><strong>sategit</strong></span> <span class='ocrx_word' id='word_1_63' title='bbox 401 1321 448 1410; x_wconf 89' lang='lat' dir='ltr'><strong>S.</strong></span> <span class='ocrx_word' id='word_1_64' title='bbox 485 1323 774 1440; x_wconf 78' lang='lat' dir='ltr'><strong>Congregatio</strong></span> <span class='ocrx_word' id='word_1_65' title='bbox 808 1323 1013 1412; x_wconf 85' lang='lat' dir='ltr'><strong>eamdem</strong></span> <span class='ocrx_word' id='word_1_66' title='bbox 1059 1323 1237 1413; x_wconf 87' lang='lat' dir='ltr'><strong>Curiam</strong></span> <span class='ocrx_word' id='word_1_67' title='bbox 1272 1354 1571 1430; x_wconf 91' lang='lat' dir='ltr'><strong>commonere,</strong></span> <span class='ocrx_word' id='word_1_68' title='bbox 1609 1358 1708 1418; x_wconf 83' lang='lat' dir='ltr'><strong>cau·</strong></span> 
     </span>
    </p>
   </div>
   <div class='ocr_carea' id='block_1_3' title="bbox 214 1445 1846 1561">
    <p class='ocr_par' dir='ltr' id='par_1_4' title="bbox 214 1445 1846 1561">
     <span class='ocr_line' id='line_1_10' title="bbox 214 1445 1846 1561; baseline 0.004 -28"><span class='ocrx_word' id='word_1_69' title='bbox 214 1473 304 1533; x_wconf 84' lang='lat' dir='ltr'><strong>sam</strong></span> <span class='ocrx_word' id='word_1_70' title='bbox 327 1471 434 1534; x_wconf 68' lang='lat' dir='ltr'><strong>,esse</strong></span> <span class='ocrx_word' id='word_1_71' title='bbox 467 1445 674 1561; x_wconf 86' lang='lat' dir='ltr'><strong>expeditu</strong></span> <span class='ocrx_word' id='word_1_72' title='bbox 712 1461 946 1550; x_wconf 88' lang='lat' dir='ltr'><strong>maturam,</strong></span> <span class='ocrx_word' id='word_1_73' title='bbox 990 1445 1067 1534; x_wconf 87' lang='lat' dir='ltr'><strong>hac</strong></span> <span class='ocrx_word' id='word_1_74' title='bbox 1090 1445 1146 1534; x_wconf 93' lang='lat' dir='ltr'><strong>de</strong></span> <span class='ocrx_word' id='word_1_75' title='bbox 1172 1477 1293 1536; x_wconf 87' lang='lat' dir='ltr'><strong>more</strong></span> <span class='ocrx_word' id='word_1_76' title='bbox 1325 1445 1401 1534; x_wconf 91' lang='lat' dir='ltr'><strong>die</strong></span> <span class='ocrx_word' id='word_1_77' title='bbox 1430 1450 1479 1534; x_wconf 91' lang='grc'><strong>31</strong></span> <span class='ocrx_word' id='word_1_78' title='bbox 1515 1450 1703 1540; x_wconf 84' lang='lat' dir='ltr'><strong>Novem·</strong></span> <span class='ocrx_word' id='word_1_79' title='bbox 1844 1522 1846 1526; x_wconf 86' lang='lat'><strong>.</strong></span> 
     </span>
    </p>
   </div>
   <div class='ocr_carea' id='block_1_4' title="bbox 211 1566 1765 2425">
    <p class='ocr_par' dir='ltr' id='par_1_5' title="bbox 211 1566 1765 2425">
     <span class='ocr_line' id='line_1_11' title="bbox 212 1566 1765 1685; baseline 0.007 -33"><span class='ocrx_word' id='word_1_80' title='bbox 212 1566 459 1654; x_wconf 74' lang='grc'><strong>13151871</strong></span> <span class='ocrx_word' id='word_1_81' title='bbox 494 1567 635 1656; x_wconf 90' lang='lat' dir='ltr'><strong>elicita</strong></span> <span class='ocrx_word' id='word_1_82' title='bbox 669 1569 937 1657; x_wconf 90' lang='lat' dir='ltr'><strong>iniunctione</strong></span> <span class='ocrx_word' id='word_1_83' title='bbox 974 1609 991 1650; x_wconf 72' lang='grc' dir='ltr'>ι</span> <span class='ocrx_word' id='word_1_84' title='bbox 1025 1571 1072 1662; x_wconf 85' lang='lat' dir='ltr'><em>V</em></span> <span class='ocrx_word' id='word_1_85' title='bbox 1069 1571 1206 1658; x_wconf 86' lang='lat' dir='ltr'><strong>ocetrn·</strong></span> <span class='ocrx_word' id='word_1_86' title='bbox 1229 1569 1368 1685; x_wconf 78' lang='lat' dir='ltr'><strong>Apens</strong></span> <span class='ocrx_word' id='word_1_87' title='bbox 1398 1613 1437 1658; x_wconf 70' lang='grc' dir='ltr'><strong>ι.</strong></span> <span class='ocrx_word' id='word_1_88' title='bbox 1463 1570 1700 1662; x_wconf 89' lang='lat' dir='ltr'><strong>Obdormi·</strong></span> <span class='ocrx_word' id='word_1_89' title='bbox 1759 1615 1765 1621; x_wconf 93' lang='lat'><strong>·</strong></span> 
     </span>
     <span class='ocr_line' id='line_1_12' title="bbox 211 1688 1692 1796; baseline 0.005 -19"><span class='ocrx_word' id='word_1_90' title='bbox 211 1688 274 1777; x_wconf 85' lang='lat' dir='ltr'><strong>vit</strong></span> <span class='ocrx_word' id='word_1_91' title='bbox 311 1707 614 1780; x_wconf 69' lang='lat' dir='ltr'><strong>verumtamen</strong></span> <span class='ocrx_word' id='word_1_92' title='bbox 654 1691 802 1796; x_wconf 82' lang='lat' dir='ltr'><strong>Cutia3</strong></span> <span class='ocrx_word' id='word_1_93' title='bbox 839 1691 1176 1782; x_wconf 87' lang='lat' dir='ltr'><strong>obdormierunt</strong></span> <span class='ocrx_word' id='word_1_94' title='bbox 1213 1694 1375 1796; x_wconf 89' lang='lat' dir='ltr'><strong>Partes;</strong></span> <span class='ocrx_word' id='word_1_95' title='bbox 1414 1692 1692 1784; x_wconf 89' lang='lat' dir='ltr'><strong>obdormivit</strong></span> 
     </span>
     <span class='ocr_line' id='line_1_13' title="bbox 212 1815 1707 1936; baseline 0.006 -36"><span class='ocrx_word' id='word_1_96' title='bbox 212 1815 363 1931; x_wconf 80' lang='lat' dir='ltr'><strong>Agens</strong></span> <span class='ocrx_word' id='word_1_97' title='bbox 398 1815 599 1931; x_wconf 91' lang='lat' dir='ltr'><strong>perinde;</strong></span> <span class='ocrx_word' id='word_1_98' title='bbox 633 1817 754 1906; x_wconf 90' lang='lat' dir='ltr'><strong>unde</strong></span> <span class='ocrx_word' id='word_1_99' title='bbox 788 1815 842 1904; x_wconf 91' lang='lat' dir='ltr'><strong>ad</strong></span> <span class='ocrx_word' id='word_1_100' title='bbox 865 1846 1073 1936; x_wconf 76' lang='lat' dir='ltr'><strong>praesens</strong></span> <span class='ocrx_word' id='word_1_101' title='bbox 1108 1847 1245 1934; x_wconf 90' lang='lat' dir='ltr'><strong>usque</strong></span> <span class='ocrx_word' id='word_1_102' title='bbox 1281 1833 1453 1930; x_wconf 90' lang='lat' dir='ltr'><strong>tempus</strong></span> <span class='ocrx_word' id='word_1_103' title='bbox 1486 1819 1707 1931; x_wconf 84' lang='lat' dir='ltr'><strong>protelata</strong></span> 
     </span>
     <span class='ocr_line' id='line_1_14' title="bbox 213 1937 1704 2058; baseline 0.003 -34"><span class='ocrx_word' id='word_1_104' title='bbox 213 1955 277 2025; x_wconf 89' lang='lat' dir='ltr'><strong>est</strong></span> <span class='ocrx_word' id='word_1_105' title='bbox 313 1969 457 2026; x_wconf 88' lang='lat' dir='ltr'><strong>causa.</strong></span> <span class='ocrx_word' id='word_1_106' title='bbox 497 1937 785 2027; x_wconf 87' lang='lat' dir='ltr'><strong>Nihilominus</strong></span> <span class='ocrx_word' id='word_1_107' title='bbox 829 1939 1200 2058; x_wconf 86' lang='lat' dir='ltr'><strong>praeclarissimus</strong></span> <span class='ocrx_word' id='word_1_108' title='bbox 1232 1939 1464 2055; x_wconf 90' lang='lat' dir='ltr'><strong>Consultor</strong></span> <span class='ocrx_word' id='word_1_109' title='bbox 1502 1939 1704 2028; x_wconf 88' lang='lat' dir='ltr'><strong>Canoni-</strong></span> 
     </span>
     <span class='ocr_line' id='line_1_15' title="bbox 211 2059 1757 2180; baseline 0.003 -32"><span class='ocrx_word' id='word_1_110' title='bbox 211 2075 292 2162; x_wconf 90' lang='lat' dir='ltr'><strong>sta,</strong></span> <span class='ocrx_word' id='word_1_111' title='bbox 335 2059 463 2149; x_wconf 87' lang='lat' dir='ltr'><strong>valde</strong></span> <span class='ocrx_word' id='word_1_112' title='bbox 496 2060 690 2180; x_wconf 88' lang='lat' dir='ltr'><strong>alioquin</strong></span> <span class='ocrx_word' id='word_1_113' title='bbox 725 2061 905 2178; x_wconf 90' lang='lat' dir='ltr'><strong>peritus,</strong></span> <span class='ocrx_word' id='word_1_114' title='bbox 940 2075 985 2149; x_wconf 90' lang='lat' dir='ltr'><strong>et</strong></span> <span class='ocrx_word' id='word_1_115' title='bbox 1023 2063 1079 2152; x_wconf 90' lang='lat' dir='ltr'><strong>de</strong></span> <span class='ocrx_word' id='word_1_116' title='bbox 1116 2063 1195 2151; x_wconf 92' lang='lat' dir='ltr'><strong>hac</strong></span> <span class='ocrx_word' id='word_1_117' title='bbox 1217 2066 1262 2154; x_wconf 87' lang='lat' dir='ltr'><strong>S.</strong></span> <span class='ocrx_word' id='word_1_118' title='bbox 1289 2062 1635 2180; x_wconf 77' lang='lat' dir='ltr'><strong>Congregatione</strong></span> <span class='ocrx_word' id='word_1_119' title='bbox 1656 2065 1700 2152; x_wconf 95' lang='lat' dir='ltr'><strong>in</strong></span> <span class='ocrx_word' id='word_1_120' title='bbox 1756 2079 1757 2082; x_wconf 66' lang='lat'>‘</span> 
     </span>
     <span class='ocr_line' id='line_1_16' title="bbox 211 2183 1702 2305; baseline 0.003 -33"><span class='ocrx_word' id='word_1_121' title='bbox 211 2183 614 2305; x_wconf 74' lang='lat' dir='ltr'><strong>matrimonialibus</strong></span> <span class='ocrx_word' id='word_1_122' title='bbox 647 2185 904 2300; x_wconf 87' lang='lat' dir='ltr'><strong>praesertim</strong></span> <span class='ocrx_word' id='word_1_123' title='bbox 939 2187 1080 2274; x_wconf 89' lang='lat' dir='ltr'><strong>causis</strong></span> <span class='ocrx_word' id='word_1_124' title='bbox 1116 2187 1285 2303; x_wconf 90' lang='lat' dir='ltr'><strong>optime</strong></span> <span class='ocrx_word' id='word_1_125' title='bbox 1323 2183 1538 2287; x_wconf 90' lang='lat' dir='ltr'><strong>meritus,</strong></span> <span class='ocrx_word' id='word_1_126' title='bbox 1580 2217 1702 2277; x_wconf 90' lang='lat' dir='ltr'><strong>erro-</strong></span> 
     </span>
     <span class='ocr_line' id='line_1_17' title="bbox 215 2307 1696 2425; baseline 0.005 -32"><span class='ocrx_word' id='word_1_127' title='bbox 215 2337 298 2394; x_wconf 89' lang='lat' dir='ltr'><strong>nee</strong></span> <span class='ocrx_word' id='word_1_128' title='bbox 332 2307 600 2411; x_wconf 84' lang='lat' dir='ltr'><strong>existimans,</strong></span> <span class='ocrx_word' id='word_1_129' title='bbox 636 2308 1006 2425; x_wconf 69' lang='lat' dir='ltr'><strong>complementum</strong></span> <span class='ocrx_word' id='word_1_130' title='bbox 1042 2325 1235 2397; x_wconf 87' lang='lat' dir='ltr'><strong>actorum</strong></span> <span class='ocrx_word' id='word_1_131' title='bbox 1270 2339 1359 2395; x_wconf 92' lang='lat' dir='ltr'><strong>non</strong></span> <span class='ocrx_word' id='word_1_132' title='bbox 1398 2325 1501 2395; x_wconf 88' lang='lat' dir='ltr'><strong>ante</strong></span> <span class='ocrx_word' id='word_1_133' title='bbox 1525 2340 1548 2394; x_wconf 92' lang='lat' dir='ltr'><strong>a</strong></span> <span class='ocrx_word' id='word_1_134' title='bbox 1571 2309 1616 2397; x_wconf 92' lang='lat' dir='ltr'><strong>S.</strong></span> <span class='ocrx_word' id='word_1_135' title='bbox 1642 2314 1696 2400; x_wconf 90' lang='lat' dir='ltr'><strong>H.</strong></span> 
     </span>
    </p>
   </div>
   <div class='ocr_carea' id='block_1_5' title="bbox 208 2429 1846 2550">
    <p class='ocr_par' dir='ltr' id='par_1_6' title="bbox 208 2429 1846 2550">
     <span class='ocr_line' id='line_1_18' title="bbox 208 2429 1846 2550; baseline 0.002 -31"><span class='ocrx_word' id='word_1_136' title='bbox 208 2432 262 2519; x_wconf 87' lang='lat'><strong>0.</strong></span> <span class='ocrx_word' id='word_1_137' title='bbox 303 2429 435 2518; x_wconf 87' lang='lat' dir='ltr'><strong>luisse</strong></span> <span class='ocrx_word' id='word_1_138' title='bbox 483 2431 768 2534; x_wconf 89' lang='lat' dir='ltr'><strong>iniunctum,</strong></span> <span class='ocrx_word' id='word_1_139' title='bbox 819 2459 955 2550; x_wconf 90' lang='lat' dir='ltr'><strong>quarn</strong></span> <span class='ocrx_word' id='word_1_140' title='bbox 1000 2450 1096 2548; x_wconf 87' lang='lat' dir='ltr'><strong>post</strong></span> <span class='ocrx_word' id='word_1_141' title='bbox 1142 2461 1301 2520; x_wconf 88' lang='lat' dir='ltr'><strong>novam</strong></span> <span class='ocrx_word' id='word_1_142' title='bbox 1342 2429 1704 2522; x_wconf 84' lang='lat' dir='ltr'><strong>informationem</strong></span> <span class='ocrx_word' id='word_1_143' title='bbox 1842 2511 1846 2521; x_wconf 86' lang='grc'>,</span> 
     </span>
    </p>
   </div>
   <div class='ocr_carea' id='block_1_6' title="bbox 207 2553 1706 2906">
    <p class='ocr_par' dir='ltr' id='par_1_7' title="bbox 207 2553 1706 2906">
     <span class='ocr_line' id='line_1_19' title="bbox 211 2553 1704 2672; baseline 0.003 -32"><span class='ocrx_word' id='word_1_144' title='bbox 211 2554 268 2640; x_wconf 90' lang='lat' dir='ltr'><strong>ab</strong></span> <span class='ocrx_word' id='word_1_145' title='bbox 304 2553 539 2642; x_wconf 85' lang='lat' dir='ltr'><strong>Ordinario</strong></span> <span class='ocrx_word' id='word_1_146' title='bbox 575 2554 812 2660; x_wconf 85' lang='lat' dir='ltr'><strong>redditam,</strong></span> <span class='ocrx_word' id='word_1_147' title='bbox 849 2554 1028 2672; x_wconf 88' lang='lat' dir='ltr'><strong>quando</strong></span> <span class='ocrx_word' id='word_1_148' title='bbox 1063 2585 1222 2672; x_wconf 88' lang='lat' dir='ltr'><strong>nempe</strong></span> <span class='ocrx_word' id='word_1_149' title='bbox 1255 2555 1329 2642; x_wconf 91' lang='lat' dir='ltr'><strong>die</strong></span> <span class='ocrx_word' id='word_1_150' title='bbox 1364 2555 1422 2640; x_wconf 87' lang='grc'><strong>15</strong></span> <span class='ocrx_word' id='word_1_151' title='bbox 1457 2555 1597 2642; x_wconf 84' lang='lat' dir='ltr'><strong>llartii</strong></span> <span class='ocrx_word' id='word_1_152' title='bbox 1635 2587 1704 2644; x_wconf 90' lang='lat' dir='ltr'><strong>sn·</strong></span> 
     </span>
     <span class='ocr_line' id='line_1_20' title="bbox 209 2675 1706 2792; baseline 0.001 -28"><span class='ocrx_word' id='word_1_153' title='bbox 209 2676 397 2792; x_wconf 85' lang='lat' dir='ltr'><strong>periuris</strong></span> <span class='ocrx_word' id='word_1_154' title='bbox 431 2678 685 2767; x_wconf 86' lang='grc'><strong>33311878</strong></span> <span class='ocrx_word' id='word_1_155' title='bbox 720 2679 777 2767; x_wconf 92' lang='lat' dir='ltr'><strong>de</strong></span> <span class='ocrx_word' id='word_1_156' title='bbox 810 2677 942 2778; x_wconf 92' lang='lat' dir='ltr'><strong>civili,</strong></span> <span class='ocrx_word' id='word_1_157' title='bbox 980 2696 1025 2766; x_wconf 90' lang='lat' dir='ltr'><strong>ut</strong></span> <span class='ocrx_word' id='word_1_158' title='bbox 1059 2679 1200 2782; x_wconf 90' lang='lat' dir='ltr'><strong>aiunt,</strong></span> <span class='ocrx_word' id='word_1_159' title='bbox 1240 2675 1463 2766; x_wconf 90' lang='lat' dir='ltr'><strong>connubio</strong></span> <span class='ocrx_word' id='word_1_160' title='bbox 1501 2707 1525 2763; x_wconf 90' lang='lat' dir='ltr'><strong>a</strong></span> <span class='ocrx_word' id='word_1_161' title='bbox 1560 2679 1706 2766; x_wconf 85' lang='lat' dir='ltr'><strong>Fran-</strong></span> 
     </span>
     <span class='ocr_line' id='line_1_21' title="bbox 207 2799 1705 2906; baseline 0.002 -20"><span class='ocrx_word' id='word_1_162' title='bbox 207 2799 322 2887; x_wconf 88' lang='lat' dir='ltr'><strong>cisco</strong></span> <span class='ocrx_word' id='word_1_163' title='bbox 355 2832 454 2888; x_wconf 91' lang='lat' dir='ltr'><strong>cnm</strong></span> <span class='ocrx_word' id='word_1_164' title='bbox 491 2799 575 2888; x_wconf 90' lang='lat' dir='ltr'><strong>alia</strong></span> <span class='ocrx_word' id='word_1_165' title='bbox 610 2801 795 2890; x_wconf 89' lang='lat' dir='ltr'><strong>muliere</strong></span> <span class='ocrx_word' id='word_1_166' title='bbox 830 2815 1067 2906; x_wconf 89' lang='lat' dir='ltr'><strong>contracto,</strong></span> <span class='ocrx_word' id='word_1_167' title='bbox 1109 2802 1341 2889; x_wconf 87' lang='lat' dir='ltr'><strong>certiorem</strong></span> <span class='ocrx_word' id='word_1_168' title='bbox 1378 2799 1478 2887; x_wconf 87' lang='lat' dir='ltr'><strong>lecit</strong></span> <span class='ocrx_word' id='word_1_169' title='bbox 1501 2800 1547 2888; x_wconf 91' lang='lat' dir='ltr'><strong>S.</strong></span> <span class='ocrx_word' id='word_1_170' title='bbox 1574 2801 1705 2890; x_wconf 83' lang='lat' dir='ltr'><strong>Ordi-</strong></span> 
     </span>
    </p>
   </div>
   <div class='ocr_carea' id='block_1_7' title="bbox 210 2923 1852 3043">
    <p class='ocr_par' dir='ltr' id='par_1_8' title="bbox 210 2923 1852 3043">
     <span class='ocr_line' id='line_1_22' title="bbox 210 2923 1852 3043; baseline 0.002 -35"><span class='ocrx_word' id='word_1_171' title='bbox 210 2947 333 3011; x_wconf 86' lang='lat' dir='ltr'><strong>nem.</strong></span> <span class='ocrx_word' id='word_1_172' title='bbox 376 2924 693 3035; x_wconf 82' lang='lat' dir='ltr'><strong>anntnrnxirnc</strong></span> <span class='ocrx_word' id='word_1_173' title='bbox 725 2923 886 3012; x_wconf 83' lang='lat' dir='ltr'><strong>exinde</strong></span> <span class='ocrx_word' id='word_1_174' title='bbox 920 2924 1073 3013; x_wconf 88' lang='lat' dir='ltr'><strong>dolere</strong></span> <span class='ocrx_word' id='word_1_175' title='bbox 1106 2923 1336 3043; x_wconf 86' lang='lat' dir='ltr'><strong>profitetur</strong></span> <span class='ocrx_word' id='word_1_176' title='bbox 1369 2923 1562 3042; x_wconf 88' lang='lat' dir='ltr'><strong>optimus</strong></span> <span class='ocrx_word' id='word_1_177' title='bbox 1595 2926 1706 3013; x_wconf 85' lang='lat' dir='ltr'><strong>Con·</strong></span> <span class='ocrx_word' id='word_1_178' title='bbox 1850 2991 1852 3000; x_wconf 62' lang='lat'><strong>.</strong></span> 
     </span>
    </p>
   </div>
   <div class='ocr_carea' id='block_1_8' title="bbox 114 3045 1717 4879">
    <p class='ocr_par' dir='ltr' id='par_1_9' title="bbox 208 3045 1707 3908">
     <span class='ocr_line' id='line_1_23' title="bbox 208 3045 1704 3166; baseline 0.001 -32"><span class='ocrx_word' id='word_1_179' title='bbox 208 3047 366 3154; x_wconf 92' lang='lat' dir='ltr'><strong>sultor,</strong></span> <span class='ocrx_word' id='word_1_180' title='bbox 398 3047 519 3166; x_wconf 91' lang='lat' dir='ltr'><strong>qnod</strong></span> <span class='ocrx_word' id='word_1_181' title='bbox 553 3047 671 3136; x_wconf 92' lang='lat' dir='ltr'><strong>idem</strong></span> <span class='ocrx_word' id='word_1_182' title='bbox 707 3047 960 3136; x_wconf 84' lang='lat' dir='ltr'><strong>Franciscus</strong></span> <span class='ocrx_word' id='word_1_183' title='bbox 990 3089 1005 3124; x_wconf 73' lang='lat' dir='ltr'><strong>r</strong></span> <span class='ocrx_word' id='word_1_184' title='bbox 1035 3062 1132 3164; x_wconf 90' lang='lat' dir='ltr'><strong>post</strong></span> <span class='ocrx_word' id='word_1_185' title='bbox 1148 3047 1410 3137; x_wconf 88' lang='lat' dir='ltr'><strong>decennium</strong></span> <span class='ocrx_word' id='word_1_186' title='bbox 1432 3077 1456 3134; x_wconf 92' lang='lat' dir='ltr'><strong>a</strong></span> <span class='ocrx_word' id='word_1_187' title='bbox 1478 3045 1704 3136; x_wconf 90' lang='lat' dir='ltr'><strong>matrimo-</strong></span> 
     </span>
     <span class='ocr_line' id='line_1_24' title="bbox 216 3169 1696 3277; baseline 0.001 -21"><span class='ocrx_word' id='word_1_188' title='bbox 216 3210 231 3246; x_wconf 82' lang='lat'>‹</span> <span class='ocrx_word' id='word_1_189' title='bbox 276 3170 348 3258; x_wconf 91' lang='lat' dir='ltr'><strong>nio</strong></span> <span class='ocrx_word' id='word_1_190' title='bbox 419 3171 463 3257; x_wconf 96' lang='lat' dir='ltr'><strong>in</strong></span> <span class='ocrx_word' id='word_1_191' title='bbox 514 3171 670 3260; x_wconf 88' lang='lat' dir='ltr'><strong>laciem</strong></span> <span class='ocrx_word' id='word_1_192' title='bbox 725 3170 938 3261; x_wconf 81' lang='lat' dir='ltr'><strong>Ecclesiae</strong></span> <span class='ocrx_word' id='word_1_193' title='bbox 985 3199 1083 3258; x_wconf 94' lang='lat' dir='ltr'><strong>cum</strong></span> <span class='ocrx_word' id='word_1_194' title='bbox 1142 3169 1393 3272; x_wconf 87' lang='lat' dir='ltr'><strong>Violantina</strong></span> <span class='ocrx_word' id='word_1_195' title='bbox 1438 3185 1696 3277; x_wconf 87' lang='lat' dir='ltr'><strong>contracto,</strong></span> 
     </span>
     <span class='ocr_line' id='line_1_25' title="bbox 218 3290 1704 3412; baseline 0.001 -32"><span class='ocrx_word' id='word_1_196' title='bbox 218 3333 233 3368; x_wconf 75' lang='grc' dir='ltr'>ι</span> <span class='ocrx_word' id='word_1_197' title='bbox 278 3323 366 3380; x_wconf 86' lang='grc'><strong>333</strong></span> <span class='ocrx_word' id='word_1_198' title='bbox 388 3293 536 3382; x_wconf 89' lang='lat' dir='ltr'><strong>valens</strong></span> <span class='ocrx_word' id='word_1_199' title='bbox 568 3325 647 3412; x_wconf 88' lang='lat' dir='ltr'><strong>pro</strong></span> <span class='ocrx_word' id='word_1_200' title='bbox 679 3327 752 3384; x_wconf 89' lang='lat' dir='ltr'><strong>sua</strong></span> <span class='ocrx_word' id='word_1_201' title='bbox 779 3294 962 3382; x_wconf 88' lang='lat' dir='ltr'><strong>florente</strong></span> <span class='ocrx_word' id='word_1_202' title='bbox 986 3307 1125 3382; x_wconf 89' lang='lat' dir='ltr'><strong>aetate</strong></span> <span class='ocrx_word' id='word_1_203' title='bbox 1147 3325 1192 3382; x_wconf 92' lang='lat' dir='ltr'><strong>se</strong></span> <span class='ocrx_word' id='word_1_204' title='bbox 1215 3293 1453 3398; x_wconf 88' lang='lat' dir='ltr'><strong>continere,</strong></span> <span class='ocrx_word' id='word_1_205' title='bbox 1490 3321 1513 3378; x_wconf 89' lang='grc'><strong>3</strong></span> <span class='ocrx_word' id='word_1_206' title='bbox 1548 3290 1704 3412; x_wconf 90' lang='lat' dir='ltr'><strong>despe-</strong></span> 
     </span>
     <span class='ocr_line' id='line_1_26' title="bbox 217 3413 1706 3536; baseline 0.003 -34"><span class='ocrx_word' id='word_1_207' title='bbox 217 3456 233 3492; x_wconf 83' lang='lat'><strong>«</strong></span> <span class='ocrx_word' id='word_1_208' title='bbox 276 3415 446 3504; x_wconf 89' lang='lat' dir='ltr'><strong>ratione</strong></span> <span class='ocrx_word' id='word_1_209' title='bbox 476 3418 700 3536; x_wconf 88' lang='lat' dir='ltr'><strong>abreptus,</strong></span> <span class='ocrx_word' id='word_1_210' title='bbox 729 3435 776 3506; x_wconf 92' lang='lat' dir='ltr'><strong>ut</strong></span> <span class='ocrx_word' id='word_1_211' title='bbox 800 3418 860 3504; x_wconf 90' lang='lat' dir='ltr'><strong>ait</strong></span> <span class='ocrx_word' id='word_1_212' title='bbox 882 3417 1134 3536; x_wconf 87' lang='lat' dir='ltr'><strong>Episcopus,</strong></span> <span class='ocrx_word' id='word_1_213' title='bbox 1172 3413 1403 3505; x_wconf 91' lang='lat' dir='ltr'><strong>obtinendi</strong></span> <span class='ocrx_word' id='word_1_214' title='bbox 1438 3448 1462 3505; x_wconf 91' lang='lat' dir='ltr'><strong>a</strong></span> <span class='ocrx_word' id='word_1_215' title='bbox 1503 3417 1550 3506; x_wconf 89' lang='lat' dir='ltr'><strong>S.</strong></span> <span class='ocrx_word' id='word_1_216' title='bbox 1592 3416 1706 3506; x_wconf 87' lang='lat' dir='ltr'><strong>Sede</strong></span> 
     </span>
     <span class='ocr_line' id='line_1_27' title="bbox 216 3539 1707 3660; baseline 0.001 -34"><span class='ocrx_word' id='word_1_217' title='bbox 216 3575 231 3616; x_wconf 74' lang='grc' dir='ltr'>ι</span> <span class='ocrx_word' id='word_1_218' title='bbox 276 3539 555 3656; x_wconf 82' lang='lat' dir='ltr'><strong>imploratam</strong></span> <span class='ocrx_word' id='word_1_219' title='bbox 589 3541 961 3660; x_wconf 88' lang='lat' dir='ltr'><strong>dispensationem</strong></span> <span class='ocrx_word' id='word_1_220' title='bbox 994 3573 1094 3629; x_wconf 87' lang='lat' dir='ltr'><strong>curn</strong></span> <span class='ocrx_word' id='word_1_221' title='bbox 1131 3541 1265 3628; x_wconf 88' lang='lat' dir='ltr'><strong>altera</strong></span> <span class='ocrx_word' id='word_1_222' title='bbox 1299 3539 1488 3626; x_wconf 87' lang='lat' dir='ltr'><strong>muliere</strong></span> <span class='ocrx_word' id='word_1_223' title='bbox 1522 3565 1571 3625; x_wconf 87' lang='lat' dir='ltr'><strong>se</strong></span> <span class='ocrx_word' id='word_1_224' title='bbox 1604 3539 1707 3627; x_wconf 90' lang='lat' dir='ltr'><strong>civi-</strong></span> 
     </span>
     <span class='ocr_line' id='line_1_28' title="bbox 215 3655 1701 3784; baseline -0.001 -33"><span class='ocrx_word' id='word_1_225' title='bbox 215 3701 231 3739; x_wconf 81' lang='lat'><strong>«</strong></span> <span class='ocrx_word' id='word_1_226' title='bbox 277 3663 377 3752; x_wconf 86' lang='lat' dir='ltr'><strong>liter</strong></span> <span class='ocrx_word' id='word_1_227' title='bbox 409 3655 649 3780; x_wconf 88' lang='lat' dir='ltr'><strong>copulavit,</strong></span> <span class='ocrx_word' id='word_1_228' title='bbox 687 3693 875 3784; x_wconf 87' lang='lat' dir='ltr'><strong>quacum</strong></span> <span class='ocrx_word' id='word_1_229' title='bbox 909 3663 1090 3752; x_wconf 90' lang='lat' dir='ltr'><strong>biennio</strong></span> <span class='ocrx_word' id='word_1_230' title='bbox 1142 3662 1284 3751; x_wconf 85' lang='lat' dir='ltr'><strong>vixit!</strong></span> <span class='ocrx_word' id='word_1_231' title='bbox 1328 3699 1345 3740; x_wconf 69' lang='grc' dir='ltr'><strong><em>ι</em></strong></span> <span class='ocrx_word' id='word_1_232' title='bbox 1386 3661 1527 3782; x_wconf 85' lang='lat' dir='ltr'><strong>(Vct.</strong></span> <span class='ocrx_word' id='word_1_233' title='bbox 1565 3660 1701 3749; x_wconf 85' lang='lat' dir='ltr'><strong>Cono-</strong></span> 
     </span>
     <span class='ocr_line' id='line_1_29' title="bbox 211 3785 532 3908; baseline 0.012 -37"><span class='ocrx_word' id='word_1_234' title='bbox 211 3785 414 3907; x_wconf 72' lang='grc'><strong>3131338.</strong></span> <span class='ocrx_word' id='word_1_235' title='bbox 451 3789 532 3908; x_wconf 84' lang='lat'><strong>7.)</strong></span> 
     </span>
    </p>

    <p class='ocr_par' dir='ltr' id='par_1_10' title="bbox 114 3905 1717 4879">
     <span class='ocr_line' id='line_1_30' title="bbox 336 3905 1707 4030; baseline -0.001 -34"><span class='ocrx_word' id='word_1_236' title='bbox 336 3911 384 3997; x_wconf 85' lang='lat'><strong>5.</strong></span> <span class='ocrx_word' id='word_1_237' title='bbox 422 3912 527 4016; x_wconf 89' lang='lat' dir='ltr'><strong>lloc,</strong></span> <span class='ocrx_word' id='word_1_238' title='bbox 567 3914 781 4030; x_wconf 88' lang='lat' dir='ltr'><strong>inquam,</strong></span> <span class='ocrx_word' id='word_1_239' title='bbox 820 3941 1003 4000; x_wconf 89' lang='lat' dir='ltr'><strong>erronee</strong></span> <span class='ocrx_word' id='word_1_240' title='bbox 1046 3908 1312 3999; x_wconf 88' lang='lat' dir='ltr'><strong>existimavit</strong></span> <span class='ocrx_word' id='word_1_241' title='bbox 1354 3905 1593 3996; x_wconf 88' lang='lat' dir='ltr'><strong>Canonista</strong></span> <span class='ocrx_word' id='word_1_242' title='bbox 1640 3907 1707 3994; x_wconf 87' lang='lat' dir='ltr'><strong>oh</strong></span> 
     </span>
     <span class='ocr_line' id='line_1_31' title="bbox 209 4029 1717 4152; baseline 0.001 -35"><span class='ocrx_word' id='word_1_243' title='bbox 209 4029 428 4150; x_wconf 80' lang='lat' dir='ltr'><strong>insignem</strong></span> <span class='ocrx_word' id='word_1_244' title='bbox 465 4035 866 4136; x_wconf 88' lang='lat' dir='ltr'><strong>anachronismum,</strong></span> <span class='ocrx_word' id='word_1_245' title='bbox 903 4036 947 4121; x_wconf 92' lang='lat' dir='ltr'><strong>in</strong></span> <span class='ocrx_word' id='word_1_246' title='bbox 983 4063 1115 4152; x_wconf 89' lang='lat' dir='ltr'><strong>quem</strong></span> <span class='ocrx_word' id='word_1_247' title='bbox 1151 4049 1267 4122; x_wconf 89' lang='lat' dir='ltr'><strong>sorte</strong></span> <span class='ocrx_word' id='word_1_248' title='bbox 1301 4030 1469 4136; x_wconf 91' lang='lat' dir='ltr'><strong>incidit,</strong></span> <span class='ocrx_word' id='word_1_249' title='bbox 1496 4029 1613 4149; x_wconf 92' lang='lat' dir='ltr'><strong>quod</strong></span> <span class='ocrx_word' id='word_1_250' title='bbox 1641 4031 1717 4118; x_wconf 64' lang='lat' dir='ltr'><strong>ni·‘</strong></span> 
     </span>
     <span class='ocr_line' id='line_1_32' title="bbox 211 4153 1702 4275; baseline -0.001 -34"><span class='ocrx_word' id='word_1_251' title='bbox 211 4155 375 4242; x_wconf 89' lang='lat' dir='ltr'><strong>mirum</strong></span> <span class='ocrx_word' id='word_1_252' title='bbox 425 4159 627 4274; x_wconf 90' lang='lat' dir='ltr'><strong>superius</strong></span> <span class='ocrx_word' id='word_1_253' title='bbox 676 4158 934 4275; x_wconf 88' lang='lat' dir='ltr'><strong>rescriptum</strong></span> <span class='ocrx_word' id='word_1_254' title='bbox 973 4157 1064 4246; x_wconf 92' lang='lat' dir='ltr'><strong>diei</strong></span> <span class='ocrx_word' id='word_1_255' title='bbox 1115 4159 1146 4246; x_wconf 81' lang='lat'><strong>2</strong></span> <span class='ocrx_word' id='word_1_256' title='bbox 1194 4155 1449 4246; x_wconf 77' lang='grc'><strong>1113111871</strong></span> <span class='ocrx_word' id='word_1_257' title='bbox 1487 4189 1515 4232; x_wconf 46' lang='grc' dir='ltr'><strong>γι</strong></span> <span class='ocrx_word' id='word_1_258' title='bbox 1558 4153 1702 4268; x_wconf 82' lang='lat' dir='ltr'><strong>exple-</strong></span> 
     </span>
     <span class='ocr_line' id='line_1_33' title="bbox 114 4274 1699 4399; baseline 0 -35"><span class='ocrx_word' id='word_1_259' title='bbox 114 4274 118 4280; x_wconf 73' lang='grc'><strong>’</strong></span> <span class='ocrx_word' id='word_1_260' title='bbox 208 4295 338 4365; x_wconf 84' lang='lat' dir='ltr'><strong>untur</strong></span> <span class='ocrx_word' id='word_1_261' title='bbox 389 4295 483 4369; x_wconf 82' lang='lat' dir='ltr'><strong>octa</strong></span> <span class='ocrx_word' id='word_1_262' title='bbox 531 4313 792 4398; x_wconf 81' lang='lat' dir='ltr'><strong>processus·</strong></span> <span class='ocrx_word' id='word_1_263' title='bbox 842 4280 1033 4370; x_wconf 91' lang='lat' dir='ltr'><strong>elicitum</strong></span> <span class='ocrx_word' id='word_1_264' title='bbox 1073 4277 1343 4399; x_wconf 85' lang='lat' dir='ltr'><strong>reputaverit</strong></span> <span class='ocrx_word' id='word_1_265' title='bbox 1377 4293 1699 4398; x_wconf 88' lang='lat' dir='ltr'><strong>atqueproces-</strong></span> 
     </span>
     <span class='ocr_line' id='line_1_34' title="bbox 210 4401 1703 4524; baseline -0.002 -36"><span class='ocrx_word' id='word_1_266' title='bbox 210 4431 308 4488; x_wconf 90' lang='lat' dir='ltr'><strong>sum</strong></span> <span class='ocrx_word' id='word_1_267' title='bbox 344 4432 489 4522; x_wconf 87' lang='lat' dir='ltr'><strong>prope</strong></span> <span class='ocrx_word' id='word_1_268' title='bbox 522 4437 575 4494; x_wconf 88' lang='lat' dir='ltr'><strong>ex</strong></span> <span class='ocrx_word' id='word_1_269' title='bbox 619 4405 789 4524; x_wconf 84' lang='lat' dir='ltr'><strong>integro</strong></span> <span class='ocrx_word' id='word_1_270' title='bbox 826 4404 1076 4494; x_wconf 90' lang='lat' dir='ltr'><strong>conlectum</strong></span> <span class='ocrx_word' id='word_1_271' title='bbox 1121 4401 1422 4522; x_wconf 89' lang='lat' dir='ltr'><strong>percensuerit</strong></span> <span class='ocrx_word' id='word_1_272' title='bbox 1471 4416 1560 4487; x_wconf 89' lang='lat' dir='ltr'><strong>tum</strong></span> <span class='ocrx_word' id='word_1_273' title='bbox 1601 4427 1703 4486; x_wconf 88' lang='lat' dir='ltr'><strong>cum</strong></span> 
     </span>
     <span class='ocr_line' id='line_1_35' title="bbox 208 4521 1700 4646; baseline -0.005 -32"><span class='ocrx_word' id='word_1_274' title='bbox 208 4523 255 4614; x_wconf 90' lang='lat' dir='ltr'><strong>S.</strong></span> <span class='ocrx_word' id='word_1_275' title='bbox 290 4527 581 4646; x_wconf 80' lang='lat' dir='ltr'><strong>Congregatio</strong></span> <span class='ocrx_word' id='word_1_276' title='bbox 614 4530 698 4617; x_wconf 91' lang='lat' dir='ltr'><strong>sub</strong></span> <span class='ocrx_word' id='word_1_277' title='bbox 729 4528 801 4618; x_wconf 91' lang='lat' dir='ltr'><strong>die</strong></span> <span class='ocrx_word' id='word_1_278' title='bbox 819 4528 865 4614; x_wconf 90' lang='lat' dir='ltr'><strong>l⁰</strong></span> <span class='ocrx_word' id='word_1_279' title='bbox 892 4527 1053 4646; x_wconf 82' lang='lat' dir='ltr'><strong>Aprilis</strong></span> <span class='ocrx_word' id='word_1_280' title='bbox 1075 4525 1211 4644; x_wconf 89' lang='lat' dir='ltr'><strong>elapsi</strong></span> <span class='ocrx_word' id='word_1_281' title='bbox 1230 4526 1332 4612; x_wconf 91' lang='lat' dir='ltr'><strong>anni</strong></span> <span class='ocrx_word' id='word_1_282' title='bbox 1352 4525 1475 4611; x_wconf 89' lang='grc'><strong>1878</strong></span> <span class='ocrx_word' id='word_1_283' title='bbox 1497 4521 1555 4612; x_wconf 82' lang='grc'><strong>(13</strong></span> <span class='ocrx_word' id='word_1_284' title='bbox 1574 4551 1700 4607; x_wconf 90' lang='lat' dir='ltr'><strong>man·</strong></span> 
     </span>
     <span class='ocr_line' id='line_1_36' title="bbox 207 4646 1704 4764; baseline -0.002 -30"><span class='ocrx_word' id='word_1_285' title='bbox 207 4647 309 4736; x_wconf 88' lang='lat' dir='ltr'><strong>dato</strong></span> <span class='ocrx_word' id='word_1_286' title='bbox 343 4654 690 4746; x_wconf 82' lang='lat' dir='ltr'><strong>SANCTlSSllll</strong></span> <span class='ocrx_word' id='word_1_287' title='bbox 724 4651 934 4754; x_wconf 86' lang='lat' dir='ltr'><strong>decrevit,</strong></span> <span class='ocrx_word' id='word_1_288' title='bbox 954 4677 1131 4740; x_wconf 79' lang='lat' dir='ltr'><strong>causam</strong></span> <span class='ocrx_word' id='word_1_289' title='bbox 1154 4646 1432 4739; x_wconf 88' lang='lat' dir='ltr'><strong>oeconomice</strong></span> <span class='ocrx_word' id='word_1_290' title='bbox 1451 4673 1704 4764; x_wconf 87' lang='lat' dir='ltr'><strong>proponen-</strong></span> 
     </span>
     <span class='ocr_line' id='line_1_37' title="bbox 210 4767 1698 4879; baseline -0.003 -23"><span class='ocrx_word' id='word_1_291' title='bbox 210 4769 443 4866; x_wconf 86' lang='lat' dir='ltr'><strong>dam&#39;esse</strong></span> <span class='ocrx_word' id='word_1_292' title='bbox 478 4777 521 4864; x_wconf 93' lang='lat' dir='ltr'><strong>in</strong></span> <span class='ocrx_word' id='word_1_293' title='bbox 556 4779 602 4870; x_wconf 93' lang='lat' dir='ltr'><strong>S.</strong></span> <span class='ocrx_word' id='word_1_294' title='bbox 639 4775 824 4879; x_wconf 83' lang='lat' dir='ltr'><strong>Ordine,</strong></span> <span class='ocrx_word' id='word_1_295' title='bbox 866 4805 966 4863; x_wconf 89' lang='lat' dir='ltr'><strong>cum</strong></span> <span class='ocrx_word' id='word_1_296' title='bbox 1001 4774 1113 4862; x_wconf 87' lang='lat' dir='ltr'><strong>votis</strong></span> <span class='ocrx_word' id='word_1_297' title='bbox 1144 4771 1411 4865; x_wconf 82' lang='lat' dir='ltr'><strong>Canonistae</strong></span> <span class='ocrx_word' id='word_1_298' title='bbox 1438 4784 1486 4856; x_wconf 90' lang='lat' dir='ltr'><strong>et</strong></span> <span class='ocrx_word' id='word_1_299' title='bbox 1512 4767 1698 4854; x_wconf 83' lang='lat' dir='ltr'><strong>Theolo-</strong></span> 
     </span>
    </p>
   </div>
   <div class='ocr_carea' id='block_1_9' title="bbox 209 4887 1720 5622">
    <p class='ocr_par' dir='ltr' id='par_1_11' title="bbox 209 4887 1720 5622">
     <span class='ocr_line' id='line_1_38' title="bbox 209 4887 1694 5010; baseline -0.003 -30"><span class='ocrx_word' id='word_1_300' title='bbox 209 4893 267 5010; x_wconf 76' lang='lat' dir='ltr'><strong>gi,</strong></span> <span class='ocrx_word' id='word_1_301' title='bbox 295 4911 340 4983; x_wconf 87' lang='lat' dir='ltr'><strong>et</strong></span> <span class='ocrx_word' id='word_1_302' title='bbox 366 4899 838 4988; x_wconf 62' lang='lat' dir='ltr'><strong>animadversionibus</strong></span> <span class='ocrx_word' id='word_1_303' title='bbox 872 4897 1123 4987; x_wconf 80' lang='lat' dir='ltr'><strong>Defensoris</strong></span> <span class='ocrx_word' id='word_1_304' title='bbox 1152 4891 1416 4986; x_wconf 85' lang='lat' dir='ltr'><strong>Matrimonii</strong></span> <span class='ocrx_word' id='word_1_305' title='bbox 1447 4921 1503 4980; x_wconf 83' lang='lat' dir='ltr'><strong>ex</strong></span> <span class='ocrx_word' id='word_1_306' title='bbox 1538 4887 1694 4994; x_wconf 88' lang='lat' dir='ltr'><strong>officio,</strong></span> 
     </span>
     <span class='ocr_line' id='line_1_39' title="bbox 209 5015 1700 5132; baseline -0.002 -30"><span class='ocrx_word' id='word_1_307' title='bbox 209 5016 402 5111; x_wconf 88' lang='lat' dir='ltr'><strong>iniuncta</strong></span> <span class='ocrx_word' id='word_1_308' title='bbox 437 5022 615 5110; x_wconf 91' lang='lat' dir='ltr'><strong>interim</strong></span> <span class='ocrx_word' id='word_1_309' title='bbox 652 5021 886 5113; x_wconf 90' lang='lat' dir='ltr'><strong>Ordinario</strong></span> <span class='ocrx_word' id='word_1_310' title='bbox 919 5020 1103 5125; x_wconf 87' lang='lat' dir='ltr'><strong>cautela,</strong></span> <span class='ocrx_word' id='word_1_311' title='bbox 1141 5037 1187 5109; x_wconf 91' lang='lat' dir='ltr'><strong>ut</strong></span> <span class='ocrx_word' id='word_1_312' title='bbox 1220 5021 1380 5110; x_wconf 86' lang='lat' dir='ltr'><strong>Orator</strong></span> <span class='ocrx_word' id='word_1_313' title='bbox 1411 5015 1535 5104; x_wconf 82' lang='lat' dir='ltr'><strong>Pinzo</strong></span> <span class='ocrx_word' id='word_1_314' title='bbox 1575 5041 1700 5132; x_wconf 89' lang='lat' dir='ltr'><strong>sepa·</strong></span> 
     </span>
     <span class='ocr_line' id='line_1_40' title="bbox 209 5139 1703 5266; baseline -0.003 -39"><span class='ocrx_word' id='word_1_315' title='bbox 209 5156 332 5229; x_wconf 85' lang='lat' dir='ltr'><strong>retur</strong></span> <span class='ocrx_word' id='word_1_316' title='bbox 377 5146 638 5251; x_wconf 89' lang='lat' dir='ltr'><strong>amuliere,</strong></span> <span class='ocrx_word' id='word_1_317' title='bbox 688 5174 820 5266; x_wconf 87' lang='lat' dir='ltr'><strong>quam</strong></span> <span class='ocrx_word' id='word_1_318' title='bbox 853 5143 1044 5234; x_wconf 84' lang='lat' dir='ltr'><strong>civiliter</strong></span> <span class='ocrx_word' id='word_1_319' title='bbox 1087 5143 1173 5231; x_wconf 90' lang='lat' dir='ltr'><strong>sihi</strong></span> <span class='ocrx_word' id='word_1_320' title='bbox 1217 5139 1424 5261; x_wconf 87' lang='lat' dir='ltr'><strong>copulare</strong></span> <span class='ocrx_word' id='word_1_321' title='bbox 1473 5163 1703 5255; x_wconf 88' lang='lat' dir='ltr'><strong>praesum-</strong></span> 
     </span>
     <span class='ocr_line' id='line_1_41' title="bbox 209 5259 1708 5391; baseline -0.003 -41"><span class='ocrx_word' id='word_1_322' title='bbox 209 5263 293 5380; x_wconf 83' lang='lat' dir='ltr'><strong>psit</strong></span> <span class='ocrx_word' id='word_1_323' title='bbox 328 5262 422 5385; x_wconf 80' lang='lat' dir='ltr'><strong>(cit.</strong></span> <span class='ocrx_word' id='word_1_324' title='bbox 447 5271 494 5359; x_wconf 90' lang='lat' dir='ltr'><em>V</em></span> <span class='ocrx_word' id='word_1_325' title='bbox 492 5283 549 5358; x_wconf 90' lang='lat' dir='ltr'><strong>ot.</strong></span> <span class='ocrx_word' id='word_1_326' title='bbox 576 5271 791 5358; x_wconf 81' lang='lat' dir='ltr'><strong>Cononist.</strong></span> <span class='ocrx_word' id='word_1_327' title='bbox 818 5267 864 5391; x_wconf 92' lang='grc'><strong>8.</strong></span> <span class='ocrx_word' id='word_1_328' title='bbox 886 5270 933 5370; x_wconf 88' lang='grc'><strong>8,</strong></span> <span class='ocrx_word' id='word_1_329' title='bbox 955 5265 1022 5388; x_wconf 90' lang='grc'><strong>9).</strong></span> <span class='ocrx_word' id='word_1_330' title='bbox 1048 5267 1165 5356; x_wconf 85' lang='grc'><strong>11333</strong></span> <span class='ocrx_word' id='word_1_331' title='bbox 1187 5295 1294 5384; x_wconf 89' lang='lat' dir='ltr'><strong>prae</strong></span> <span class='ocrx_word' id='word_1_332' title='bbox 1311 5261 1520 5352; x_wconf 89' lang='lat' dir='ltr'><strong>omnibus</strong></span> <span class='ocrx_word' id='word_1_333' title='bbox 1552 5259 1708 5350; x_wconf 73' lang='lat' dir='ltr'><strong>adno-</strong></span> 
     </span>
     <span class='ocr_line' id='line_1_42' title="bbox 209 5383 1720 5512; baseline -0.001 -39"><span class='ocrx_word' id='word_1_334' title='bbox 209 5413 318 5476; x_wconf 90' lang='lat' dir='ltr'><strong>nere</strong></span> <span class='ocrx_word' id='word_1_335' title='bbox 340 5412 642 5512; x_wconf 84' lang='lat' dir='ltr'><strong>opportunum</strong></span> <span class='ocrx_word' id='word_1_336' title='bbox 679 5394 818 5498; x_wconf 76' lang='lat' dir='ltr'><strong>duxi,</strong></span> <span class='ocrx_word' id='word_1_337' title='bbox 862 5391 1274 5482; x_wconf 70' lang='lat' dir='ltr'><strong>ntttttnttrtssssttt</strong></span> <span class='ocrx_word' id='word_1_338' title='bbox 1307 5387 1383 5478; x_wconf 80' lang='lat' dir='ltr'><strong>AC</strong></span> <span class='ocrx_word' id='word_1_339' title='bbox 1416 5383 1720 5475; x_wconf 60' lang='lat' dir='ltr'><strong>Revelantu-</strong></span> 
     </span>
     <span class='ocr_line' id='line_1_43' title="bbox 214 5509 1697 5622; baseline -0.007 -20"><span class='ocrx_word' id='word_1_340' title='bbox 214 5509 419 5605; x_wconf 80' lang='lat' dir='ltr'><strong>DtSStttl</strong></span> <span class='ocrx_word' id='word_1_341' title='bbox 450 5517 687 5622; x_wconf 71' lang='lat' dir='ltr'><strong>Parnes,</strong></span> <span class='ocrx_word' id='word_1_342' title='bbox 716 5541 807 5605; x_wconf 86' lang='lat' dir='ltr'><strong>non</strong></span> <span class='ocrx_word' id='word_1_343' title='bbox 842 5531 890 5605; x_wconf 80' lang='lat' dir='ltr'><strong>nt</strong></span> <span class='ocrx_word' id='word_1_344' title='bbox 910 5513 1124 5604; x_wconf 87' lang='lat' dir='ltr'><strong>incuriam</strong></span> <span class='ocrx_word' id='word_1_345' title='bbox 1147 5511 1395 5604; x_wconf 82' lang='lat' dir='ltr'><strong>Consultori</strong></span> <span class='ocrx_word' id='word_1_346' title='bbox 1416 5535 1697 5600; x_wconf 83' lang='lat' dir='ltr'><strong>succenseam</strong></span> 
     </span>
    </p>
   </div>
   <div class='ocr_carea' id='block_1_10' title="bbox 1544 5661 1573 5744">
    <p class='ocr_par' dir='ltr' id='par_1_12' title="bbox 1544 5661 1573 5744">
     <span class='ocr_line' id='line_1_44' title="bbox 1544 5661 1573 5744; baseline 0 0"><span class='ocrx_word' id='word_1_347' title='bbox 1544 5661 1573 5744; x_wconf 90' lang='lat'>6</span> 
     </span>
    </p>
   </div>
   <div class='ocr_carea' id='block_1_11' title="bbox 0 0 2228 6330">
    <p class='ocr_par' dir='ltr' id='par_1_13' title="bbox 0 0 2228 6330">
     <span class='ocr_line' id='line_1_45' title="bbox 0 0 2228 6330; baseline 0 1"><span class='ocrx_word' id='word_1_348' title='bbox 0 0 2228 6330; x_wconf 95' lang='lat' dir='ltr'><strong> </strong></span> 
     </span>
    </p>
   </div>
  </div>
 </body>
</html>
