<?xml version="1.0" encoding="UTF-8"?>
<!DOCTYPE html PUBLIC "-//W3C//DTD XHTML 1.0 Transitional//EN"
    "http://www.w3.org/TR/xhtml1/DTD/xhtml1-transitional.dtd">
<html xmlns="http://www.w3.org/1999/xhtml" xml:lang="en" lang="en">
 <head>
  <title>
</title>
<meta http-equiv="Content-Type" content="text/html;charset=utf-8" />
  <meta name='ocr-system' content='tesseract 3.04.00' />
  <meta name='ocr-capabilities' content='ocr_page ocr_carea ocr_par ocr_line ocrx_word'/>
</head>
<body>
  <div class='ocr_page' id='page_1' title='image "./thesaurusresolu00churgoog_0077.png"; bbox 0 0 4446 6330; ppageno 0'>
   <div class='ocr_carea' id='block_1_1' title="bbox 559 358 1587 452">
    <p class='ocr_par' dir='ltr' id='par_1_1' title="bbox 559 358 1587 452">
     <span class='ocr_line' id='line_1_1' title="bbox 559 358 1587 452; baseline -0.004 -1"><span class='ocrx_word' id='word_1_1' title='bbox 559 363 621 452; x_wconf 89' lang='grc'><strong>66</strong></span> <span class='ocrx_word' id='word_1_2' title='bbox 1010 359 1095 448; x_wconf 87' lang='lat' dir='ltr'><strong>Die</strong></span> <span class='ocrx_word' id='word_1_3' title='bbox 1127 361 1187 452; x_wconf 71' lang='lat'><strong>25</strong></span> <span class='ocrx_word' id='word_1_4' title='bbox 1219 358 1417 448; x_wconf 78' lang='lat' dir='ltr'><strong>Ianuarii</strong></span> <span class='ocrx_word' id='word_1_5' title='bbox 1450 359 1587 450; x_wconf 69' lang='lat'><strong>4879.</strong></span> 
     </span>
    </p>
   </div>
   <div class='ocr_carea' id='block_1_2' title="bbox 451 482 2055 5518">
    <p class='ocr_par' dir='ltr' id='par_1_2' title="bbox 559 482 2044 698">
     <span class='ocr_line' id='line_1_2' title="bbox 559 482 2044 604; baseline -0.001 -30"><span class='ocrx_word' id='word_1_6' title='bbox 559 484 730 574; x_wconf 90' lang='lat' dir='ltr'><strong>meliori</strong></span> <span class='ocrx_word' id='word_1_7' title='bbox 761 497 901 600; x_wconf 90' lang='lat' dir='ltr'><strong>parte,</strong></span> <span class='ocrx_word' id='word_1_8' title='bbox 937 484 1185 600; x_wconf 89' lang='lat' dir='ltr'><strong>paroeciam</strong></span> <span class='ocrx_word' id='word_1_9' title='bbox 1220 485 1358 602; x_wconf 83' lang='lat' dir='ltr'>ipsam</span> <span class='ocrx_word' id='word_1_10' title='bbox 1397 515 1572 600; x_wconf 84' lang='lat' dir='ltr'><strong>prorsus</strong></span> <span class='ocrx_word' id='word_1_11' title='bbox 1606 484 1781 600; x_wconf 83' lang='lat' dir='ltr'><strong>perimi,</strong></span> <span class='ocrx_word' id='word_1_12' title='bbox 1821 499 1953 604; x_wconf 85' lang='lat' dir='ltr'><strong>atquc</strong></span> <span class='ocrx_word' id='word_1_13' title='bbox 1985 482 2044 572; x_wconf 91' lang='lat' dir='ltr'><strong>ad</strong></span> 
     </span>
     <span class='ocr_line' id='line_1_3' title="bbox 561 605 1450 698; baseline -0.002 0"><span class='ocrx_word' id='word_1_14' title='bbox 561 607 744 698; x_wconf 85' lang='lat' dir='ltr'><strong>nihilum</strong></span> <span class='ocrx_word' id='word_1_15' title='bbox 781 605 930 696; x_wconf 83' lang='lat' dir='ltr'><strong>reduci</strong></span> <span class='ocrx_word' id='word_1_16' title='bbox 963 607 1201 698; x_wconf 71' lang='lat' dir='ltr'><strong>concludit.</strong></span> <span class='ocrx_word' id='word_1_17' title='bbox 1447 609 1450 614; x_wconf 68' lang='grc'><strong>’</strong></span> 
     </span>
    </p>

    <p class='ocr_par' dir='ltr' id='par_1_3' title="bbox 451 727 2055 5148">
     <span class='ocr_line' id='line_1_4' title="bbox 687 727 2046 847; baseline -0.001 -30"><span class='ocrx_word' id='word_1_18' title='bbox 687 728 757 817; x_wconf 81' lang='lat' dir='ltr'><strong>Ad</strong></span> <span class='ocrx_word' id='word_1_19' title='bbox 789 728 1032 816; x_wconf 90' lang='lat' dir='ltr'><strong>secundum</strong></span> <span class='ocrx_word' id='word_1_20' title='bbox 1066 729 1331 822; x_wconf 81' lang='lat' dir='ltr'><strong>defensionis</strong></span> <span class='ocrx_word' id='word_1_21' title='bbox 1368 745 1501 846; x_wconf 90' lang='lat' dir='ltr'><strong>capnt</strong></span> <span class='ocrx_word' id='word_1_22' title='bbox 1531 727 1820 847; x_wconf 78' lang='lat' dir='ltr'><strong>progrediens</strong></span> <span class='ocrx_word' id='word_1_23' title='bbox 1853 728 2046 816; x_wconf 72' lang='lat' dir='ltr'><strong>ostendit</strong></span> 
     </span>
     <span class='ocr_line' id='line_1_5' title="bbox 561 851 2047 944; baseline -0.003 0"><span class='ocrx_word' id='word_1_24' title='bbox 561 860 773 944; x_wconf 90' lang='lat' dir='ltr'><strong>Patronus</strong></span> <span class='ocrx_word' id='word_1_25' title='bbox 806 852 1210 942; x_wconf 88' lang='lat' dir='ltr'><strong>dismembratiouis</strong></span> <span class='ocrx_word' id='word_1_26' title='bbox 1257 853 1407 940; x_wconf 77' lang='lat' dir='ltr'><strong>causas</strong></span> <span class='ocrx_word' id='word_1_27' title='bbox 1456 852 1515 938; x_wconf 87' lang='lat' dir='ltr'><strong>ab</strong></span> <span class='ocrx_word' id='word_1_28' title='bbox 1547 851 1780 940; x_wconf 86' lang='lat' dir='ltr'><strong>Ordinario</strong></span> <span class='ocrx_word' id='word_1_29' title='bbox 1816 851 2047 938; x_wconf 89' lang='lat' dir='ltr'><strong>recensitas</strong></span> 
     </span>
     <span class='ocr_line' id='line_1_6' title="bbox 564 973 2048 1091; baseline -0.003 -26"><span class='ocrx_word' id='word_1_30' title='bbox 564 1009 649 1065; x_wconf 94' lang='lat' dir='ltr'><strong>non</strong></span> <span class='ocrx_word' id='word_1_31' title='bbox 698 975 920 1074; x_wconf 86' lang='lat' dir='ltr'><strong>existere,</strong></span> <span class='ocrx_word' id='word_1_32' title='bbox 963 991 1037 1062; x_wconf 93' lang='lat' dir='ltr'><strong>aut</strong></span> <span class='ocrx_word' id='word_1_33' title='bbox 1081 975 1240 1064; x_wconf 91' lang='lat' dir='ltr'><strong>nullius</strong></span> <span class='ocrx_word' id='word_1_34' title='bbox 1273 1006 1366 1063; x_wconf 88' lang='lat' dir='ltr'><strong>esse</strong></span> <span class='ocrx_word' id='word_1_35' title='bbox 1405 974 1637 1075; x_wconf 89' lang='lat' dir='ltr'><strong>momenti,</strong></span> <span class='ocrx_word' id='word_1_36' title='bbox 1671 991 1718 1060; x_wconf 94' lang='lat' dir='ltr'><strong>ut</strong></span> <span class='ocrx_word' id='word_1_37' title='bbox 1739 973 2048 1091; x_wconf 76' lang='lat' dir='ltr'><strong>gravissimum</strong></span> 
     </span>
     <span class='ocr_line' id='line_1_7' title="bbox 564 1095 2051 1214; baseline -0.001 -30"><span class='ocrx_word' id='word_1_38' title='bbox 564 1096 701 1186; x_wconf 70' lang='lat' dir='ltr'><strong>aeteri</strong></span> <span class='ocrx_word' id='word_1_39' title='bbox 748 1097 974 1213; x_wconf 79' lang='lat' dir='ltr'><strong>paroeciae</strong></span> <span class='ocrx_word' id='word_1_40' title='bbox 1018 1095 1221 1186; x_wconf 82' lang='lat' dir='ltr'><strong>afferatur</strong></span> <span class='ocrx_word' id='word_1_41' title='bbox 1257 1096 1596 1214; x_wconf 90' lang='lat' dir='ltr'><strong>praeiudicium.</strong></span> <span class='ocrx_word' id='word_1_42' title='bbox 1640 1097 1710 1184; x_wconf 89' lang='lat' dir='ltr'><strong>Ad</strong></span> <span class='ocrx_word' id='word_1_43' title='bbox 1733 1098 1839 1183; x_wconf 88' lang='lat' dir='ltr'><strong>haec</strong></span> <span class='ocrx_word' id='word_1_44' title='bbox 1877 1096 2051 1212; x_wconf 88' lang='lat' dir='ltr'><strong>potissi-</strong></span> 
     </span>
     <span class='ocr_line' id='line_1_8' title="bbox 562 1215 2055 1342; baseline -0.005 -31"><span class='ocrx_word' id='word_1_45' title='bbox 562 1253 684 1311; x_wconf 92' lang='lat' dir='ltr'><strong>mum</strong></span> <span class='ocrx_word' id='word_1_46' title='bbox 722 1220 863 1334; x_wconf 86' lang='lat' dir='ltr'><strong>capitu</strong></span> <span class='ocrx_word' id='word_1_47' title='bbox 887 1215 1155 1342; x_wconf 79' lang='lat' dir='ltr'><strong>difficultates</strong></span> <span class='ocrx_word' id='word_1_48' title='bbox 1187 1219 1332 1308; x_wconf 77' lang='lat' dir='ltr'><strong>reduci</strong></span> <span class='ocrx_word' id='word_1_49' title='bbox 1363 1223 1506 1336; x_wconf 76' lang='lat' dir='ltr'><strong>pcrqit</strong></span> <span class='ocrx_word' id='word_1_50' title='bbox 1537 1251 1651 1338; x_wconf 92' lang='lat' dir='ltr'><strong>quae</strong></span> <span class='ocrx_word' id='word_1_51' title='bbox 1684 1237 1788 1308; x_wconf 87' lang='lat' dir='ltr'><strong>sunt</strong></span> <span class='ocrx_word' id='word_1_52' title='bbox 1824 1217 1869 1302; x_wconf 90' lang='lat' dir='ltr'><strong>l⁰</strong></span> <span class='ocrx_word' id='word_1_53' title='bbox 1905 1217 2055 1334; x_wconf 90' lang='lat' dir='ltr'><strong>publi-</strong></span> 
     </span>
     <span class='ocr_line' id='line_1_9' title="bbox 562 1341 2054 1460; baseline -0.003 -26"><span class='ocrx_word' id='word_1_54' title='bbox 562 1373 660 1434; x_wconf 87' lang='lat' dir='ltr'><strong>cum</strong></span> <span class='ocrx_word' id='word_1_55' title='bbox 702 1361 744 1429; x_wconf 89' lang='lat' dir='ltr'><strong>ct</strong></span> <span class='ocrx_word' id='word_1_56' title='bbox 779 1343 1025 1457; x_wconf 81' lang='lat' dir='ltr'><strong>expetitum</strong></span> <span class='ocrx_word' id='word_1_57' title='bbox 1057 1343 1280 1459; x_wconf 78' lang='lat' dir='ltr'><strong>spirituale</strong></span> <span class='ocrx_word' id='word_1_58' title='bbox 1316 1344 1482 1430; x_wconf 89' lang='lat' dir='ltr'><strong>bonum</strong></span> <span class='ocrx_word' id='word_1_59' title='bbox 1512 1357 1555 1431; x_wconf 87' lang='lat' dir='ltr'><strong>et</strong></span> <span class='ocrx_word' id='word_1_60' title='bbox 1588 1358 1877 1460; x_wconf 81' lang='lat' dir='ltr'><strong>augmentum</strong></span> <span class='ocrx_word' id='word_1_61' title='bbox 1911 1341 2054 1429; x_wconf 89' lang='lat' dir='ltr'><strong>cultus</strong></span> 
     </span>
     <span class='ocr_line' id='line_1_10' title="bbox 563 1463 2048 1584; baseline -0.005 -28"><span class='ocrx_word' id='word_1_62' title='bbox 563 1465 718 1556; x_wconf 87' lang='lat' dir='ltr'><strong>divini.</strong></span> <span class='ocrx_word' id='word_1_63' title='bbox 755 1465 804 1551; x_wconf 76' lang='lat'><strong>2⁰</strong></span> <span class='ocrx_word' id='word_1_64' title='bbox 840 1465 910 1569; x_wconf 93' lang='lat' dir='ltr'><strong>Ut,</strong></span> <span class='ocrx_word' id='word_1_65' title='bbox 948 1467 1177 1554; x_wconf 85' lang='lat' dir='ltr'><strong>constituta</strong></span> <span class='ocrx_word' id='word_1_66' title='bbox 1224 1467 1441 1584; x_wconf 89' lang='lat' dir='ltr'><strong>paroecia,</strong></span> <span class='ocrx_word' id='word_1_67' title='bbox 1465 1465 1751 1584; x_wconf 82' lang='lat' dir='ltr'><strong>provideatur</strong></span> <span class='ocrx_word' id='word_1_68' title='bbox 1797 1463 1860 1551; x_wconf 91' lang='lat' dir='ltr'><strong>illi</strong></span> <span class='ocrx_word' id='word_1_69' title='bbox 1899 1463 2048 1580; x_wconf 89' lang='lat' dir='ltr'><strong>parti,</strong></span> 
     </span>
     <span class='ocr_line' id='line_1_11' title="bbox 562 1585 2051 1710; baseline -0.003 -33"><span class='ocrx_word' id='word_1_70' title='bbox 562 1619 675 1710; x_wconf 89' lang='lat' dir='ltr'><strong>quae</strong></span> <span class='ocrx_word' id='word_1_71' title='bbox 718 1589 1051 1675; x_wconf 84' lang='lat' dir='ltr'><strong>Protestantium</strong></span> <span class='ocrx_word' id='word_1_72' title='bbox 1073 1588 1241 1678; x_wconf 89' lang='lat' dir='ltr'><strong>insidiis</strong></span> <span class='ocrx_word' id='word_1_73' title='bbox 1259 1590 1508 1705; x_wconf 87' lang='lat' dir='ltr'><strong>exponitur,</strong></span> <span class='ocrx_word' id='word_1_74' title='bbox 1538 1587 1647 1678; x_wconf 92' lang='lat' dir='ltr'><strong>inibi</strong></span> <span class='ocrx_word' id='word_1_75' title='bbox 1669 1585 1971 1676; x_wconf 88' lang='lat' dir='ltr'><strong>constituendo</strong></span> <span class='ocrx_word' id='word_1_76' title='bbox 1995 1617 2051 1672; x_wconf 84' lang='lat' dir='ltr'><strong>un</strong></span> 
     </span>
     <span class='ocr_line' id='line_1_12' title="bbox 563 1708 2048 1800; baseline -0.004 0"><span class='ocrx_word' id='word_1_77' title='bbox 563 1727 701 1800; x_wconf 85' lang='lat' dir='ltr'><strong>centro</strong></span> <span class='ocrx_word' id='word_1_78' title='bbox 735 1709 783 1796; x_wconf 86' lang='lat' dir='ltr'><strong>di</strong></span> <span class='ocrx_word' id='word_1_79' title='bbox 821 1709 931 1798; x_wconf 83' lang='lat' dir='ltr'><strong>berte.</strong></span> <span class='ocrx_word' id='word_1_80' title='bbox 969 1711 1016 1798; x_wconf 90' lang='lat'><strong>3⁰</strong></span> <span class='ocrx_word' id='word_1_81' title='bbox 1051 1714 1264 1800; x_wconf 82' lang='lat' dir='ltr'><strong>Numerus</strong></span> <span class='ocrx_word' id='word_1_82' title='bbox 1298 1730 1341 1797; x_wconf 85' lang='lat' dir='ltr'><strong>et</strong></span> <span class='ocrx_word' id='word_1_83' title='bbox 1375 1711 1598 1800; x_wconf 85' lang='lat' dir='ltr'><strong>distantia.</strong></span> <span class='ocrx_word' id='word_1_84' title='bbox 1636 1710 1723 1798; x_wconf 86' lang='lat' dir='ltr'><strong>Sed</strong></span> <span class='ocrx_word' id='word_1_85' title='bbox 1757 1740 1862 1798; x_wconf 87' lang='lat' dir='ltr'><strong>vero</strong></span> <span class='ocrx_word' id='word_1_86' title='bbox 1887 1708 2048 1797; x_wconf 85' lang='lat' dir='ltr'><strong>adduci</strong></span> 
     </span>
     <span class='ocr_line' id='line_1_13' title="bbox 563 1832 2051 1952; baseline -0.005 -28"><span class='ocrx_word' id='word_1_87' title='bbox 563 1833 715 1952; x_wconf 89' lang='lat' dir='ltr'><strong>nequit</strong></span> <span class='ocrx_word' id='word_1_88' title='bbox 751 1833 976 1950; x_wconf 92' lang='lat' dir='ltr'><strong>publicum</strong></span> <span class='ocrx_word' id='word_1_89' title='bbox 1012 1835 1195 1938; x_wconf 87' lang='lat' dir='ltr'><strong>bonum,</strong></span> <span class='ocrx_word' id='word_1_90' title='bbox 1237 1865 1338 1922; x_wconf 93' lang='lat' dir='ltr'><strong>nam</strong></span> <span class='ocrx_word' id='word_1_91' title='bbox 1373 1865 1426 1922; x_wconf 87' lang='lat' dir='ltr'><strong>cx</strong></span> <span class='ocrx_word' id='word_1_92' title='bbox 1456 1833 1729 1924; x_wconf 89' lang='lat' dir='ltr'><strong>documentis</strong></span> <span class='ocrx_word' id='word_1_93' title='bbox 1748 1832 2051 1920; x_wconf 90' lang='lat' dir='ltr'><strong>minimecon·</strong></span> 
     </span>
     <span class='ocr_line' id='line_1_14' title="bbox 564 1955 2052 2078; baseline -0.002 -33"><span class='ocrx_word' id='word_1_94' title='bbox 564 1955 731 2045; x_wconf 88' lang='lat' dir='ltr'><strong>firmari</strong></span> <span class='ocrx_word' id='word_1_95' title='bbox 772 1957 845 2042; x_wconf 88' lang='lat' dir='ltr'><strong>ait.</strong></span> <span class='ocrx_word' id='word_1_96' title='bbox 883 1956 1110 2076; x_wconf 87' lang='lat' dir='ltr'><strong>Siquidem</strong></span> <span class='ocrx_word' id='word_1_97' title='bbox 1156 1957 1305 2046; x_wconf 85' lang='lat' dir='ltr'><strong>fideles</strong></span> <span class='ocrx_word' id='word_1_98' title='bbox 1352 1961 1583 2078; x_wconf 85' lang='lat' dir='ltr'><strong>paroeciae</strong></span> <span class='ocrx_word' id='word_1_99' title='bbox 1621 1956 1937 2046; x_wconf 80' lang='lat' dir='ltr'><strong>Consolationis</strong></span> <span class='ocrx_word' id='word_1_100' title='bbox 1971 1985 2052 2042; x_wconf 91' lang='lat' dir='ltr'><strong>nec</strong></span> 
     </span>
     <span class='ocr_line' id='line_1_15' title="bbox 564 2077 2051 2200; baseline -0.001 -35"><span class='ocrx_word' id='word_1_101' title='bbox 564 2077 711 2200; x_wconf 88' lang='lat' dir='ltr'><strong>quoad</strong></span> <span class='ocrx_word' id='word_1_102' title='bbox 746 2079 931 2164; x_wconf 87' lang='lat' dir='ltr'><strong>verbum</strong></span> <span class='ocrx_word' id='word_1_103' title='bbox 966 2081 1064 2182; x_wconf 87' lang='lat' dir='ltr'><strong>Dei,</strong></span> <span class='ocrx_word' id='word_1_104' title='bbox 1094 2113 1171 2169; x_wconf 88' lang='lat' dir='ltr'><strong>nec</strong></span> <span class='ocrx_word' id='word_1_105' title='bbox 1204 2081 1349 2199; x_wconf 75' lang='lat' dir='ltr'><strong>‹ltroad</strong></span> <span class='ocrx_word' id='word_1_106' title='bbox 1376 2097 1743 2170; x_wconf 86' lang='lat' dir='ltr'><strong>sacramentorum</strong></span> <span class='ocrx_word' id='word_1_107' title='bbox 1770 2077 2051 2166; x_wconf 86' lang='lat' dir='ltr'><strong>administra-</strong></span> 
     </span>
     <span class='ocr_line' id='line_1_16' title="bbox 566 2198 2050 2318; baseline -0.002 -29"><span class='ocrx_word' id='word_1_108' title='bbox 566 2203 763 2301; x_wconf 87' lang='lat' dir='ltr'><strong>tionem,</strong></span> <span class='ocrx_word' id='word_1_109' title='bbox 808 2199 924 2289; x_wconf 88' lang='lat' dir='ltr'><strong>haud</strong></span> <span class='ocrx_word' id='word_1_110' title='bbox 948 2203 1240 2292; x_wconf 90' lang='lat' dir='ltr'><strong>morientibus</strong></span> <span class='ocrx_word' id='word_1_111' title='bbox 1269 2203 1549 2293; x_wconf 88' lang='lat' dir='ltr'><strong>adsistentiac</strong></span> <span class='ocrx_word' id='word_1_112' title='bbox 1580 2203 1788 2318; x_wconf 86' lang='lat' dir='ltr'><strong>inopiam,</strong></span> <span class='ocrx_word' id='word_1_113' title='bbox 1809 2200 1879 2288; x_wconf 88' lang='lat' dir='ltr'><strong>vel</strong></span> <span class='ocrx_word' id='word_1_114' title='bbox 1914 2198 2050 2286; x_wconf 85' lang='lat' dir='ltr'><strong>detri-</strong></span> 
     </span>
     <span class='ocr_line' id='line_1_17' title="bbox 566 2322 2048 2447; baseline -0.001 -37"><span class='ocrx_word' id='word_1_115' title='bbox 566 2339 764 2410; x_wconf 90' lang='lat' dir='ltr'><strong>mentum</strong></span> <span class='ocrx_word' id='word_1_116' title='bbox 800 2322 976 2443; x_wconf 81' lang='lat' dir='ltr'><strong>aliquod</strong></span> <span class='ocrx_word' id='word_1_117' title='bbox 1014 2357 1229 2444; x_wconf 90' lang='lat' dir='ltr'><strong>nusquam</strong></span> <span class='ocrx_word' id='word_1_118' title='bbox 1252 2345 1351 2414; x_wconf 91' lang='lat' dir='ltr'><strong>sunt</strong></span> <span class='ocrx_word' id='word_1_119' title='bbox 1386 2329 1571 2447; x_wconf 85' lang='lat' dir='ltr'><strong>experti,</strong></span> <span class='ocrx_word' id='word_1_120' title='bbox 1599 2326 1715 2444; x_wconf 88' lang='lat' dir='ltr'><strong>quod</strong></span> <span class='ocrx_word' id='word_1_121' title='bbox 1752 2323 1818 2411; x_wconf 88' lang='lat' dir='ltr'><strong>vel</strong></span> <span class='ocrx_word' id='word_1_122' title='bbox 1854 2322 2048 2439; x_wconf 85' lang='lat' dir='ltr'><strong>ipseAr·</strong></span> 
     </span>
     <span class='ocr_line' id='line_1_18' title="bbox 565 2445 2052 2566; baseline -0.003 -32"><span class='ocrx_word' id='word_1_123' title='bbox 565 2446 866 2561; x_wconf 83' lang='lat' dir='ltr'><strong>clriepiscopus</strong></span> <span class='ocrx_word' id='word_1_124' title='bbox 913 2451 1194 2538; x_wconf 87' lang='lat' dir='ltr'><strong>commendat</strong></span> <span class='ocrx_word' id='word_1_125' title='bbox 1232 2491 1249 2530; x_wconf 76' lang='grc' dir='ltr'>ι</span> <span class='ocrx_word' id='word_1_126' title='bbox 1283 2449 1436 2566; x_wconf 78' lang='lat' dir='ltr'><strong>perclti</strong></span> <span class='ocrx_word' id='word_1_127' title='bbox 1481 2483 1562 2537; x_wconf 84' lang='lat' dir='ltr'><strong>non</strong></span> <span class='ocrx_word' id='word_1_128' title='bbox 1604 2477 1860 2534; x_wconf 81' lang='lat' dir='ltr'><strong>aronenssero</strong></span> <span class='ocrx_word' id='word_1_129' title='bbox 1909 2445 1925 2531; x_wconf 82' lang='lat' dir='ltr'><strong>i</strong></span> <span class='ocrx_word' id='word_1_130' title='bbox 1958 2476 2052 2530; x_wconf 88' lang='lat' dir='ltr'><strong>con·</strong></span> 
     </span>
     <span class='ocr_line' id='line_1_19' title="bbox 564 2565 2049 2689; baseline -0.002 -34"><span class='ocrx_word' id='word_1_131' title='bbox 564 2569 675 2689; x_wconf 76' lang='lat' dir='ltr'><strong>[orti</strong></span> <span class='ocrx_word' id='word_1_132' title='bbox 709 2568 903 2684; x_wconf 78' lang='lat' dir='ltr'><strong>relt&#39;piosi</strong></span> <span class='ocrx_word' id='word_1_133' title='bbox 927 2573 969 2656; x_wconf 80' lang='lat' dir='ltr'><strong>in</strong></span> <span class='ocrx_word' id='word_1_134' title='bbox 1001 2591 1140 2688; x_wconf 83' lang='lat' dir='ltr'><strong>questa</strong></span> <span class='ocrx_word' id='word_1_135' title='bbox 1170 2590 1293 2688; x_wconf 75' lang='lat' dir='ltr'><strong>purte</strong></span> <span class='ocrx_word' id='word_1_136' title='bbox 1329 2572 1378 2658; x_wconf 82' lang='lat' dir='ltr'><strong>cli</strong></span> <span class='ocrx_word' id='word_1_137' title='bbox 1400 2571 1708 2660; x_wconf 82' lang='lat' dir='ltr'><strong>Porrncclu&#39;nni</strong></span> <span class='ocrx_word' id='word_1_138' title='bbox 1730 2569 1778 2655; x_wconf 76' lang='lat' dir='ltr'><strong>cti</strong></span> <span class='ocrx_word' id='word_1_139' title='bbox 1813 2569 1923 2666; x_wconf 73' lang='lat' dir='ltr'><strong>tei,</strong></span> <span class='ocrx_word' id='word_1_140' title='bbox 1961 2565 2049 2683; x_wconf 81' lang='lat' dir='ltr'><strong>apli</strong></span> 
     </span>
     <span class='ocr_line' id='line_1_20' title="bbox 567 2689 2051 2808; baseline -0.001 -30"><span class='ocrx_word' id='word_1_141' title='bbox 567 2695 587 2778; x_wconf 81' lang='lat' dir='ltr'><strong>d</strong></span> <span class='ocrx_word' id='word_1_142' title='bbox 619 2721 716 2776; x_wconf 79' lang='lat' dir='ltr'><strong>coro</strong></span> <span class='ocrx_word' id='word_1_143' title='bbox 741 2689 1027 2808; x_wconf 81' lang='lat' dir='ltr'><strong>readerpliene</strong></span> <span class='ocrx_word' id='word_1_144' title='bbox 1048 2695 1379 2782; x_wconf 80' lang='lat' dir='ltr'><strong>testimonianze.</strong></span> <span class='ocrx_word' id='word_1_145' title='bbox 1414 2737 1430 2774; x_wconf 70' lang='grc' dir='ltr'><strong>ι</strong></span> <span class='ocrx_word' id='word_1_146' title='bbox 1457 2699 1545 2786; x_wconf 84' lang='lat' dir='ltr'><strong>Nec</strong></span> <span class='ocrx_word' id='word_1_147' title='bbox 1580 2695 1708 2781; x_wconf 85' lang='lat' dir='ltr'><strong>ullam</strong></span> <span class='ocrx_word' id='word_1_148' title='bbox 1742 2692 1927 2808; x_wconf 78' lang='lat' dir='ltr'><strong>adurget</strong></span> <span class='ocrx_word' id='word_1_149' title='bbox 1943 2719 2051 2808; x_wconf 86' lang='lat' dir='ltr'><strong>que-</strong></span> 
     </span>
     <span class='ocr_line' id='line_1_21' title="bbox 565 2813 2045 2929; baseline -0.003 -27"><span class='ocrx_word' id='word_1_150' title='bbox 565 2813 797 2902; x_wconf 90' lang='lat' dir='ltr'><strong>rimoniam</strong></span> <span class='ocrx_word' id='word_1_151' title='bbox 835 2813 878 2899; x_wconf 95' lang='lat' dir='ltr'><strong>in</strong></span> <span class='ocrx_word' id='word_1_152' title='bbox 911 2815 1016 2902; x_wconf 86' lang='lat' dir='ltr'><strong>actis</strong></span> <span class='ocrx_word' id='word_1_153' title='bbox 1051 2819 1253 2920; x_wconf 84' lang='lat' dir='ltr'><strong>existere,</strong></span> <span class='ocrx_word' id='word_1_154' title='bbox 1280 2819 1355 2906; x_wconf 89' lang='lat' dir='ltr'><strong>sed</strong></span> <span class='ocrx_word' id='word_1_155' title='bbox 1391 2819 1480 2907; x_wconf 89' lang='lat' dir='ltr'><strong>imo</strong></span> <span class='ocrx_word' id='word_1_156' title='bbox 1520 2818 1782 2906; x_wconf 87' lang='lat' dir='ltr'><strong>documenta</strong></span> <span class='ocrx_word' id='word_1_157' title='bbox 1816 2813 1943 2929; x_wconf 78' lang='lat' dir='ltr'><strong>elogii</strong></span> <span class='ocrx_word' id='word_1_158' title='bbox 1978 2843 2045 2899; x_wconf 89' lang='lat' dir='ltr'><strong>sa·</strong></span> 
     </span>
     <span class='ocr_line' id='line_1_22' title="bbox 564 2936 2049 3058; baseline -0.003 -33"><span class='ocrx_word' id='word_1_159' title='bbox 564 2936 791 3026; x_wconf 89' lang='lat' dir='ltr'><strong>cerdotum</strong></span> <span class='ocrx_word' id='word_1_160' title='bbox 826 2936 901 3052; x_wconf 94' lang='lat' dir='ltr'><strong>qni</strong></span> <span class='ocrx_word' id='word_1_161' title='bbox 936 2937 1066 3024; x_wconf 86' lang='lat' dir='ltr'><strong>etiam</strong></span> <span class='ocrx_word' id='word_1_162' title='bbox 1090 2957 1415 3028; x_wconf 86' lang='lat' dir='ltr'><strong>commorantur</strong></span> <span class='ocrx_word' id='word_1_163' title='bbox 1439 2943 1479 3028; x_wconf 92' lang='lat' dir='ltr'><strong>in</strong></span> <span class='ocrx_word' id='word_1_164' title='bbox 1507 2939 1702 3058; x_wconf 88' lang='lat' dir='ltr'><strong>partibus</strong></span> <span class='ocrx_word' id='word_1_165' title='bbox 1723 2936 2049 3026; x_wconf 77' lang='lat' dir='ltr'><strong>dismembren-</strong></span> 
     </span>
     <span class='ocr_line' id='line_1_23' title="bbox 451 3057 2042 3180; baseline -0.006 -29"><span class='ocrx_word' id='word_1_166' title='bbox 451 3138 458 3151; x_wconf 82' lang='lat'>.</span> <span class='ocrx_word' id='word_1_167' title='bbox 563 3057 647 3146; x_wconf 89' lang='lat' dir='ltr'><strong>dae</strong></span> <span class='ocrx_word' id='word_1_168' title='bbox 682 3059 922 3174; x_wconf 88' lang='lat' dir='ltr'><strong>paroeciae,</strong></span> <span class='ocrx_word' id='word_1_169' title='bbox 951 3059 1018 3146; x_wconf 88' lang='lat' dir='ltr'><strong>isti</strong></span> <span class='ocrx_word' id='word_1_170' title='bbox 1041 3061 1255 3180; x_wconf 88' lang='lat' dir='ltr'><strong>siquidem</strong></span> <span class='ocrx_word' id='word_1_171' title='bbox 1294 3095 1381 3152; x_wconf 92' lang='lat' dir='ltr'><strong>non</strong></span> <span class='ocrx_word' id='word_1_172' title='bbox 1418 3065 1547 3152; x_wconf 90' lang='lat' dir='ltr'><strong>modo</strong></span> <span class='ocrx_word' id='word_1_173' title='bbox 1572 3079 1786 3150; x_wconf 89' lang='lat' dir='ltr'><strong>testantur</strong></span> <span class='ocrx_word' id='word_1_174' title='bbox 1808 3057 1973 3146; x_wconf 88' lang='lat' dir='ltr'><strong>nemini</strong></span> <span class='ocrx_word' id='word_1_175' title='bbox 1995 3057 2042 3144; x_wconf 90' lang='lat' dir='ltr'><strong>in</strong></span> 
     </span>
     <span class='ocr_line' id='line_1_24' title="bbox 564 3177 2048 3284; baseline -0.001 -16"><span class='ocrx_word' id='word_1_176' title='bbox 564 3181 771 3269; x_wconf 85' lang='lat' dir='ltr'><strong>extremis</strong></span> <span class='ocrx_word' id='word_1_177' title='bbox 825 3182 1003 3270; x_wconf 88' lang='lat' dir='ltr'><strong>Parochi</strong></span> <span class='ocrx_word' id='word_1_178' title='bbox 1047 3183 1311 3274; x_wconf 87' lang='lat' dir='ltr'><strong>adiutorium</strong></span> <span class='ocrx_word' id='word_1_179' title='bbox 1364 3219 1414 3276; x_wconf 90' lang='lat' dir='ltr'><strong>ac</strong></span> <span class='ocrx_word' id='word_1_180' title='bbox 1458 3187 1656 3274; x_wconf 92' lang='lat' dir='ltr'><strong>levamen</strong></span> <span class='ocrx_word' id='word_1_181' title='bbox 1707 3183 1926 3284; x_wconf 86' lang='lat' dir='ltr'><strong>doluisse,</strong></span> <span class='ocrx_word' id='word_1_182' title='bbox 1969 3177 2048 3267; x_wconf 88' lang='lat' dir='ltr'><strong>scd</strong></span> 
     </span>
     <span class='ocr_line' id='line_1_25' title="bbox 566 3301 2047 3418; baseline 0.002 -31"><span class='ocrx_word' id='word_1_183' title='bbox 566 3301 704 3418; x_wconf 86' lang='lat' dir='ltr'><strong>ipsam</strong></span> <span class='ocrx_word' id='word_1_184' title='bbox 740 3307 988 3418; x_wconf 88' lang='lat' dir='ltr'><strong>paroeciam</strong></span> <span class='ocrx_word' id='word_1_185' title='bbox 1023 3307 1180 3396; x_wconf 89' lang='lat' dir='ltr'><strong>mediis</strong></span> <span class='ocrx_word' id='word_1_186' title='bbox 1214 3309 1439 3397; x_wconf 89' lang='lat' dir='ltr'><strong>abundare</strong></span> <span class='ocrx_word' id='word_1_187' title='bbox 1486 3310 1543 3400; x_wconf 90' lang='lat' dir='ltr'><strong>ad</strong></span> <span class='ocrx_word' id='word_1_188' title='bbox 1586 3325 1852 3397; x_wconf 90' lang='lat' dir='ltr'><strong>sacramenta</strong></span> <span class='ocrx_word' id='word_1_189' title='bbox 1887 3321 1931 3392; x_wconf 92' lang='lat' dir='ltr'><strong>et</strong></span> <span class='ocrx_word' id='word_1_190' title='bbox 1964 3302 2047 3390; x_wconf 88' lang='lat' dir='ltr'><strong>alia</strong></span> 
     </span>
     <span class='ocr_line' id='line_1_26' title="bbox 563 3425 2046 3549; baseline 0.001 -39"><span class='ocrx_word' id='word_1_191' title='bbox 563 3425 801 3541; x_wconf 89' lang='lat' dir='ltr'><strong>spiritualia</strong></span> <span class='ocrx_word' id='word_1_192' title='bbox 834 3428 949 3515; x_wconf 90' lang='lat' dir='ltr'><strong>hona</strong></span> <span class='ocrx_word' id='word_1_193' title='bbox 983 3431 1234 3546; x_wconf 88' lang='lat' dir='ltr'><strong>recipienda</strong></span> <span class='ocrx_word' id='word_1_194' title='bbox 1275 3473 1290 3510; x_wconf 70' lang='lat' dir='ltr'><strong><em>a</em></strong></span> <span class='ocrx_word' id='word_1_195' title='bbox 1333 3431 1373 3518; x_wconf 87' lang='lat' dir='ltr'><strong>ta</strong></span> <span class='ocrx_word' id='word_1_196' title='bbox 1407 3431 1519 3520; x_wconf 82' lang='lat' dir='ltr'><strong>detto</strong></span> <span class='ocrx_word' id='word_1_197' title='bbox 1552 3430 1829 3549; x_wconf 84' lang='lat' dir='ltr'><strong>popolnzinne</strong></span> <span class='ocrx_word' id='word_1_198' title='bbox 1858 3427 1913 3513; x_wconf 83' lang='lat' dir='ltr'><strong>ltu</strong></span> <span class='ocrx_word' id='word_1_199' title='bbox 1947 3425 2046 3512; x_wconf 85' lang='lat' dir='ltr'><strong>tutti</strong></span> 
     </span>
     <span class='ocr_line' id='line_1_27' title="bbox 567 3547 2046 3671; baseline 0.001 -39"><span class='ocrx_word' id='word_1_200' title='bbox 567 3549 583 3632; x_wconf 84' lang='lat' dir='ltr'><strong>i</strong></span> <span class='ocrx_word' id='word_1_201' title='bbox 617 3547 780 3636; x_wconf 80' lang='lat' dir='ltr'><strong>contudi</strong></span> <span class='ocrx_word' id='word_1_202' title='bbox 814 3553 1025 3667; x_wconf 80' lang='lat' dir='ltr'><strong>mappiori</strong></span> <span class='ocrx_word' id='word_1_203' title='bbox 1045 3555 1116 3640; x_wconf 84' lang='lat' dir='ltr'><strong>cltc</strong></span> <span class='ocrx_word' id='word_1_204' title='bbox 1142 3585 1267 3670; x_wconf 86' lang='lat' dir='ltr'><strong>possa</strong></span> <span class='ocrx_word' id='word_1_205' title='bbox 1290 3553 1530 3643; x_wconf 82' lang='lat' dir='ltr'><strong>desiderare</strong></span> <span class='ocrx_word' id='word_1_206' title='bbox 1550 3587 1627 3671; x_wconf 84' lang='lat' dir='ltr'><strong>per</strong></span> <span class='ocrx_word' id='word_1_207' title='bbox 1649 3552 1925 3666; x_wconf 78' lang='lat' dir='ltr'><strong>ndentpieren</strong></span> <span class='ocrx_word' id='word_1_208' title='bbox 1947 3547 2046 3636; x_wconf 79' lang='lat' dir='ltr'><strong>tutti</strong></span> 
     </span>
     <span class='ocr_line' id='line_1_28' title="bbox 563 3669 2038 3797; baseline 0.001 -42"><span class='ocrx_word' id='word_1_209' title='bbox 563 3669 580 3756; x_wconf 85' lang='lat' dir='ltr'><strong>i</strong></span> <span class='ocrx_word' id='word_1_210' title='bbox 621 3671 815 3786; x_wconf 79' lang='lat' dir='ltr'><strong>relipiosi</strong></span> <span class='ocrx_word' id='word_1_211' title='bbox 848 3671 1010 3764; x_wconf 85' lang='lat' dir='ltr'><strong>doceri.</strong></span> <span class='ocrx_word' id='word_1_212' title='bbox 1054 3717 1071 3756; x_wconf 73' lang='grc' dir='ltr'><strong><em>ι</em></strong></span> <span class='ocrx_word' id='word_1_213' title='bbox 1109 3677 1173 3765; x_wconf 84' lang='lat' dir='ltr'><strong>Ac</strong></span> <span class='ocrx_word' id='word_1_214' title='bbox 1206 3677 1324 3797; x_wconf 93' lang='lat' dir='ltr'><strong>quod</strong></span> <span class='ocrx_word' id='word_1_215' title='bbox 1357 3678 1538 3782; x_wconf 85' lang='lat' dir='ltr'><strong>maximi</strong></span> <span class='ocrx_word' id='word_1_216' title='bbox 1572 3673 1821 3765; x_wconf 82' lang='lat' dir='ltr'><strong>laciendum</strong></span> <span class='ocrx_word' id='word_1_217' title='bbox 1856 3688 1936 3776; x_wconf 86' lang='lat' dir='ltr'><strong>est,</strong></span> <span class='ocrx_word' id='word_1_218' title='bbox 1962 3671 2038 3774; x_wconf 87' lang='lat' dir='ltr'><strong>ait,</strong></span> 
     </span>
     <span class='ocr_line' id='line_1_29' title="bbox 567 3792 2043 3912; baseline 0.001 -34"><span class='ocrx_word' id='word_1_219' title='bbox 567 3792 754 3910; x_wconf 88' lang='lat' dir='ltr'><strong>idipsum</strong></span> <span class='ocrx_word' id='word_1_220' title='bbox 797 3811 838 3881; x_wconf 91' lang='lat' dir='ltr'><strong>et</strong></span> <span class='ocrx_word' id='word_1_221' title='bbox 873 3795 969 3882; x_wconf 83' lang='lat' dir='ltr'><strong>laici</strong></span> <span class='ocrx_word' id='word_1_222' title='bbox 1013 3797 1288 3903; x_wconf 85' lang='lat' dir='ltr'><strong>confirmant,</strong></span> <span class='ocrx_word' id='word_1_223' title='bbox 1328 3799 1648 3888; x_wconf 86' lang='lat' dir='ltr'><strong>ntiFabricerii</strong></span> <span class='ocrx_word' id='word_1_224' title='bbox 1686 3814 1729 3884; x_wconf 91' lang='lat' dir='ltr'><strong>et</strong></span> <span class='ocrx_word' id='word_1_225' title='bbox 1761 3813 1929 3912; x_wconf 82' lang='lat' dir='ltr'><strong>septem</strong></span> <span class='ocrx_word' id='word_1_226' title='bbox 1967 3823 2043 3882; x_wconf 80' lang='lat' dir='ltr'><strong>su·</strong></span> 
     </span>
     <span class='ocr_line' id='line_1_30' title="bbox 565 3914 2043 4037; baseline 0 -36"><span class='ocrx_word' id='word_1_227' title='bbox 565 3945 642 4031; x_wconf 88' lang='lat' dir='ltr'><strong>pra</strong></span> <span class='ocrx_word' id='word_1_228' title='bbox 676 3915 829 4002; x_wconf 91' lang='lat' dir='ltr'><strong>decem</strong></span> <span class='ocrx_word' id='word_1_229' title='bbox 864 3919 1033 4024; x_wconf 87' lang='lat' dir='ltr'><strong>Medici,</strong></span> <span class='ocrx_word' id='word_1_230' title='bbox 1071 3921 1147 4037; x_wconf 93' lang='lat' dir='ltr'><strong>qui</strong></span> <span class='ocrx_word' id='word_1_231' title='bbox 1183 3955 1269 4008; x_wconf 92' lang='lat' dir='ltr'><strong>non</strong></span> <span class='ocrx_word' id='word_1_232' title='bbox 1303 3925 1442 4012; x_wconf 91' lang='lat' dir='ltr'><strong>solum</strong></span> <span class='ocrx_word' id='word_1_233' title='bbox 1490 3939 1700 4010; x_wconf 83' lang='lat' dir='ltr'><strong>testantur</strong></span> <span class='ocrx_word' id='word_1_234' title='bbox 1743 3914 2043 4006; x_wconf 90' lang='lat' dir='ltr'><strong>omnimodam</strong></span> 
     </span>
     <span class='ocr_line' id='line_1_31' title="bbox 563 4035 2045 4164; baseline -0.001 -40"><span class='ocrx_word' id='word_1_235' title='bbox 563 4035 899 4126; x_wconf 88' lang='lat' dir='ltr'><strong>sollicitudinem</strong></span> <span class='ocrx_word' id='word_1_236' title='bbox 939 4043 1323 4158; x_wconf 64' lang='lat' dir='ltr'><strong>,lugustinensium</strong></span> <span class='ocrx_word' id='word_1_237' title='bbox 1362 4047 1647 4164; x_wconf 88' lang='lat' dir='ltr'><strong>parochorum</strong></span> <span class='ocrx_word' id='word_1_238' title='bbox 1682 4074 1736 4130; x_wconf 88' lang='lat' dir='ltr'><strong>ne</strong></span> <span class='ocrx_word' id='word_1_239' title='bbox 1770 4039 1931 4157; x_wconf 82' lang='lat' dir='ltr'><strong>aegroti</strong></span> <span class='ocrx_word' id='word_1_240' title='bbox 1950 4035 2045 4124; x_wconf 90' lang='lat' dir='ltr'><strong>sine</strong></span> 
     </span>
     <span class='ocr_line' id='line_1_32' title="bbox 563 4160 2044 4282; baseline 0 -36"><span class='ocrx_word' id='word_1_241' title='bbox 563 4161 1136 4269; x_wconf 87' lang='lat' dir='ltr'><strong>sacramentisdecederent,</strong></span> <span class='ocrx_word' id='word_1_242' title='bbox 1163 4167 1393 4257; x_wconf 88' lang='lat' dir='ltr'><strong>sedetiam</strong></span> <span class='ocrx_word' id='word_1_243' title='bbox 1437 4211 1452 4248; x_wconf 76' lang='grc' dir='ltr'>ι</span> <span class='ocrx_word' id='word_1_244' title='bbox 1492 4169 1561 4256; x_wconf 82' lang='lat' dir='ltr'><strong>clte</strong></span> <span class='ocrx_word' id='word_1_245' title='bbox 1585 4171 1629 4255; x_wconf 82' lang='lat' dir='ltr'><strong>in</strong></span> <span class='ocrx_word' id='word_1_246' title='bbox 1653 4185 1784 4282; x_wconf 85' lang='lat' dir='ltr'><strong>tempo</strong></span> <span class='ocrx_word' id='word_1_247' title='bbox 1816 4165 1865 4250; x_wconf 82' lang='lat' dir='ltr'><strong>di</strong></span> <span class='ocrx_word' id='word_1_248' title='bbox 1907 4160 2044 4249; x_wconf 70' lang='lat' dir='ltr'><strong>coldra</strong></span> 
     </span>
     <span class='ocr_line' id='line_1_33' title="bbox 566 4281 2043 4408; baseline 0.002 -42"><span class='ocrx_word' id='word_1_249' title='bbox 566 4282 583 4367; x_wconf 81' lang='lat' dir='ltr'><strong>i</strong></span> <span class='ocrx_word' id='word_1_250' title='bbox 615 4281 758 4368; x_wconf 75' lang='lat' dir='ltr'><strong>Patri</strong></span> <span class='ocrx_word' id='word_1_251' title='bbox 788 4284 972 4374; x_wconf 82' lang='lat' dir='ltr'><strong>suddetti</strong></span> <span class='ocrx_word' id='word_1_252' title='bbox 1011 4287 1148 4375; x_wconf 76' lang='lat' dir='ltr'><strong>hanam</strong></span> <span class='ocrx_word' id='word_1_253' title='bbox 1194 4323 1350 4407; x_wconf 82' lang='lat' dir='ltr'><strong>senrprc</strong></span> <span class='ocrx_word' id='word_1_254' title='bbox 1380 4296 1566 4408; x_wconf 79' lang='lat' dir='ltr'><strong>spicpnto</strong></span> <span class='ocrx_word' id='word_1_255' title='bbox 1608 4323 1663 4376; x_wconf 88' lang='lat' dir='ltr'><strong>un</strong></span> <span class='ocrx_word' id='word_1_256' title='bbox 1701 4289 1870 4376; x_wconf 82' lang='lat' dir='ltr'><strong>ottioitu</strong></span> <span class='ocrx_word' id='word_1_257' title='bbox 1902 4283 2043 4370; x_wconf 85' lang='lat' dir='ltr'><strong>ezelo</strong></span> 
     </span>
     <span class='ocr_line' id='line_1_34' title="bbox 563 4405 2044 4532; baseline 0.002 -43"><span class='ocrx_word' id='word_1_258' title='bbox 563 4405 849 4519; x_wconf 81' lang='lat' dir='ltr'><strong>superiorend</strong></span> <span class='ocrx_word' id='word_1_259' title='bbox 870 4411 969 4523; x_wconf 82' lang='lat' dir='ltr'><strong>opni</strong></span> <span class='ocrx_word' id='word_1_260' title='bbox 985 4410 1137 4525; x_wconf 80' lang='lat' dir='ltr'><strong>elopio.</strong></span> <span class='ocrx_word' id='word_1_261' title='bbox 1166 4453 1181 4490; x_wconf 66' lang='lat' dir='ltr'><strong>a</strong></span> <span class='ocrx_word' id='word_1_262' title='bbox 1210 4415 1491 4532; x_wconf 83' lang='lat' dir='ltr'><strong>Quapropter</strong></span> <span class='ocrx_word' id='word_1_263' title='bbox 1514 4413 1749 4513; x_wconf 89' lang='lat' dir='ltr'><strong>concludit,</strong></span> <span class='ocrx_word' id='word_1_264' title='bbox 1787 4440 1884 4499; x_wconf 91' lang='lat' dir='ltr'><strong>cum</strong></span> <span class='ocrx_word' id='word_1_265' title='bbox 1905 4408 2044 4494; x_wconf 87' lang='lat' dir='ltr'><strong>hacte-</strong></span> 
     </span>
     <span class='ocr_line' id='line_1_35' title="bbox 564 4527 2041 4654; baseline 0.001 -42"><span class='ocrx_word' id='word_1_266' title='bbox 564 4557 644 4612; x_wconf 89' lang='lat' dir='ltr'><strong>nus</strong></span> <span class='ocrx_word' id='word_1_267' title='bbox 675 4527 842 4616; x_wconf 84' lang='lat' dir='ltr'><strong>bonum</strong></span> <span class='ocrx_word' id='word_1_268' title='bbox 876 4533 1100 4647; x_wconf 91' lang='lat' dir='ltr'><strong>spirituale</strong></span> <span class='ocrx_word' id='word_1_269' title='bbox 1132 4553 1382 4654; x_wconf 88' lang='lat' dir='ltr'><strong>promotum</strong></span> <span class='ocrx_word' id='word_1_270' title='bbox 1414 4539 1559 4644; x_wconf 86' lang='lat' dir='ltr'><strong>luerit,</strong></span> <span class='ocrx_word' id='word_1_271' title='bbox 1582 4535 1900 4633; x_wconf 88' lang='lat' dir='ltr'><strong>innovationes,</strong></span> <span class='ocrx_word' id='word_1_272' title='bbox 1928 4557 2041 4648; x_wconf 88' lang='lat' dir='ltr'><strong>quae</strong></span> 
     </span>
     <span class='ocr_line' id='line_1_36' title="bbox 563 4647 2041 4772; baseline 0.001 -37"><span class='ocrx_word' id='word_1_273' title='bbox 563 4647 654 4765; x_wconf 87' lang='lat' dir='ltr'><strong>ipsa</strong></span> <span class='ocrx_word' id='word_1_274' title='bbox 689 4653 881 4741; x_wconf 81' lang='lat' dir='ltr'><strong>novitate</strong></span> <span class='ocrx_word' id='word_1_275' title='bbox 911 4659 1186 4772; x_wconf 88' lang='lat' dir='ltr'><strong>perturbant,</strong></span> <span class='ocrx_word' id='word_1_276' title='bbox 1222 4675 1372 4748; x_wconf 86' lang='lat' dir='ltr'><strong>contra</strong></span> <span class='ocrx_word' id='word_1_277' title='bbox 1420 4691 1608 4750; x_wconf 87' lang='lat' dir='ltr'><strong>canones</strong></span> <span class='ocrx_word' id='word_1_278' title='bbox 1652 4689 1737 4745; x_wconf 94' lang='lat' dir='ltr'><strong>non</strong></span> <span class='ocrx_word' id='word_1_279' title='bbox 1788 4687 1880 4744; x_wconf 91' lang='lat' dir='ltr'><strong>esse</strong></span> <span class='ocrx_word' id='word_1_280' title='bbox 1911 4649 2041 4740; x_wconf 91' lang='lat' dir='ltr'><strong>indu·</strong></span> 
     </span>
     <span class='ocr_line' id='line_1_37' title="bbox 562 4771 2040 4903; baseline 0.001 -46"><span class='ocrx_word' id='word_1_281' title='bbox 562 4771 721 4860; x_wconf 87' lang='lat' dir='ltr'><strong>cendas</strong></span> <span class='ocrx_word' id='word_1_282' title='bbox 755 4776 797 4863; x_wconf 92' lang='lat' dir='ltr'><strong>in</strong></span> <span class='ocrx_word' id='word_1_283' title='bbox 832 4779 1030 4892; x_wconf 86' lang='lat' dir='ltr'><strong>paroecia</strong></span> <span class='ocrx_word' id='word_1_284' title='bbox 1064 4782 1110 4872; x_wconf 90' lang='lat' dir='ltr'><strong>S.</strong></span> <span class='ocrx_word' id='word_1_285' title='bbox 1148 4785 1322 4886; x_wconf 86' lang='lat' dir='ltr'><strong>llariae,</strong></span> <span class='ocrx_word' id='word_1_286' title='bbox 1361 4787 1615 4903; x_wconf 89' lang='lat' dir='ltr'><strong>praesertim</strong></span> <span class='ocrx_word' id='word_1_287' title='bbox 1648 4813 1747 4871; x_wconf 93' lang='lat' dir='ltr'><strong>cum</strong></span> <span class='ocrx_word' id='word_1_288' title='bbox 1791 4779 1890 4867; x_wconf 91' lang='lat' dir='ltr'><strong>huic</strong></span> <span class='ocrx_word' id='word_1_289' title='bbox 1920 4777 2040 4861; x_wconf 90' lang='lat' dir='ltr'><strong>bono</strong></span> 
     </span>
     <span class='ocr_line' id='line_1_38' title="bbox 561 4894 2041 5024; baseline 0 -42"><span class='ocrx_word' id='word_1_290' title='bbox 561 4894 656 4984; x_wconf 88' lang='lat' dir='ltr'><strong>aliis</strong></span> <span class='ocrx_word' id='word_1_291' title='bbox 689 4899 844 4986; x_wconf 90' lang='lat' dir='ltr'><strong>mediis</strong></span> <span class='ocrx_word' id='word_1_292' title='bbox 878 4903 1098 5015; x_wconf 88' lang='lat' dir='ltr'><strong>provisum</strong></span> <span class='ocrx_word' id='word_1_293' title='bbox 1134 4908 1204 5010; x_wconf 92' lang='lat' dir='ltr'><strong>sit,</strong></span> <span class='ocrx_word' id='word_1_294' title='bbox 1242 4926 1284 4995; x_wconf 90' lang='lat' dir='ltr'><strong>et</strong></span> <span class='ocrx_word' id='word_1_295' title='bbox 1318 4938 1396 5024; x_wconf 89' lang='lat' dir='ltr'><strong>per</strong></span> <span class='ocrx_word' id='word_1_296' title='bbox 1424 4908 1529 4996; x_wconf 89' lang='lat' dir='ltr'><strong>alios</strong></span> <span class='ocrx_word' id='word_1_297' title='bbox 1577 4907 1849 4994; x_wconf 89' lang='lat' dir='ltr'><strong>coadiutores</strong></span> <span class='ocrx_word' id='word_1_298' title='bbox 1885 4896 2041 4985; x_wconf 88' lang='lat' dir='ltr'><strong>melius</strong></span> 
     </span>
     <span class='ocr_line' id='line_1_39' title="bbox 564 5021 1720 5148; baseline 0.01 -45"><span class='ocrx_word' id='word_1_299' title='bbox 564 5033 697 5136; x_wconf 79' lang='lat' dir='ltr'><strong>q‘uam</strong></span> <span class='ocrx_word' id='word_1_300' title='bbox 731 5051 811 5138; x_wconf 94' lang='lat' dir='ltr'><strong>per</strong></span> <span class='ocrx_word' id='word_1_301' title='bbox 842 5021 1278 5118; x_wconf 89' lang='lat' dir='ltr'><strong>dismembrationem</strong></span> <span class='ocrx_word' id='word_1_302' title='bbox 1314 5031 1534 5148; x_wconf 92' lang='lat' dir='ltr'><strong>provideri</strong></span> <span class='ocrx_word' id='word_1_303' title='bbox 1569 5030 1720 5148; x_wconf 87' lang='lat' dir='ltr'><strong>possit.</strong></span> 
     </span>
    </p>

    <p class='ocr_par' dir='ltr' id='par_1_4' title="bbox 561 5143 2049 5518">
     <span class='ocr_line' id='line_1_40' title="bbox 689 5143 2042 5272; baseline -0.003 -40"><span class='ocrx_word' id='word_1_304' title='bbox 689 5145 799 5232; x_wconf 88' lang='lat' dir='ltr'><strong>Cum</strong></span> <span class='ocrx_word' id='word_1_305' title='bbox 835 5143 981 5263; x_wconf 90' lang='lat' dir='ltr'><strong>itaque</strong></span> <span class='ocrx_word' id='word_1_306' title='bbox 1015 5150 1191 5266; x_wconf 86' lang='lat' dir='ltr'><strong>parochi</strong></span> <span class='ocrx_word' id='word_1_307' title='bbox 1225 5153 1402 5242; x_wconf 90' lang='lat' dir='ltr'><strong>Ordinis</strong></span> <span class='ocrx_word' id='word_1_308' title='bbox 1434 5157 1479 5244; x_wconf 90' lang='lat' dir='ltr'><strong>S.</strong></span> <span class='ocrx_word' id='word_1_309' title='bbox 1517 5152 1747 5272; x_wconf 79' lang='lat' dir='ltr'><strong>Augustini</strong></span> <span class='ocrx_word' id='word_1_310' title='bbox 1780 5146 2042 5270; x_wconf 83' lang='lat' dir='ltr'><strong>optimesua</strong></span> 
     </span>
     <span class='ocr_line' id='line_1_41' title="bbox 561 5263 2049 5394; baseline -0.001 -43"><span class='ocrx_word' id='word_1_311' title='bbox 561 5263 698 5353; x_wconf 88' lang='lat' dir='ltr'><strong>officia</strong></span> <span class='ocrx_word' id='word_1_312' title='bbox 730 5265 1084 5384; x_wconf 89' lang='lat' dir='ltr'><strong>adimpleverint,</strong></span> <span class='ocrx_word' id='word_1_313' title='bbox 1122 5289 1165 5361; x_wconf 93' lang='lat' dir='ltr'><strong>et</strong></span> <span class='ocrx_word' id='word_1_314' title='bbox 1198 5275 1473 5394; x_wconf 88' lang='lat' dir='ltr'><strong>adimpleant</strong></span> <span class='ocrx_word' id='word_1_315' title='bbox 1491 5281 1550 5366; x_wconf 91' lang='lat' dir='ltr'><strong>nil</strong></span> <span class='ocrx_word' id='word_1_316' title='bbox 1575 5275 1819 5366; x_wconf 88' lang='lat' dir='ltr'><strong>timendum</strong></span> <span class='ocrx_word' id='word_1_317' title='bbox 1853 5299 1945 5358; x_wconf 91' lang='lat' dir='ltr'><strong>csse</strong></span> <span class='ocrx_word' id='word_1_318' title='bbox 1983 5263 2049 5351; x_wconf 88' lang='lat' dir='ltr'><strong>ait</strong></span> 
     </span>
     <span class='ocr_line' id='line_1_42' title="bbox 561 5399 2040 5518; baseline 0.001 -46"><span class='ocrx_word' id='word_1_319' title='bbox 561 5417 615 5472; x_wconf 89' lang='lat' dir='ltr'><strong>ex</strong></span> <span class='ocrx_word' id='word_1_320' title='bbox 636 5403 762 5502; x_wconf 90' lang='lat' dir='ltr'><strong>parte</strong></span> <span class='ocrx_word' id='word_1_321' title='bbox 794 5400 1145 5506; x_wconf 87' lang='lat' dir='ltr'><strong>protestantium,</strong></span> <span class='ocrx_word' id='word_1_322' title='bbox 1174 5399 1220 5485; x_wconf 90' lang='lat' dir='ltr'><strong>l⁰</strong></span> <span class='ocrx_word' id='word_1_323' title='bbox 1243 5401 1346 5518; x_wconf 91' lang='lat' dir='ltr'><strong>quia</strong></span> <span class='ocrx_word' id='word_1_324' title='bbox 1369 5403 1511 5492; x_wconf 89' lang='lat' dir='ltr'><strong>nullus</strong></span> <span class='ocrx_word' id='word_1_325' title='bbox 1526 5401 1847 5493; x_wconf 75' lang='lat' dir='ltr'><strong>catholicorum</strong></span> <span class='ocrx_word' id='word_1_326' title='bbox 1871 5423 1925 5482; x_wconf 85' lang='lat' dir='ltr'><strong>ex</strong></span> <span class='ocrx_word' id='word_1_327' title='bbox 1943 5403 2040 5478; x_wconf 91' lang='lat' dir='ltr'><strong>octo</strong></span> 
     </span>
    </p>
   </div>
   <div class='ocr_carea' id='block_1_3' title="bbox 0 0 2228 6324">
    <p class='ocr_par' dir='ltr' id='par_1_5' title="bbox 0 0 2228 6324">
     <span class='ocr_line' id='line_1_43' title="bbox 0 0 2228 6324; baseline 0 0"><span class='ocrx_word' id='word_1_328' title='bbox 0 0 2228 6324; x_wconf 95' lang='lat' dir='ltr'><strong> </strong></span> 
     </span>
    </p>
   </div>
  </div>
 </body>
</html>
