4558 6340
745 351 907 438 Dicet
948 349 1066 438 lunii
1100 355 1235 444 4879.
1648 350 1741 438 273

245 489 390 564 ratam
425 467 802 560 Administratoris
826 474 1057 564 Melitensis
1077 492 1180 566 tunc
1201 473 1463 592 repellebat.
1490 472 1633 587 Super
1665 473 1744 561 liae

251 613 402 685 tamen
438 592 695 708 exceptione
721 595 781 682 nil
815 597 957 685 adlruc
978 599 1194 688 Tribunal
1229 596 1439 696 decrevit,
1476 623 1665 710 cumque
1688 593 1746 683 ad

254 713 465 806 ulteriora
514 715 753 830 procedere
801 719 943 822 velit,
980 751 1031 808 ee
1061 719 1198 844 officio
1247 719 1421 809 vocabit
1466 717 1522 806 ad
1570 745 1747 806 causam

253 845 555 928 Oeconomum
596 839 944 928 Gaudisiensem.
982 845 1029 931 ln
1064 877 1152 963 quo
1200 875 1302 932 snus
1342 845 1634 944 Oeconomus,
1673 841 1749 958 qui

254 979 376 1050 actor
411 961 541 1046 estin
579 959 915 1065 iudicio,l1aud
949 967 1219 1070 intercedet,
1257 965 1326 1054 eui
1360 963 1500 1052 solum
1538 963 1747 1080 inoppor·
1859 1029 1864 1039 .

258 1101 411 1172 tonum
447 1083 587 1170 risum
628 1101 692 1172 est
724 1117 879 1174 causae
915 1090 1205 1190 renuntiare,
1244 1119 1316 1190 ue,
1367 1097 1540 1205 praeter
1572 1084 1749 1172 caules·-

253 1207 423 1294 sionem
459 1203 701 1302 deficientis
747 1209 887 1311 iuris,
927 1211 1133 1328 expensis
1177 1240 1357 1330 quoque
1401 1205 1742 1298 renuntiationis

253 1325 531 1417 subiiciatur.

382 1452 529 1536 Novae
549 1451 727 1566 posthae
747 1454 957 1570 querelae
975 1455 1032 1542 ab
1055 1455 1270 1572 Episcopo
1294 1451 1577 1544 Gaudisiensi
1601 1453 1645 1541 S.
1667 1453 1746 1540 Or·

255 1571 348 1662 dini
382 1591 608 1690 porrectae
641 1593 742 1662 suut
763 1607 896 1692 super
915 1579 1222 1693 prosecutione
1246 1591 1458 1677 actorum,
1480 1573 1582 1661 data
1607 1575 1740 1662 etiam
1847 1604 1849 1606 ·

254 1695 378 1811 copia
411 1695 652 1783 sententiae
695 1697 950 1788 definitivae
990 1698 1242 1789 Tribunalis
1295 1699 1432 1787 civilis
1482 1695 1750 1784 absolventis

256 1819 564 1932 emphyteutas
608 1819 651 1904 iu
687 1851 831 1908 rerum
865 1836 994 1924 statu,
1021 1821 1162 1910 donee
1197 1824 1247 1912 lis
1284 1852 1417 1938 super
1441 1818 1746 1906 iurisdictione

255 1941 510 2029 Antistitum
537 1943 700 2030 Romae
735 1973 821 2030 non
857 1943 1122 2046 definiatur,
1160 1975 1239 2034 uec
1283 1975 1369 2031 non
1405 1959 1522 2030 actus
1555 1942 1747 2058 appella·

255 2063 385 2150 tionis
431 2063 489 2149 ab
533 2081 677 2151 actore
719 2068 970 2154 Oeconomo
1026 2067 1342 2185 interpositae,
1389 2063 1553 2183 quibus
1614 2067 1739 2150 Auti-

252 2203 338 2274 stes
357 2184 590 2273 Melitensis
609 2216 655 2272 se
687 2193 904 2306 prrrgavit.
932 2191 1010 2276 llic
1033 2189 1169 2290 enim,
1204 2189 1317 2277 inter
1355 2205 1543 2284 coetera,
1593 2203 1741 2272 osten·

252 2307 315 2396 dit
350 2337 478 2394 suum
527 2309 837 2398 Oeconomum.
875 2313 1124 2427 nequivisse
1161 2310 1423 2400 senteutiam
1467 2309 1549 2394 sibi
1590 2308 1737 2394 inimi·

255 2460 352 2518 cam
390 2459 642 2543 provocare,
675 2463 788 2550 qnae
831 2433 1008 2551 paudite
1056 2453 1121 2522 est
1154 2467 1177 2521 a
1212 2432 1443 2520 Tribunali
1482 2463 1533 2517 car
1563 2425 1735 2552 officio:

253 2552 373 2672 quod
408 2553 440 2637 si
476 2553 519 2637 iu
555 2584 602 2639 re
640 2555 810 2670 trepida
843 2557 1081 2672 appellarit
1114 2557 1170 2646 ad
1203 2556 1417 2642 Tribuual
1441 2555 1620 2641 secundi
1643 2583 1743 2670 gra-

250 2677 350 2777 duS,
367 2675 410 2760 id
431 2673 536 2789 ogit,
560 2707 615 2764 ne
637 2677 781 2765 latialia
807 2678 1078 2780 laberentur,
1106 2678 1322 2767 destitisse
1358 2695 1519 2777 tamen,
1567 2675 1749 2762 minime

257 2799 566 2913 transportatis
599 2801 703 2888 actis
740 2801 851 2888 intra
885 2801 1120 2888 terminum
1157 2801 1280 2902 iuris,
1318 2801 1376 2886 ob
1411 2797 1605 2886 assiduas
1637 2827 1749 2884 con-

253 2921 410 3007 trarias
449 2921 678 3038 querelas,
718 2923 835 3012 unde
882 2924 1099 3011 sententia
1147 2923 1404 3012 Tribunalis
1447 2921 1585 3008 civilis
1636 2919 1749 3005 abiit

250 3041 413 3130 lavore
440 3047 827 3162 emplqteutarum
864 3045 905 3132 in
941 3045 1199 3134 iudicatum.

378 3165 480 3252 Post
511 3195 624 3285 quae
658 3169 759 3257 iussi
794 3199 972 3256 eausam
1010 3169 1117 3285 poni
1141 3171 1182 3255 in
1227 3167 1347 3268 lolio,
1385 3183 1446 3268 et,
1483 3162 1747 3252 concordate

253 3287 366 3374 inter
396 3305 538 3404 partes
564 3291 710 3377 Dubio
743 3321 878 3408 super
911 3290 1106 3406 principe
1144 3291 1403 3411 quaestione
1436 3285 1749 3376 iurisdictionis
1878 3303 1883 3314 ·

253 3409 440 3498 duorum
478 3413 734 3500 Antistitum
773 3414 816 3500 iu
851 3412 1124 3501 institutione
1175 3445 1199 3501 a
1227 3445 1315 3531 qna
1340 3427 1510 3500 caetera
1543 3409 1638 3496 iura
1672 3435 1748 3494 ve·

252 3532 334 3619 luti
369 3563 447 3649 per
479 3535 839 3653 consequentiam
876 3553 1072 3638 manent,
1110 3567 1239 3624 causa
1284 3534 1415 3623 modo
1464 3532 1742 3650 proponitur.

378 3657 674 3746 Gaudisiensis
709 3659 909 3775 Episcopi
955 3657 1168 3746 Defensor
1206 3660 1304 3746 totis
1359 3657 1525 3743 viribus
1557 3671 1747 3744 conatur

255 3780 487 3867 ostendere
510 3798 698 3898 quatuor
730 3812 821 3868 esse
843 3781 1057 3868 beneficia
1081 3783 1212 3898 vulgo
1235 3779 1349 3866 -dei
1374 3781 1421 3870 V
1418 3777 1564 3894 oqnoli
1581 3825 1608 3839 -
1625 3807 1747 3896 quo-

250 3933 349 3988 rnm
388 3903 468 3989 tria
503 3903 616 3992 inter
649 3903 810 3992 limites
842 3903 1140 3992 Gaudisiensis
1162 3902 1380 3991 llioecesis
1403 3901 1585 3990 lundata
1615 3930 1742 4018 repe·

254 4025 452 4128 riuntur,
496 4027 681 4114 alterurn
721 4058 824 4115 vero
861 4027 904 4113 in
938 4026 1186 4114 Catlredrali
1222 4026 1410 4115 Ecclesia
1457 4024 1739 4110 llelevitana.

254 4149 347 4236 lloc
392 4163 536 4237 autem
578 4167 623 4236 ut
656 4149 829 4238 evincat
874 4149 1025 4236 recolit
1068 4150 1324 4238 Smcraldae
1367 4145 1559 4234 Bordino
1600 4145 1744 4260 dispo·

249 4269 470 4373 sitioucm,
499 4303 551 4359 ex
573 4303 660 4390 qua
684 4272 965 4390 apertissimis
985 4273 1132 4359 verbis
1150 4273 1244 4360 erui
1284 4285 1402 4358 tenet
1435 4281 1623 4384 quatuor
1671 4265 1747 4354 di·
1781 4311 1785 4318 ·

254 4421 402 4479 versas
438 4425 531 4482 csse
572 4395 867 4484 laudationes
903 4395 1148 4513 Unicuique
1192 4395 1310 4480 enim
1352 4387 1598 4480 lundationi
1643 4418 1739 4502 pro·

253 4515 839 4631 priaadnexasuntonera,
879 4520 1056 4634 propria
1111 4517 1326 4633 assignata
1376 4529 1476 4601 sunt
1523 4511 1640 4596 bona
1675 4507 1743 4595 di-

256 4637 720 4731 versisattribuenda
777 4641 1044 4758 presbyteris
1080 4670 1203 4727 asuo
1256 4637 1447 4726 haerede
1497 4631 1742 4718 nominan-

255 4759 339 4848 dis.
374 4763 506 4872 Quod
540 4764 652 4850 adeo
687 4793 838 4852 vcrurn
879 4795 970 4851 csse
1005 4764 1163 4878 pergit,
1204 4778 1250 4846 ut
1286 4763 1377 4877 ipse
1422 4760 1570 4844 haeres
1609 4757 1744 4840 Anto·

256 4883 351 4968 rrius
377 4886 560 5000 Vagnoli
591 4885 998 5004 piamlundatricis
1030 4884 1358 5000 dispositionem
1392 4877 1637 4968 executioni
1671 4875 1746 4962 de-

255 5004 509 5095 mandaudo
543 5009 652 5098 diros
686 5008 930 5126 designavit
974 5009 1229 5096 Sacerdotes
1266 5037 1346 5124 pro
1378 5001 1606 5120 explendis
1639 5026 1744 5085 one·

256 5129 378 5215 ribus
408 5130 624 5219 beneficio
657 5133 806 5218 Cortin
839 5131 998 5214 Herriu
1036 5129 1236 5232 adnexis,
1264 5155 1452 5246 quorum
1489 5125 1598 5210 allel
1629 5133 1741 5207 esset

256 5249 314 5337 de
347 5252 486 5340 insula
522 5254 814 5356 Gaudisiensi,
851 5254 1107 5340 llleleritanu
1148 5251 1270 5358 alter.
1310 5249 1444 5365 Atqui
1479 5279 1530 5333 erc
1561 5246 1638 5330 ltuc
1671 5241 1742 5328 bo·

256 5403 401 5459 norum
440 5373 707 5464 distinctione
738 5409 827 5462 cum
866 5375 1144 5462 reservatione
1186 5375 1228 5459 in
1266 5372 1448 5489 quolibet
1489 5370 1745 5482 t'urt'spetro·

257 5513 380 5583 notan
404 5531 453 5585 oe
486 5501 766 5587 nortrt'nutione
789 5497 1047 5587 diuersorum
1070 5496 1411 5613 Presbyterorunr
1427 5495 1580 5610 optime
1601 5487 1748 5605 erpui-

1560 5639 1619 5728 35
