4460 6332
627 439 708 524 Die
739 440 800 526 20
831 437 1079 554 Septembris
1113 439 1681 532 1879183

199 595 344 683 posse,
389 563 554 652 dum
545 561 627 681 rpsi
661 591 839 650 amnem
874 560 1120 652 adhibuere
1158 591 1309 650 curam
1351 581 1397 650 ut
1433 561 1550 652 dicta
1589 595 1692 652 con-

27 679 59 735 ²''³
203 687 316 776 lusio
348 686 528 789 vitetur,
554 716 696 774 sacras
735 683 1003 772 celebrando
1047 682 1291 772 lunationes
1329 701 1565 826 postquam
1617 719 1691 774 ex·

44 842 59 865 ··
202 810 348 950 pletae
382 809 604 896 luerunt
593 839 636 894 m
670 806 858 894 Ecclesia
894 806 1150 921 parochiali.
1186 805 1314 918 Quod
1355 807 1391 894 si
1414 807 1691 948 aliquandiu

203 933 248 1020 in
290 947 414 1048 parte
457 945 853 1046 contemporaneae
891 928 1086 1027 luerunt,
1128 959 1183 1016 ex
1205 958 1257 1015 co
1296 928 1443 1016 evemt
1469 961 1575 1046 quta
1601 961 1697 1020 ma

46 1088 49 1097 ·
206 1054 293 1141 trix
316 1053 506 1142 Ecclesia
529 1053 645 1141 baud
666 1053 771 1140 horu
795 1069 999 1138 consueta
1024 1050 1120 1137 illas
1137 1051 1394 1139 celebravit.
1423 1053 1525 1138 lora
1546 1069 1693 1141 autem

207 1175 390 1264 Parochi
415 1192 458 1262 et
482 1173 595 1264 Cleri
615 1172 799 1261 minime
818 1171 929 1260 laedi
954 1173 1148 1260 edicunt.
1171 1175 1279 1262 Cum
1300 1174 1419 1259 enim
1468 1173 1510 1258 in
1557 1175 1695 1263 lacul-

206 1314 293 1386 tate
337 1314 380 1384 et
424 1296 608 1383 arbitrio
650 1295 1027 1386 Conlraternitatis
1071 1315 1180 1382 esset
1218 1297 1359 1383 locum
1403 1294 1565 1412 figendi
1610 1298 1689 1384 ubi

204 1417 363 1506 melius
396 1419 477 1534 ipsi
512 1417 710 1520 libuerit,
735 1417 971 1534 eidemque
1009 1417 1072 1504 ios
1095 1419 1150 1504 sit
1171 1449 1312 1507 sacras
1341 1415 1581 1506 luuctiones
1607 1450 1685 1536 per

203 1571 331 1640 suum
353 1542 583 1629 [lectorem
607 1539 861 1658 peragendi,
875 1569 1017 1656 neque
1033 1540 1356 1657 Clarus,neque
1376 1541 1591 1628 Parachos
1612 1542 1692 1629 hae

205 1663 261 1751 de
301 1694 348 1750 re
381 1661 505 1780 queri
543 1677 687 1780 posset
720 1663 837 1748 iuxta
874 1662 1141 1750 notissimam
1172 1663 1275 1750 iuris
1298 1663 1494 1780 regulam
1524 1664 1693 1750 Nemini

207 1785 412 1872 iniuriam
445 1783 553 1904 facit
585 1801 657 1900 quc·
689 1817 761 1870 sna
793 1786 928 1872 utitur
962 1787 1070 1871 iure.

333 1909 495 1996 Contra
527 1909 604 1994 scd
642 1938 742 1994 vero
766 1905 1208 1994 animadvertendum
1225 1907 1412 1994 occurrit
1436 1937 1549 2024 quae
1574 1922 1695 1995 notat

207 2029 405 2117 Antiates
421 2059 501 2146 pro
525 2029 786 2144 deneganda
809 2027 1021 2116 Pontificii
1041 2030 1192 2116 Brevis
1205 2047 1520 2146 exequutione
1547 2031 1696 2141 Qua-n

209 2151 452 2268 doquidem
488 2182 588 2240 eum
626 2152 778 2240 Brevis
812 2151 1026 2238 Pontificii
1050 2151 1286 2268 exequutio
1303 2151 1383 2269 ipsr
1374 2150 1548 2239 '·luerat
1572 2183 1695 2240 eom-

146 2289 151 2298 '
210 2275 358 2378 missa,
381 2290 516 2392 atque
534 2275 668 2390 ipsius
691 2273 976 2362 conscientiae
997 2290 1039 2361 et
1061 2275 1240 2361 arbitrio
1266 2273 1458 2378 remisse,
1465 2274 1693 2363 videretur

205 2396 323 2515 quod
346 2397 513 2512 optimo
534 2397 626 2483 iure
651 2397 814 2484 valeret
836 2396 1177 2514 exequutionem
1198 2395 1419 2513 denegare
1442 2427 1495 2482 ne
1520 2397 1689 2483 inutilis

207 2519 380 2610 dicatur
412 2518 520 2606 lacta
557 2519 670 2605 illius
711 2520 929 2606 clausolae
966 2519 1198 2636 appositio.
1225 2520 1286 2605 Eo
1324 2519 1394 2606 vel
1425 2519 1562 2636 magis
1584 2519 1689 2636 quia

208 2641 412 2728 instantia
447 2641 551 2728 vitio
585 2641 857 2758 obreptionis
889 2640 1274 2758 subreptionisque
1317 2639 1431 2732 infici
1467 2656 1689 2746 autumat,

207 2763 311 2902 quia
334 2762 514 2852 Sodales
536 2763 654 2850 haud
690 2765 931 2852 retulerunt
965 2763 1164 2850 Pantiliei
1182 2763 1408 2905 proprium
1433 2709 1689 2851 Oratoriuni

206 2883 335 2972 nimis
369 2886 667 3004 propinquum
702 2917 794 2974 esse
812 2887 1043 3002 paroeciali
1068 2887 1337 2978 Ecclesiae
1327 2919 1368 2974 m
1394 2919 1480 3004 qua
1498 2887 1685 2978 SSmum

206 3011 537 3098 Sacramentum
574 3025 834 3111 asservatur,
872 3039 985 3130 quae
1018 3008 1340 3096 circumstantia
1364 3007 1558 3098 fortassis
1581 3011 1689 3094 Pon·

207 3127 367 3216 tilieem
401 3131 458 3218 ab
491 3130 739 3250 elargienda
773 3133 909 3250 petita
943 3130 1079 3249 gratia
1112 3131 1377 3218 retraxisset.
1399 3133 1569 3219 Fortius
1590 3129 1692 3248 quia

208 3255 350 3339 Breve
383 3282 632 3340 concessum
668 3253 749 3340 luit
782 3253 931 3370 absque
963 3254 1051 3340 ullo
1074 3251 1394 3340 Parocbialiurn
1429 3255 1585 3342 iuriam
1622 3251 1690 3339 de-

206 3373 414 3472 trimento,
441 3375 577 3492 quod,
598 3391 816 3496 exequuta
840 3375 987 3479 Brevi,
1009 3373 1315 3462 indubitanter
1347 3375 1559 3476 eveniret,
1580 3371 1690 3462 dum

206 3495 550 3586 Conlruternitas
597 3499 643 3585 in*
687 3500 880 3588 themate
911 3530 936 3587 a
971 3499 1148 3586 Parachi
1184 3497 1478 3616 dependentia
1518 3527 1697 3614 prorsus

206 3636 411 3736 exempta
446 3638 639 3708 maneret
672 3624 816 3736 prouti
853 3622 975 3710 lacile
1009 3652 1062 3710 ex
1095 3651 1235 3737 nuper
1273 3620 1474 3710 discussis
1507 3619 1691 3706 eruitur.

275 3817 279 3826 ,
332 3741 402 3829 Ad
426 3742 491 3830 ins
525 3743 643 3860 quod
667 3745 749 3832 sibi
785 3743 1057 3861 portendunt
1076 3741 1255 3832 Sodnles
1279 3774 1422 3832 sacras
1451 3741 1694 3859 peragendi

205 3863 463 3968 lunationes
501 3865 654 3954 sedulo
693 3866 956 3955 considerari
993 3867 1127 3954 debet
1177 3865 1296 3984 quod
1336 3865 1573 3982 Episcopus
1606 3863 1696 3980 ple·

208 4015 309 4072 nam
343 3985 476 4075 hahet
511 3988 851 4078 iurisdictionem
894 3990 937 4074 in
987 3988 1426 4078 Conlraternitatibus
1470 3985 1685 4106 quemad·

210 4107 393 4194 modum
427 4129 606 4198 cavetur
641 4113 683 4198 in
704 4110 882 4202 Constit.
913 4109 1135 4198 Clementis
1157 4110 1202 4200 V
1200 4109 1269 4196 111
1291 4110 1408 4199 edita
1432 4138 1545 4196 cauno
1571 4109 1695 4196 aaut

211 4229 332 4316 cuius
364 4231 539 4320 initium
580 4234 876 4352 Quaecumque.
913 4233 1039 4321 Unde
1073 4232 1171 4320 lieet
1204 4235 1324 4350 ipsae
1373 4233 1516 4352 aliqua
1554 4262 1690 4320 exer-

209 4380 323 4438 cere
338 4353 575 4442 valeant
542 4387 635 4444 sme
668 4357 841 4445 licentia
876 4355 1121 4460 ΡιιιοιιΙιὶ,Ι
1110 4387 1198 4444 nno
1232 4356 1312 4443 hoc
1343 4353 1691 4456 contradicente,

209 4503 450 4590 numquam
485 4495 630 4566 tamea
664 4481 829 4597 absque
861 4477 1084 4568 Ordinarii
1120 4479 1277 4594 placito
1311 4493 1444 4597 atque
1480 4505 1691 4564 consensu

208 4596 464 4684 Gaudentius
499 4602 559 4686 De
596 4603 727 4690 Visit.
750 4619 848 4689 tom.
885 4602 903 4687 l
946 4632 1040 4715 cap.
1073 4599 1235 4690 3dub.
1271 4601 1447 4687 linatur.
1474 4597 1551 4684 22.
1572 4599 1690 4710 Qua-

211 4747 258 4806 re
292 4749 389 4806 cum
424 4721 467 4808 in
501 4723 646 4810 dubiis
694 4725 740 4815 S.
773 4727 826 4814 ll.
857 4725 907 4814 C.
937 4723 1171 4840 propositis
1206 4753 1322 4810 arrno
1362 4721 1487 4808 t703
1517 4719 1693 4837 quaesi·

209 4860 305 4927 tum
340 4843 487 4932 luisset
521 4847 603 4934 suh
638 4876 760 4934 uum.
799 4849 899 4934 xlv
940 4887 957 4924 e
996 4842 1132 4932 An
1115 4877 1160 4931 m
1192 4843 1318 4932 dictis
1350 4843 1565 4930 Oratoriis
1593 4871 1693 4958 prr·
1723 4889 1730 4897 ·

209 4964 317 5048 eutis
349 4965 484 5084 Confi
487 4969 753 5058 aeternitatum
795 5001 872 5086 pce
896 4968 1142 5087 Confratres
1192 4969 1311 5056 statis
1360 4965 1476 5052 lteris
1513 4965 1690 5050 recitari

202 5087 367 5200 possint
398 5089 539 5178 Horae
569 5094 788 5180 canonicae
801 5123 891 5178 cum
908 5108 1029 5180 carata
1045 5091 1166 5178 ecl
1128 5121 1216 5176 stne
1239 5089 1386 5208 absque
1409 5087 1499 5176 alia
1519 5087 1691 5174 licentia

208 5207 472 5297 Parosta:
440 5243 744 5330 :responsam
778 5214 987 5331 prodiit:
1011 5209 1303 5337 Affirmntiac
1334 5212 1416 5298 nist
1411 5207 1579 5298 aliter
1612 5209 1693 5295 Οι·

209 5327 404 5420 dinarius
437 5351 591 5424 statuat
624 5369 675 5424 eac
705 5337 957 5424 rationabili
988 5369 1111 5424 causa
1149 5378 1189 5421 ι.

332 5457 462 5566 Quod
497 5458 628 5546 etiam
664 5459 897 5576 procedit
887 5491 929 5546 ιιι
955 5490 1056 5548 casu
1090 5457 1465 5548 Conlcuternitatis
1489 5483 1696 5572 aggrega-

208 5591 279 5663 tae
311 5579 437 5668 alicui
464 5579 591 5668 Urbis
625 5580 974 5673 Archisodalitio.
994 5585 1112 5672 Licet
1144 5581 1261 5669 enim
1308 5609 1385 5698 per
1418 5579 1691 5698 aggregatio·
