4516 6318
628 353 719 440 ‚Dic
752 351 812 439 l5
845 351 1069 440 Februarii
1100 353 1240 442 4879.
1598 355 1690 447 l09

196 477 323 566 annis
355 505 468 564 onus
514 476 713 564 omniunt
747 475 977 564 Sacrorum
1027 475 1381 565 conventualium
1433 476 1478 566 in
1521 476 1688 568 leriali-

193 603 278 690 bus
319 597 477 686 diebus
521 605 653 687 totius
695 599 797 688 anui
822 599 1068 715 Capellanis
1092 600 1345 716 impositum
1373 599 1501 688 luisse
1536 602 1688 718 explo-

194 724 278 812 rati
311 722 411 811 laeti
445 737 525 809 est.
562 725 677 811 Sane
710 752 809 810 cum
845 723 928 840 ipsi
963 737 1138 838 practer
1175 725 1259 811 alia
1283 753 1414 810 onera
1439 740 1523 812 tres
1543 724 1690 815 llissas

193 849 363 968 planas,
401 875 475 932 seu
512 845 644 934 lectas
679 865 724 933 ut
749 864 918 947 vocant,
946 875 1135 964 quarum
1161 847 1439 962 eleemosyna
1464 865 1558 935 erat
1588 889 1605 926 ι
1643 848 1686 937 la

191 987 344 1089 quarto
375 985 498 1084 porte
520 967 569 1055 di
589 1001 645 1055 ιιιι
677 967 815 1084 piulio
844 1010 861 1049 ι
903 999 1166 1086 unaquaque
1182 968 1463 1056 hebdomada
1485 970 1685 1060 celebra·

192 1124 240 1182 re
257 1108 530 1196 tenerentur,
570 1121 720 1208 preces
736 1091 792 1180 ad
816 1091 1113 1209 Apostolicam
1136 1091 1298 1184 Sedent
1323 1095 1678 1198 transmiserunt,

192 1233 241 1305 nt
276 1217 469 1331 inspecta
504 1215 757 1304 reddituum
776 1214 1094 1302 beneficiorum
1130 1215 1354 1316 tenuitate,
1382 1232 1424 1302 et
1447 1231 1685 1333 augmento

191 1339 518 1456 eleemosynae,
531 1369 681 1428 earum
702 1337 1002 1426 reductionem
1023 1340 1287 1439 obtinerent,
1305 1338 1425 1426 etsie
1444 1339 1688 1428 miserrima

195 1464 393 1579 ipsorum
428 1463 619 1550 conditio
644 1463 872 1550 leniretur:
899 1492 1088 1579 eumque
1109 1465 1242 1549 Exitus
1261 1461 1499 1577 Episcopus
1522 1494 1594 1549 eas
1618 1491 1689 1550 ve·

192 1587 309 1676 ritati
326 1585 452 1671 inniti
474 1587 672 1673 retulerit
688 1585 735 1673 S.
753 1586 1089 1702 Congregationi
1110 1584 1291 1674 Concilii
1316 1584 1360 1672 id
1374 1584 1685 1700 expostulanti,

192 1712 286 1799 eius
309 1709 491 1796 arbitrio
525 1726 568 1796 et
592 1708 852 1825 prudentiae
876 1709 1105 1796 remissurn
1130 1708 1226 1812 luit,
1255 1724 1303 1794 ut
1335 1707 1448 1794 veris
1473 1707 1692 1795 existenti·

191 1835 275 1921 bus
307 1831 492 1920 narratis
525 1833 637 1920 circa
671 1831 789 1923 dieta
811 1862 944 1918 onera
969 1834 1192 1918 Missurum
1218 1832 1261 1920 id
1288 1830 1534 1946 indulgeret
1567 1831 1693 1947 quod

189 1956 344 2045 divino
377 1955 509 2042 cultui
546 1972 588 2042 et
641 1954 702 2071 pii
750 1954 1013 2042 Fundatoris
1044 1955 1249 2071 suffragio
1289 1955 1534 2068 expediret.
1574 1955 1684 2040 lam-

191 2109 297 2166 vero
332 2077 584 2166 huiusmodi
619 2078 877 2194 rescriptum
901 2079 1033 2166 Exitus
1068 2078 1303 2194 Episcopus
1340 2076 1594 2164 llraneatius
1616 2075 1690 2164 die

193 2205 223 2291 8
256 2201 400 2290 Martii
435 2202 557 2288 lssb'l
589 2201 836 2288 executioni
871 2199 1145 2290 demandans
1177 2201 1327 2288 statuit
1363 2216 1408 2286 ut
1458 2198 1685 2314 Capellani

193 2328 237 2413 in
287 2341 508 2440 posterum
535 2355 667 2411 unam
692 2325 910 2411 extribus
946 2326 1080 2412 llissis
1114 2353 1379 2442 unaquaque
1402 2319 1685 2410 hebdomada

192 2449 482 2549 celebrarent,
505 2461 549 2536 at
574 2448 710 2536 voluit
733 2447 910 2564 insuper
946 2465 990 2533 ut
1026 2448 1105 2563 ipsi
1140 2479 1294 2535 ornnes
1319 2448 1464 2534 Missas
1482 2447 1683 2534 Conven-

195 2575 333 2660 tuales
368 2571 410 2658 in
447 2571 673 2658 lerialibus
707 2571 866 2659 diebus
904 2572 1037 2660 totius
1059 2570 1164 2656 anni
1190 2584 1396 2657 canerent
1429 2584 1472 2656 et
1499 2567 1690 2684 applica·

194 2711 297 2783 rent
331 2694 448 2782 haud
483 2695 674 2812 exceptis
708 2694 841 2781 Missis
874 2693 930 2780 de
962 2695 1089 2780 Faria
1122 2707 1174 2780 ac'
1204 2693 1262 2782 de
1300 2695 1342 2783 V
1344 2692 1490 2808 ipilia.

317 2820 542 2906 lnsuetum
576 2833 620 2904 et
653 2847 785 2935 grave
819 2845 930 2904 onus
970 2815 1309 2932 superadditum
1361 2845 1491 2934 aegro
1536 2811 1688 2900 animo

193 2941 387 3029 tulerunt
410 2940 650 3056 Capellani,
669 2940 746 3028 sed
769 2939 940 3026 nonnisi
960 2940 1113 3028 decem
1134 2971 1182 3026 ac
1200 2957 1295 3029 neto
1317 2957 1412 3056 post
1441 2967 1576 3026 annos
1593 2936 1689 3022 eius

192 3092 432 3182 gravamen
477 3063 667 3180 amplius
716 3062 908 3179 perterre
944 3063 1130 3178 pertaesi
1172 3063 1347 3153 Curiam
1383 3059 1688 3179 Episcopalern

190 3188 423 3276 adiverunt
478 3203 671 3302 petentes
725 3186 952 3274 decretum
998 3185 1092 3272 Eriti
1144 3187 1362 3274 Brancatii
1412 3183 1568 3272 deleri.
1609 3181 1688 3270 Vi-

194 3309 569 3400 cariusGeneralis
593 3309 849 3396 iniustitiam
869 3307 1061 3423 agnovit,
1090 3326 1133 3396 at
1149 3339 1246 3398 eum
1271 3310 1309 3395 ei
1336 3337 1486 3425 preces
1504 3309 1549 3396 S.
1572 3307 1688 3391 Pon·

198 3433 300 3521 tiliei
343 3433 559 3520 Alexand.
603 3435 679 3520 Vll
714 3432 888 3519 oblatae
917 3431 1032 3520 haud
1066 3432 1402 3536 innotescerent,
1446 3429 1526 3547 (ita
1560 3429 1686 3516 enim

190 3574 315 3646 caute
349 3588 372 3643 a
405 3557 636 3646 Canonieis
663 3555 1036 3647 ,custodiebantur
1071 3573 1117 3642 ut
1150 3587 1205 3644 ne
1239 3558 1347 3642 Eino
1377 3553 1557 3674 quidem
1587 3549 1687 3665 Epi·

194 3709 325 3796 seopo
375 3709 516 3796 nuper
564 3677 820 3796 exposcenti
874 3677 1169 3790 tradiderint)
1209 3677 1372 3766 decreti
1431 3674 1687 3761 nullitatem

41 3887 42 3894 ι
197 3802 316 3891 haud
362 3803 664 3919 proclamavit,
702 3801 777 3890 sed
809 3801 941 3889 satius
974 3801 1104 3896 duxit
1136 3803 1230 3890 eius
1268 3800 1527 3918 gravitatem
1565 3814 1692 3882 tem-

41 3903 43 3936 *
196 3957 353 4043 parare
401 3925 645 4013 Canonicos
693 3925 910 4012 damnans
955 3923 1009 4012 ad
1065 3925 1405 4013 celebrationem
1457 3923 1518 4008 90
1579 3918 1692 4006 llis-

41 4059 42 4064 ‘
197 4079 360 4150 sarum,
399 4049 525 4164 queis
565 4048 900 4163 Capellanorum
948 4047 1163 4136 beneficia
1211 4047 1526 4166 gravabantur.
1571 4040 1690 4130 lluic

196 4171 440 4260 sententiae
474 4170 592 4258 haud
615 4199 785 4258 morem
808 4187 1036 4288 gesserunt
1054 4173 1277 4274 Canonici,
1305 4171 1526 4288 siquidem
1552 4169 1690 4252 Enicas

198 4297 433 4413 Episcopus
481 4295 741 4384 Santacroce
786 4294 830 4378 in
880 4309 978 4382 actu
1027 4296 1072 4384 S.
1113 4293 1382 4384 Visitationis
1428 4289 1688 4408 ··praeltttam

201 4420 461 4508 sententiam
482 4418 722 4534 neglectam
742 4414 954 4534 aspiciens
975 4446 1074 4504 earn
1097 4417 1274 4506 decreto
1292 4449 1369 4505 sno
1386 4411 1684 4502 confirmavit.

202 4543 270 4630 Ab
303 4543 384 4629 hoe
418 4542 593 4628 decreto
641 4541 849 4632 Canoniei
891 4541 1169 4658 appellarunt
1206 4542 1262 4629 ad
1304 4545 1357 4628 ll.
1405 4541 1450 4628 S.
1485 4539 1687 4648 Congre-

202 4666 424 4782 gationem
458 4665 785 4779 expostulantes
808 4663 1032 4752 decretum
1055 4665 1314 4753 Santacroce
1336 4661 1489 4762 deleri,
1511 4675 1554 4746 et
1575 4653 1688 4742 illud

204 4788 421 4876 Brancatii
445 4787 713 4876 confirmari.

326 4911 676 5000 Pendente'sed
720 4939 827 4997 vero
875 4909 1189 5029 appellatione,
1218 4913 1461 5004 amicorum
1509 4935 1596 5022 ope
1630 4899 1691 4990 ad

196 5037 535 5123 transactionem
568 5065 683 5122 auno
719 5034 841 5120 troo
875 5052 1056 5122 rentum
1091 5033 1188 5138 luit,
1213 5069 1304 5154 qna
1327 5049 1506 5123 caut-um
1544 5043 1610 5116 est
1646 5041 1691 5111 ut

201 5159 427 5275 Capellani
462 5189 614 5246 omnes
646 5160 791 5247 llissas
825 5157 1145 5246 Conventuales
1179 5161 1220 5244 in
1254 5159 1412 5246 diebus
1461 5149 1689 5240 ferialibus

202 5286 332 5371 totius
365 5284 469 5371 ιιιιιιί
497 5300 724 5384 canerent,
762 5277 961 5368 canonici
993 5297 1141 5368 autern
1177 5283 1321 5370 llissas
1355 5279 1415 5368 45
1448 5277 1581 5364 lectas
1613 5299 1685 5361 oo·

202 5405 438 5508 lobi-arent,
474 5436 583 5522 quas
612 5404 840 5522 Capellaui
877 5404 1001 5492 litare
1034 5405 1300 5493 tenebantur
1324 5435 1404 5522 pro
1428 5401 1690 5518 implemen-

210 5543 251 5616 to
286 5529 418 5647 legati
462 5527 666 5616 lannotti.
716 5528 959 5619 conventio
1003 5526 1254 5618 huiusmodi
1293 5547 1464 5620 servata
1512 5523 1595 5612 luit
1633 5515 1694 5607 ud
