4460 6332
584 341 676 430 462
1010 339 1093 425 Die
1126 339 1187 426 20
1217 337 1467 454 Septembris
1501 339 1636 428 t879.

585 463 726 552 relata
760 477 852 566 est,
890 463 1149 579 copoomiacs
1198 461 1404 550 exhibeat
1446 463 1737 553 Salvatorem
1797 455 2026 573 Sponsum
2059 475 2090 546 et

588 587 784 707 priorem
819 587 1024 672 utaritum
1059 584 1354 674 petronillae?
1390 585 1544 676 Mirum
1580 613 1692 674 satec
1749 597 1824 672 est
1878 577 2090 696 Arcltiepi-

586 737 766 828 scopum
804 739 890 794 non
924 707 1064 796 solum
1100 709 1208 796 nihil
1246 707 1423 812 vidisse,
1462 709 1539 798 sed
1575 741 1652 798 nce
1693 705 1987 796 sciscitatum
2007 734 2089 789 nun

589 831 755 950 aliquid
793 833 875 918 tale
908 832 1096 934 obesset,
1134 829 1264 919 etiam
1307 831 1660 922 denuntiationes
1703 828 1978 928 remisisse;
2014 855 2087 928 seu,

590 955 711 1076 quod
751 984 904 1072 parurn
939 953 1101 1058 differt,
1155 953 1403 1072 permisisse
1447 974 1494 1042 ut
1538 956 1700 1044 herent
1750 951 1914 1040 tribus
1950 947 2090 1038 diebus

589 1078 820 1168 ferialibus
853 1077 1067 1164 continuis
1103 1075 1198 1196 (qni
1235 1077 1411 1165 luerunt
1434 1079 1549 1198 scria
1569 1081 1718 1176 tertia,
1750 1091 1925 1194 qrtarta
1943 1075 2094 1188 etquis-

592 1221 633 1290 to
668 1201 778 1288 ialra
812 1219 987 1290 octavas
1022 1201 1113 1287 lcsti
1164 1201 1368 1318 Corporis
1413 1203 1627 1322 Domini)
1663 1221 1714 1289 et
1770 1201 1817 1284 in
1873 1198 1968 1312 ipsa
2009 1196 2092 1282 laria
2148 1262 2154 1313 :

589 1325 763 1446 quinta,
802 1325 844 1409 h.
883 1357 922 1411 e.
961 1325 1034 1412 die
1069 1325 1127 1410 ll
1161 1323 1314 1432 lunii,
1355 1325 1682 1414 matrimonium
1714 1319 1995 1411 celebrari!
2030 1323 2092 1405 Ta-

471 1459 473 1464 ’
590 1477 691 1537 ruera
728 1446 908 1535 credere
944 1477 1028 1535 ιιοιι
1064 1447 1317 1551 debentus,
1366 1447 1767 1566 Archiepiseopum
1813 1460 1993 1530 tantum
2027 1443 2090 1530 sibi

589 1569 841 1689 sumpsisse,
883 1585 928 1658 ut
963 1569 1333 1688 impedimentum
1370 1571 1566 1659 relaxare
1606 1589 1710 1660 ante
1758 1565 2086 1656 matrimonium

591 1726 636 1784 sc
673 1723 798 1812 posse
832 1693 1134 1796 arbitraretur,
1162 1693 1332 1783 etiamsi
1368 1695 1585 1782 occultum
1611 1689 1893 1782 huiusmodi
1930 1687 2088 1804 impedi-

592 1831 789 1906 mentum
821 1847 914 1903 essc
953 1835 1109 1936 putare
1154 1819 1382 1936 potuisset.
1424 1821 1544 1906 llanc
1579 1820 1695 1904 renim
1737 1815 2011 1904 facultatem
2035 1810 2086 1896 vir

592 1944 635 2030 in
672 1971 774 2028 vera
811 1958 993 2056 urgente
1028 1943 1282 2030 necessitate
1305 1941 1520 2060 episcopis
1543 1943 1748 2030 tribuunt
1779 1935 1985 2052 theologi
2009 1963 2084 2020 cun

594 2063 770 2184 Ligorio
808 2061 895 2185 (l),
925 2089 1031 2180 poto
1055 2066 1292 2151 t'rnmr'ocnte
1314 2065 1461 2152 mortis
1472 2065 1683 2181 periculo,
1706 2063 1783 2151 cel
1817 2064 1862 2149 ri
1896 2057 2083 2146 matrimo-

594 2189 710 2276 rtiroo
744 2187 800 2274 sit
833 2188 1106 2274 necessarium
1139 2188 1196 2273 od
1231 2187 1547 2302 lapitimaodam
1580 2189 1784 2304 prolem,
1835 2183 1910 2270 cel
1942 2181 1999 2267 od
2033 2179 2081 2299 fc·

593 2312 731 2398 mitrae
763 2310 981 2397 citandam
1016 2309 1254 2430 irtsoon'ont,
1295 2311 1467 2430 aliaque
1502 2311 1755 2400 huiusmodi
1803 2308 1959 2398 rnala:
1997 2300 2081 2388 illud

595 2463 699 2522 vcro
736 2435 813 2519 viri
851 2437 1123 2554 propositum
1160 2465 1253 2523 seso
1297 2433 1520 2524 eximendi
1557 2467 1636 2554 per
1675 2435 1950 2550 nuptiarum
1983 2426 2079 2561 ccle-

593 2557 843 2645 brationcm
892 2589 917 2644 a
965 2555 1194 2678 stipendiis
1248 2557 1471 2661 laciendiS,
1519 2591 1647 2648 causa
1696 2555 1961 2646 admodum
1994 2549 2076 2684 leus

594 2679 869 2768 aestimanda
915 2697 1023 2768 erat.
1062 2681 1147 2770 Sed
1185 2679 1414 2798 probabile
1448 2683 1628 2771 omnino
1663 2697 1881 2798 apparet,
1923 2669 2077 2788 imped-

597 2821 795 2892 mcntum
832 2803 951 2922 quod
987 2803 1189 2892 lacillime
1222 2805 1497 2922 deprehendi
1551 2823 1710 2922 posset,
1757 2833 1856 2891 non
1895 2789 2074 2885 animad-

596 2955 773 3015 versum
810 2925 851 3013 in
888 2925 961 3014 illa
996 2927 1234 3016 inconsulta
1269 2927 1562 3025 festinatione,
1591 2929 1667 3018 diu
1693 2959 1781 3017 non
1824 2923 2072 3020 latuisset!

596 3049 740 3140 statim
778 3049 837 3137 ab
869 3051 1076 3168 Archiep.
1114 3053 1355 3138 relaxatum
1393 3051 1540 3140 luisse.
1584 3095 1599 3129 ι
1637 3051 1762 3140 Ultro
1790 3049 1919 3138 enim
1945 3067 2070 3131 concc-

604 3215 619 3252 ι
660 3173 808 3262 dianus
832 3173 1045 3293 Episcopo
1071 3171 1148 3292 (ait
1173 3173 1339 3263 Bened.
1363 3175 1484 3292 XlV)
1510 3173 1623 3265 illud
1647 3169 1885 3264 relaxandi
1923 3161 2068 3254 laculta·

603 3341 620 3378 ι
662 3309 767 3400 tem,
806 3327 937 3414 quam
978 3295 1121 3386 eidem
1162 3296 1417 3388 adscribunt
1448 3298 1668 3416 Sylvester
1701 3315 1785 3387 etc.
1829 3291 1921 3407 Qui
1950 3305 2067 3374 tameo

603 3463 620 3501 ι
664 3420 931 3508 ιιιιιιιιίιιιίιθι·
963 3439 1159 3526 monent,
1199 3453 1283 3508 non
1322 3451 1446 3540 posse
1479 3421 1740 3540 Episcopum
1771 3447 1877 3508 eam
1904 3421 2065 3532 potesta·

603 3587 619 3624 α
661 3563 749 3632 tem
784 3544 867 3631 sibi
905 3576 1149 3664 uscnpare,
1189 3546 1271 3632 nisi
1316 3545 1446 3630 simol
1497 3563 1760 3633 concurrant
1794 3571 1874 3630 sex
1910 3537 2064 3663 circum·

601 3711 618 3749 ι
658 3668 862 3756 stantiae:
902 3671 946 3752 l⁰
984 3688 1028 3757 ut
1077 3669 1402 3757 matrimonium
1457 3667 1540 3755 iam
1578 3670 1705 3756 luerit
1739 3677 2006 3756 contractum
2034 3675 2064 3731 ιι

603 3835 620 3870 ι
659 3790 814 3878 lactem
848 3791 1081 3896 Ecclesiae,
1120 3791 1415 3911 omnibusque
1449 3791 1659 3881 adhibitis
1683 3781 2063 3903 solemnitatibus:-¹

602 3911 706 3998 «2⁰
743 3932 789 3999 ιιι
822 3929 1093 4002 contractum
1149 3917 1275 4003 luerit
1319 3914 1437 4002 hona
1490 3913 1576 4004 fide
1616 3949 1667 4002 cx
1721 3917 1828 4003 iuris
1883 3920 1953 3994 erut
1986 3898 2061 3983 tacu

607 4077 622 4113 ι
663 4035 927 4154 ignorantia:
953 4091 981 4107 -
999 4037 1046 4124 3⁰
1064 4055 1109 4125 ot
1143 4040 1197 4126 sit
1219 4055 1589 4128 consummatum:
1615 4089 1644 4104 -
1661 4042 1707 4126 lt⁰
1723 4053 1771 4127 ut
1794 4025 2061 4160 impedimen·

603 4201 620 4238 ι
663 4175 753 4246 tam
780 4160 832 4246 sit.
867 4162 1100 4250 occultum:
1127 4163 1228 4250 -50
1254 4181 1301 4250 ut
1338 4192 1424 4248 nou
1463 4163 1595 4278 possit
1626 4163 1749 4252 lacile
1790 4155 1901 4250 adiri
1945 4165 2055 4265 pona

603 4323 618 4360 ι
660 4281 921 4374 8ιί1ιι5ι-6ο
945 4303 1092 4373 utnon
1116 4287 1248 4403 possit
1266 4283 1483 4402 separatio
1507 4282 1600 4372 lieri
1625 4288 1717 4373 sine
1740 4278 1969 4374 scandalo»
1986 4261 2049 4382 (t)
2153 4368 2154 4398 ,

602 4409 718 4496 llaec
751 4405 1020 4524 dispensatio
1054 4411 1086 4498 si
1122 4409 1283 4515 adluit,
1328 4405 1622 4496 necdeluerit
1659 4411 1776 4496 hona
1812 4403 1935 4501 fides,
1985 4381 2035 4506 td
2153 4399 2156 4493 l

599 4564 687 4651 qua
727 4530 869 4621 adhue
916 4547 1028 4620 essct
1077 4531 1442 4654 inquirendum),
1482 4561 1560 4619 nee
1604 4531 1827 4620 abluerint
1870 4525 1962 4614 illac
1991 4509 2054 4597 dt·
2153 4566 2155 4620 4

602 4655 913 4759 nuntiationes,
953 4655 1110 4744 diebus
1144 4657 1366 4745 l‘erialibus
1395 4655 1548 4758 iactae,
1588 4657 1749 4774 proluit
1783 4621 2054 4774 quidt‘11b5ld
2153 4645 2155 4677 ⁵

600 4777 819 4865 dntntoocat
854 4781 899 4866 ιἰι
931 4779 1029 4900 soro
1063 4782 1351 4868 corrscicntt'oe:
1376 4777 1549 4866 detecto
1573 4797 1719 4868 autom
1744 4769 2049 4896 impedimento

600 4917 642 4988 ct
678 4899 865 4992 deducto
900 4901 956 4990 ad
991 4904 1132 4990 lornnr
1157 4905 1493 5002 contentiosum,
1518 4900 1603 4990 iam
1630 4901 1893 5020 dispensatio
1911 4926 1931 4981 a
1949 4889 2045 4979 Suffl-

599 5025 726 5112 Pont.
765 5027 1040 5142 impetranda
1074 5045 1185 5114 essct
1220 5027 1307 5148 (3)

727 5269 793 5390 (l)
831 5273 979 5361 tito
1015 5305 1059 5361 o.
1085 5273 1218 5362 ttae.

727 5393 793 5518 (2)
828 5397 928 5516 Syn.
962 5397 1022 5485 D.
1063 5395 1093 5485 l.
1132 5396 1216 5485 IX.
1253 5427 1347 5514 cop.
1383 5397 1413 5484 2
1446 5427 1488 5483 n.
1529 5399 1573 5485 l.

727 5519 792 5640 (3)
830 5519 898 5608 Itl.
928 5523 1035 5613 ibid.
