4350 6326
515 367 607 454 566
1105 361 1410 449 INDEX

577 521 697 610 Licet
722 517 1015 606 Ecclesiarum
1050 545 1151 604 usus
1184 531 1228 602 et
1287 531 1414 632 pater
1447 531 1490 602 et
1525 531 1672 633 pastor
1705 529 1771 602 est
1799 545 1907 630 pop.
1942 519 2000 606 82

500 645 837 760 insputronatus
870 667 1002 756 penes
1035 638 1227 779 aliquem
1288 635 1332 758 3.
1355 635 1575 725 Pluribus.

515 797 608 856 esse
658 763 792 882 possit
846 793 900 850 ets
949 761 1228 848 concessione
1352 763 1402 847 Et
1435 761 1474 848 ei
1521 760 1755 879 praecipua
1802 761 2004 850 omnium

514 887 718 1007 Episcopi
754 883 861 970 ibid.
1289 913 1435 971 rerum
1471 882 1740 1000 agendarum
1790 888 2002 1001 competit

577 1008 742 1098 Unde
730 1035 932 1096 insanum
958 1022 1023 1093 est
1045 1005 1102 1093 de
1128 1033 1228 1093 meo
1289 1004 1523 1095 auctoritas
1556 1003 1665 1093 idid.

515 1165 563 1221 uo
596 1132 653 1220 de
679 1149 752 1218 tuo
778 1130 821 1217 in
856 1129 1013 1218 domo·
1024 1127 1108 1216 Dei
1144 1127 1229 1215 dis·
1350 1129 1538 1240 Quum
1530 1159 1572 1215 m
1607 1129 1889 1233 nosocomiis,
1917 1132 2005 1218 col-

516 1285 661 1344 screre
696 1252 805 1340 ibid.
1288 1250 1443 1366 legiis,
1481 1249 1910 1342 confraternitatibus
1963 1274 2007 1342 et

575 1379 734 1466 Sacrae
767 1376 884 1462 euim
933 1405 1002 1464 res
1051 1389 1096 1460 ct
1131 1373 1228 1460 reli·
1289 1373 1372 1490 piis
1406 1372 1509 1461 iocis
1546 1373 1834 1463 moderandis
1876 1409 2007 1492 prae-

516 1501 663 1618 giosae
698 1498 738 1585 in
773 1497 942 1586 nuliius
967 1495 1095 1584 bonis
1128 1512 1228 1583 sunt
1287 1495 1437 1584 sertim
1463 1512 1635 1586 exercet
1659 1495 1765 1583 ibid.
1779 1529 1884 1614 pap.
1892 1501 2001 1588 483.

511 1618 775 1742 papeeop.
786 1620 884 1712 Vel.
1294 1618 1340 1740 3.
1370 1618 1457 1708 Ad.

576 1741 708 1857 Quod
729 1743 847 1831 enim
871 1742 1044 1830 divini
1035 1741 1141 1828 ruris
1164 1757 1228 1829 est
1350 1742 1470 1831 Licet
1503 1759 1656 1860 agatur
1677 1689 1735 1832 de
1757 1743 2007 1836 Confrater·

516 1869 561 1959 id
594 1866 799 1955 nudius
790 1896 831 1951 m
865 1866 994 1952 honis
1017 1881 1081 1952 est
1115 1863 1227 1950 idid.-
1289 1864 1501 1954 nitatibus
1521 1865 2006 1958 alicuidrchisodalitio

578 1990 764 2105 Templa
803 1985 1088 2076 materialiter
1115 2017 1229 2073 sum·
1287 1988 1418 2076 Urbis
1464 1991 1711 2106 aggregatis
1759 2021 1862 2106 pop.
1914 1993 2006 2080 483

518 2131 592 2230 pta
624 2110 770 2230 quoad
804 2110 1052 2212 materiam,
1084 2111 1228 2198 locum
1288 2110 1333 2232 3.
1358 2111 1496 2222 Quod,
1515 2113 1717 2229 pupdssd
1739 2111 2002 2234 §.idipsum

517 2252 561 2323 ει
595 2249 850 2323 ornamenta
899 2233 1060 2352 quibus
1109 2263 1228 2320 corn·
1353 2235 1590 2352 Episcopus
1617 2233 1846 2323 fundatam
1872 2238 2008 2326 habet

516 2374 756 2477 ponuntur,
783 2379 882 2444 eum
916 2357 1050 2444 rebus
1083 2353 1229 2473 prosa·
1290 2357 1585 2445 intentionem
1648 2389 1728 2474 pro
1793 2361 2005 2450 exercitio

519 2483 584 2570 nis
622 2482 907 2584 conveniunt,
929 2478 1119 2597 ideoque
1136 2509 1230 2594 pos·
1289 2480 1570 2568 omnimodae
1593 2480 1907 2570 iurisdictionis
1932 2515 2002 2572 or·

517 2620 617 2692 sunt
650 2635 742 2694 esse
775 2603 819 2690 in
853 2603 1230 2690 hominnmcom·
1289 2603 1486 2692 dinariae
1534 2604 1577 2690 in
1633 2605 1787 2722 quovis
1832 2605 1925 2694 ioco
1959 2625 2005 2695 et

518 2728 680 2816 mercio
714 2757 820 2842 pop.
861 2725 951 2812 395
990 2725 1036 2846 3.
1059 2723 1223 2812 Notum.
1289 2729 1486 2842 personis
1502 2726 1614 2814 intra
1638 2727 1746 2814 fines
1762 2757 1867 2814 suae
1885 2729 2004 2818 dioe-

580 2849 767 2938 Ecclesia
826 2847 1089 2935 Parochiaiis
1134 2877 1229 2936 esse
1290 2850 1397 2938 cesis
1436 2850 1726 2938 existentibus
1765 2881 1871 2965 pop.
1912 2854 2005 2940 274

518 2989 660 3094 potest
693 2971 862 3061 etiamsi
903 2969 1021 3057 iente
1063 2970 1229 3089 baptis·
1291 2971 1528 3092 §.Q-uibus.

518 3096 625 3184 mali
650 3095 859 3184 destituta
874 3096 1000 3209 pupi
1014 3095 1073 3182 55
1092 3093 1224 3214 3.Αε.
1354 3099 1466 3183 Data
1485 3113 1547 3184 est
1565 3097 1605 3184 ei
1621 3095 2005 3212 potestascrimina

1291 3219 1548 3306 clericorum
1583 3219 1814 3307 coercendi
1847 3233 1891 3307 ει
1924 3253 2003 3338 pu·

581 3342 694 3430 Vide
725 3339 954 3427 Patronus.
1296 3340 1448 3430 niendi
1469 3342 1662 3456 pa9.35t
1694 3342 1740 3464 3.
1762 3343 1901 3431 Hisce.

581 3713 763 3827 Emptor
797 3708 917 3826 prius
953 3707 1229 3796 tenetur'oi-
1294 3711 1352 3797 ab
1385 3703 1629 3799 Ordinibus
1664 3711 1750 3799 iam
1797 3714 2007 3831 susceptis

519 3833 633 3920 [erre
665 3832 874 3948 pretium,
910 3860 1045 3947 quam
1079 3831 1230 3918 vendi·
1294 3833 1563 3951 suspendere
1600 3861 1705 3949 pop.
1734 3835 1815 3922 351
1848 3835 1893 3957 3.
1925 3837 1972 3926 V
1968 3871 2004 3924 ε-

520 3973 588 4044 tor
620 3955 659 4042 ci
694 3984 787 4042 rem
823 3953 967 4041 trudat
993 3984 1097 4069 pap.
1140 3954 1231 4042 545
1295 3986 1405 4043 rum.

520 4075 777 4200 §.Tandem
1358 4079 1537 4166 Certum
1571 4096 1631 4177 est
1668 4109 1793 4195 posse
1825 4083 2009 4197 Episco-

581 4199 701 4288 Etsi
752 4199 944 4317 pretium
1000 4198 1231 4314 praecedat
1294 4231 1402 4320 pum
1456 4231 1619 4320 poenus
1673 4201 1901 4318 imponere
1938 4205 2009 4292 vei

522 4322 818 4426 traditionem,
857 4321 994 4440 magis
1037 4321 1230 4411 deciara-
1296 4355 1457 4442 augere
1509 4355 1730 4414 sacrorum
1787 4357 2009 4416 canonum

521 4464 590 4538 tur
609 4446 807 4536 venditio
840 4444 948 4534 idid.
1297 4447 1583 4566 violatoribus
1599 4449 1795 4564 pcp35i
1816 4447 2007 4569 §.Hisce
2155 4489 2156 4528 i

582 4575 695 4662 Cum
729 4567 908 4658 traditio
943 4571 1005 4658 rei
1041 4569 1136 4658 [ieri
1170 4599 1235 4656 so·
1361 4571 1525 4691 Nequit
1586 4585 1735 4660 tamen
1794 4573 2010 4692 derogare

522 4697 611 4784 ient
644 4725 697 4784 ex
735 4692 864 4780 variis
901 4692 1230 4800 contractibus,
1299 4694 1382 4782 iuri
1416 4695 1637 4783 communi
1655 4697 1849 4811 pup.tOi
1882 4695 2013 4820 §.At
2155 4771 2156 4786 .

521 4849 609 4907 non
643 4819 748 4908 item
783 4816 942 4906 solutio
966 4817 1096 4936 pretii
1119 4815 1229 4904 ibid.
1301 4837 1406 4908 tera.

1358 4945 1510 5060 Neque
1551 4941 1718 5062 aliquid
1762 4958 1912 5032 cotnra
1947 4943 2012 5032 ius

729 5066 1028 5158 EPISCOPUS
1300 5065 1370 5154 rel
1424 5068 1656 5158 Sacrurum
1697 5065 2011 5186 Congregutio·

799 5205 804 5215 ·
1299 5219 1404 5276 num
1449 5187 1628 5279 decreta
1676 5204 1869 5281 statuere
1900 5221 2005 5308 pop.

581 5315 633 5400 in
667 5343 756 5432 *suu
791 5311 979 5402 dioecesi
1033 5313 1231 5402 omnium
1297 5313 1406 5400 523.
1445 5309 1489 5436 3.
1536 5315 1687 5430 Neque.
