4516 6318
541 322 632 412 148
980 319 1062 410 Die
1095 319 1154 408 t5
1186 318 1413 408 Februarii
1445 317 1583 408 t879.

533 443 687 566 primis
709 475 765 534 ex
788 441 1000 532 fructibus
1029 443 1352 562 parochialibus
1384 442 1489 562 quia
1538 443 1623 532 talc
1666 439 1895 532 damnum
1953 439 2056 558 ipse

535 567 722 690 pertulit
760 583 950 687 propter·
975 566 1097 655 litem
1133 598 1266 688 quam
1300 597 1382 686 pro
1415 567 1587 657 tuendis
1621 564 1792 654 iuribus
1826 581 1880 654 ct
1921 565 2066 662 bonis

537 691 674 813 ipsius
719 691 946 808 paroeciae
978 692 1182 809 suscepit.
1215 694 1315 805 Quo
1338 689 1480 810 posito
1513 688 1726 808 aequitati
1750 687 2062 806 iustitiaeque

535 812 761 903 conforme
780 843 873 902 esse
895 813 1062 919 asserit,
1093 832 1140 902 nt
1156 816 1255 936 quis
1272 816 1328 904 ab
1346 846 1398 902 eo
1417 813 1689 908 sublevetur,
1713 811 1755 898 in
1775 813 1844 902 cni
1853 843 1911 900 us
1932 842 2068 900 com-

535 937 722 1028 modum
756 937 1052 1027 controversia
1083 939 1240 1028 cedere
1288 937 1499 1028 debebat.
1532 936 1634 1023 Cum
1679 966 1761 1022 ιιοιι
1806 935 1934 1024 dccet
1957 935 2064 1022 'nit'-

537 1063 605 1150 cui
638 1056 819 1183 officium
852 1059 981 1149 adteri
1010 1062 1262 1176 praestitum
1295 1094 1376 1150 csse
1425 1058 1666 1148 damnosum
1705 1057 1767 1146 uti
1803 1058 1983 1177 iegitur
2008 1057 2059 1148 in

536 1185 645 1302 Cup.
668 1183 772 1270 Cum
800 1215 881 1270 non
904 1185 965 1272 30
997 1183 1050 1272 dc
1071 1185 1205 1273 Eiect.
1243 1185 1286 1272 in
1319 1187 1365 1272 6.
1415 1185 1502 1272 Nec
1525 1185 1671 1272 obstat
1694 1179 1829 1300 quod,
1861 1197 1916 1269 ut
1945 1211 2057 1271 eve·

534 1309 603 1418 nit
636 1307 680 1394 in
715 1307 932 1422 praesenti
967 1339 1083 1410 casu,
1116 1309 1341 1428 negotium
1376 1306 1541 1396 utiliter
1574 1306 1694 1393 haud
1725 1322 1903 1422 gestum
1945 1304 2058 1412 snit3

538 1431 619 1520 hoc
651 1427 870 1549 siquidem
904 1459 985 1547 per
1017 1431 1219 1522 accidens
1242 1447 1373 1553 atque
1396 1448 1518 1519 extro
1541 1428 1708 1546 agentis
1732 1428 2053 1520 intentionem

538 1571 582 1644 et
614 1553 790 1676 cuipam
825 1553 998 1642 accidit.
1035 1555 1170 1642 Porro
1205 1587 1291 1643 non
1325 1570 1388 1643 est
1421 1583 1585 1642 novum
1621 1553 1662 1638 in
1689 1553 1782 1640 iure
1806 1552 2059 1640 nerninem

387 1713 391 1721 ·
542 1676 635 1766 sine
657 1677 787 1794 culpa
818 1705 910 1764 esse
947 1706 1087 1793 poena
1109 1677 1410 1794 plectendum,
1428 1691 1559 1794 prout
1581 1675 1712 1764 docet
1735 1675 1836 1790 dep.
1855 1676 1960 1763 Iur.
1979 1676 2050 1764 23

544 1801 589 1886 in
625 1799 671 1886 6.
696 1847 725 1864 -
759 1799 819 1886 ibi
852 1840 925 1876 -ι
965 1803 1053 1888 sine
1085 1795 1225 1918 culpa,
1251 1803 1337 1890 ruisi
1359 1800 1488 1890 subsit
1510 1831 1647 1902 causo,
1675 1813 1837 1885 nonest
1870 1797 2054 1916 uliquis

537 1920 844 2039 puniendus·

665 2043 796 2158 Quod
828 2043 862 2132 si
897 2045 983 2132 EE.
1021 2047 1104 2134 PP.
1144 2047 1369 2136 videbitur
1410 2045 1467 2136 de
1499 2045 1626 2135 bonis
1659 2044 1886 2162 paroeciae
1914 2043 2052 2134 haud

541 2199 635 2260 csse
669 2166 1028 2284 reintegrandum
1062 2171 1166 2290 quia
1185 2171 1364 2261 actualis
1385 2170 1614 2288 parochus,
1655 2187 1875 2288 quatenus
1902 2199 2057 2258 occo-

543 2321 701 2382 nomus
747 2290 829 2378 hac
878 2321 1009 2406 super
1047 2323 1095 2381 rc
1149 2293 1438 2383 excutiendus
1474 2292 1590 2382 haud
1629 2307 1756 2396 essct,
1808 2291 2055 2381 contendit

465 2477 466 2480 κ
543 2416 626 2505 hoc
658 2443 766 2502 ortus
798 2413 855 2500 ab
889 2413 1102 2533 Episcopo
1148 2447 1391 2506 successore
1433 2415 1632 2506 satisfieri
1666 2415 1848 2519 debere3
1902 2414 2053 2534 idque

427 2593 431 2609 ·
507 2537 749 2627 'evincere
790 2551 977 2624 conatur
1022 2540 1208 2658 simplici
1255 2541 1427 2630 innixus
1475 2540 1649 2643 rationi,
1681 2538 1819 2655 'quod
1866 2539 2052 2626 scilicet

544 2661 736 2751 Antistes
792 2658 965 2748 Betteni
1018 2660 1093 2752 tet.
1146 2695 1233 2754 rec.
1294 2685 1394 2752 tunc
1445 2663 1653 2780 temporis
1706 2659 2049 2780 Fulginatensis

543 2781 781 2901 Episcopus
816 2781 901 2870 litis
934 2799 1157 2874 auctorem
1214 2805 1258 2877 et
1316 2788 1451 2876 veinti
1511 2785 1879 2904 expromissorcm
1938 2815 2048 2876 sese

543 2907 830 2996 constituerat
863 2907 1075 3021 expressis
1112 2909 1257 2998 verbis
1289 2909 1550 3028 spondendo
1583 2939 1675 2999 sese
1708 2907 1904 2997 eiusdem
1942 2907 2043 3000 litis

543 3029 687 3117 varius
720 3028 1039 3119 vicissitudines
1072 3051 1116 3121 et
1149 3033 1339 3122 incertos
1384 3051 1567 3122 eventus
1616 3063 1710 3122 esse
1758 3032 2039 3120 subiturum.

542 3154 593 3240 ln
625 3151 753 3240 cuius
788 3153 849 3240 rei
884 3151 1262 3245 confirmationem
1299 3157 1461 3247 iactum
1497 3155 1691 3260 adducit,
1728 3153 1851 3274 quod
1886 3155 2045 3244 huius-

543 3273 667 3364 modi
701 3272 911 3363 iudicinm
946 3275 1041 3393 ipso
1076 3281 1290 3399 Episcopo
1325 3297 1581 3370 auctorante
1606 3279 1855 3397 incoeptum
1880 3279 2035 3368 fucrit:

546 3397 664 3520 quod
699 3397 790 3515 ipse
823 3397 1060 3518 Episcopus
1093 3420 1327 3522 patronum
1365 3403 1643 3521 proposuerit
1681 3401 1740 3492 ab
1779 3403 2041 3491 Oeconomo

547 3519 786 3640 Gugiicimi
836 3523 1089 3640 eligendum
1141 3559 1221 3646 pro
1271 3529 1434 3617 indicio
1483 3556 1615 3641 penes
1667 3525 1859 3614 tribuual
1906 3525 2040 3613 civile

544 3644 750 3733 Perusiae
785 3648 1124 3763 prosequendo:
1160 3649 1282 3772 quod
1317 3651 1497 3740 tandem
1533 3649 1626 3769 ipse
1651 3651 1768 3738 idem
1800 3645 2041 3768 Episcopus

546 3768 607 3856 50
649 3767 823 3858 libellas
856 3799 935 3886 pro
971 3768 1132 3860 iudicio
1166 3774 1438 3863 instituendo
1454 3773 1511 3862 ad
1530 3772 1758 3862 taunacum
1793 3787 2035 3891 patronum

545 3891 631 3979 sibi
666 3891 926 3978 bertevisnm
962 3891 1019 3980 de
1053 3899 1231 4013 proprio
1266 3898 1451 3988 miserit.
1986 3958 1991 3971 ι

671 4013 786 4103 Sane
819 4013 1001 4133 quidam
1036 4018 1173 4107 Lucas
1207 4018 1394 4110 Giacinti
1429 4021 1486 4111 ad
1522 4051 1613 4111 rom
1650 4017 1884 4140 requisitus
1927 4017 2034 4108 haec

543 4165 626 4252 pro
659 4134 844 4223 veritate
878 4135 1081 4254 deponit:
1123 4142 1341 4232 «Attes'to
1385 4145 1543 4234 inoitre
1588 4175 1718 4234 avere
1765 4146 2032 4259 interrogato

555 4299 571 4336 ι
611 4255 639 4344 ii
675 4257 797 4346 detto
831 4259 1058 4368 Giroiami,
1094 4266 1256 4384 perche
1291 4299 1379 4356 non
1415 4270 1634 4358 ritornnva
1669 4268 1712 4356 in
1748 4265 2024 4364 Parrocchiat

551 4419 569 4458 ι
608 4381 804 4490 ιιάιιιιιι
836 4382 1031 4472 ricevuto
1066 4385 1108 4473 in
1160 4389 1342 4508 risposta
1393 4423 1479 4480 non
1530 4393 1653 4481 voicr
1701 4392 1912 4480 ritornare
1957 4387 2034 4506 piit

553 4543 571 4582 ι
610 4503 759 4592 asiatto
793 4537 818 4592 e
853 4508 1013 4597 volersi
1048 4505 1214 4601 ¹invcce
1263 4515 1458 4604 stabilire
1501 4516 1544 4602 in
1591 4515 1774 4632 Foligno
1824 4541 1903 4631 per
1946 4542 2035 4599 non

537 4661 573 4704 ·«
613 4627 786 4716 aderiro
821 4628 874 4717 ad
911 4662 994 4719 una
1044 4665 1175 4725 cansa
1223 4665 1364 4725 mussa
1400 4637 1457 4727 da
1491 4669 1549 4726 un
1599 4653 1718 4728 certo
1767 4633 1904 4728 Ciriili
1948 4665 2027 4722 sun

552 4785 571 4826 ι
610 4764 895 4856 antecessore,
932 4752 1229 4875 doliaquale,
1267 4761 1423 4850 stando
1458 4760 1500 4848 in
1524 4761 1800 4865 Parrocchia,
1825 4788 1913 4846 non
1947 4787 2025 4876 po*

540 4911 571 4952 a
613 4873 748 4978 tevusi
783 4874 967 4964 esimere
1000 4877 1043 4964 in
1082 4909 1219 4969 vernn
1255 4899 1398 4990 ronto;
1437 4885 1519 4973 ada
1569 4885 1658 4975 tine
1702 4885 1774 5003 poi
1818 4913 1896 5000 per
1941 4881 2063 4996 soln-

552 5033 571 5075 ι
609 4996 884 5088 obhedienca
919 4999 958 5086 ni
993 5001 1406 5096 Vescovod’aliora
1440 5013 1577 5099 Mons.
1631 5007 1822 5111 Beiietti,
1869 5002 1962 5093 [coe
2007 5034 2033 5091 ιι

553 5157 570 5196 ι
610 5149 687 5207 sno
720 5122 986 5246 malincnore
1021 5125 1201 5234 ritorno,
1239 5131 1400 5247 porche
1444 5131 1740 5252 incornggiato
1782 5129 1839 5219 da
1886 5129 2032 5246 ampic

553 5277 570 5316 ι
610 5271 833 5358 promessc
866 5276 890 5334 e
924 5249 1173 5364 proterione
1206 5285 1286 5371 per
1317 5254 1520 5374 qunisinsi
1543 5256 1714 5344 sinistra
1744 5253 2026 5355 eventualitin

556 5399 572 5438 ι
612 5361 684 5450 dat
720 5366 918 5484 ripetuto‘
940 5375 1140 5462 -V-escovo
1172 5374 1217 5466 di
1252 5379 1464 5497 Eoiigno‚
1501 5381 1580 5468 che
1627 5377 1750 5498 spedi
1796 5377 2031 5466 att'Avvu

556 5523 573 5561 ι
611 5501 705 5573 cato
757 5489 897 5580 Leimi
944 5494 1028 5584 lire
1073 5497 1329 5616 cinquanta.
1389 5543 1405 5580 ι
1457 5503 1622 5594 Eadem
1671 5501 1825 5590 recinit
1872 5497 2028 5590 Petrus
