4530 6336
565 257 662 350 360
1063 252 1146 342 Die
1176 244 1239 342 26
1271 241 1376 339 lolii
1409 247 1548 340 l8'1'9.

563 380 746 472 inficiari
787 378 950 497 poterit
983 379 1049 465 ius
1082 371 1348 467 sacramenta
1381 373 1527 462 omnia
1562 369 1702 492 (nullo
1735 363 1953 485 excepto)
2002 359 2098 500 ad·

567 501 864 608 ministrandi,
890 499 1074 590 Perochi
1107 498 1246 590 officio
1280 495 1508 588 essentiale
1531 492 1747 612 agnosci?
1781 494 2099 608 compertus·

567 629 726 732 simam
760 624 897 744 igitur
931 624 972 711 in
1006 622 1103 712 iure
1133 638 1198 713 est
1231 622 1371 710 solum
1405 621 1644 738 parochum
1679 614 1826 704 valide
1862 643 1913 702 ac
1963 607 2102 726 legi-

474 831 477 836 ,
565 751 671 840 time
703 747 997 837 matrimoniis
1030 745 1257 849 adsistere,
1298 761 1425 876 prout
1457 740 1649 830 lirmavit
1686 735 1951 826 Tridentino
2008 731 2109 848 Sy·

564 873 698 960 nodas
716 871 761 956 in
775 897 868 987 cop.
887 870 905 956 l
932 867 1172 958 cassilide
1195 867 1384 986 Reform.
1404 863 1533 952 Matr.
1559 895 1609 952 se
1625 863 1766 951 Bonis
1785 860 1851 948 Dc
1861 855 2099 976 parocho

560 1023 661 1112 por.
701 993 730 1079 lt
753 1021 845 1110 cop.
884 993 912 1081 7
946 990 991 1114 S.
1013 993 1042 1080 E
1056 1021 1160 1109 pop.
1183 992 1293 1080 473:
1310 987 1572 1110 atqueidco,
1599 987 1634 1074 si
1651 985 1815 1103 plures,
1830 982 2092 1103 dignitate

565 1143 709 1236 pares,
739 1116 917 1204 Parasiti
961 1115 1060 1218 sint,
1089 1115 1140 1204 iis
1178 1113 1383 1204 omnibus
1416 1111 1484 1199 ius
1521 1108 1760 1200 adsistendi
1805 1104 2084 1223 spectabit.

565 1237 820 1358 aequalitas
854 1239 970 1326 enim
1006 1263 1118 1358 quae
1150 1267 1205 1326 ex
1238 1235 1589 1324 nominationum
1613 1232 1745 1320 bullis
1773 1227 2099 1350 apertissime

564 1361 806 1460 evincitur,
840 1391 937 1450 eam
972 1361 1124 1449 saltem
1159 1357 1499 1476 dependentium
1547 1357 1713 1476 respuit
1755 1381 1871 1472 quae
1904 1381 2098 1441 sacra-

564 1498 712 1572 menta
746 1483 838 1570 sinc
870 1513 1079 1571 consensu
1114 1499 1158 1571 et
1190 1481 1465 1602 delegatione
1489 1475 1875 1598 archipresbyteri
1909 1474 2092 1568 admi-

568 1605 737 1694 nistrari
773 1621 908 1692 vetat.

696 1729 848 1828 Porro,
885 1729 918 1816 si
952 1727 1010 1816 de
1042 1727 1260 1816 extraneis
1293 1727 1335 1814 in
1370 1755 1471 1816 casu
1505 1741 1721 1844 ageretur,
1745 1749 1877 1810 nemo
1898 1751 1954 1808 ex
1988 1721 2087 1811 Vi·

567 1847 695 1938 cariis
726 1848 997 1940 inficiaretur
1032 1851 1355 1968 delegationem
1403 1849 1460 1936 ab
1509 1845 1897 1964 archipresbytero
1949 1873 2075 1933 esse

565 1970 906 2090 exquirendam.
943 1973 1029 2063 Sed
1065 1973 1192 2092 longe
1224 1974 1308 2061 alia
1343 2001 1412 2062 res
1445 1989 1526 2060 est:
1570 1968 1731 2058 Vicarii
1776 1967 1894 2054 enim
1945 1997 2083 2055 vere

566 2111 610 2182 et
641 2095 822 2212 proprie
844 2095 1023 2184 ramata
1059 2114 1173 2199 sunt,
1213 2123 1356 2212 neque
1388 2123 1486 2182 eam
1522 2091 1840 2211 delegationem
1874 2090 1933 2176 ab
1986 2091 2070 2178 al·

567 2233 661 2304 tero
694 2245 931 2334 exposcere
962 2219 1127 2308 debent
1159 2247 1290 2337 quam
1327 2245 1407 2336 per
1437 2247 1483 2305 se
1516 2216 1598 2334 ipsi
1634 2214 1814 2303 habent.

692 2341 868 2428 Nullum
904 2341 1037 2458 igitur
1055 2341 1208 2430 iniure
1227 2341 1615 2462 Archiprcsbytero
1639 2336 1850 2456 effugium
1873 2351 2070 2456 praesto

566 2489 659 2549 esse
692 2461 830 2568 aiunt,
868 2465 943 2582 qni
977 2465 1035 2552 ab
1069 2463 1160 2580 ipsa
1193 2465 1325 2554 etiam
1361 2461 1641 2550 observantia
1693 2477 1827 2580 atque
1860 2489 1883 2546 a
1915 2455 2064 2548 lact-o·

568 2611 666 2670 rum
700 2585 813 2672 serie
848 2587 1090 2674 loculenter
1111 2587 1442 2676 condemnatur.
1470 2584 1787 2674 Nominatioois
1807 2581 1926 2670 euim
1950 2581 2064 2670 bul·

567 2705 633 2794 lae
666 2725 821 2795 extant
851 2709 1099 2826 complures
1128 2739 1241 2828 quae
1274 2709 1399 2798 alteri
1448 2737 1503 2795 ex
1552 2707 1737 2794 Vicariis
1784 2721 2059 2824 potestatem

566 2831 782 2934 tribuunt,
818 2831 925 2948 quin
961 2832 1147 2918 verbum
1180 2831 1237 2922 de
1288 2829 1620 2948 exceptionibus
1661 2829 1837 2918 iaciant.
1889 2827 2060 2916 Extant

566 2951 715 3040 bullae
749 2951 947 3072 Episcopi
965 2953 1130 3044 Oliredi
1165 2982 1279 3074 quae
1311 2955 1512 3043 vicariam
1546 2949 1894 3042 coadiutoriolem
1928 2951 2058 3038 insti·

566 3089 696 3162 luunt
729 3089 860 3193 alque
894 3077 973 3165 boc
1007 3077 1276 3195 presbyteris
1309 3077 1575 3198 quibusdam
1613 3107 1772 3164 munus
1795 3073 2046 3177 conferunt,

564 3198 714 3315 eisque
746 3197 992 3288 facultatem
1026 3201 1303 3290 ministrandi
1338 3215 1605 3290 sacramenta
1641 3199 1857 3299 tribuunt,
1896 3195 1963 3283 tis
1984 3213 2052 3284 ta·

566 3347 669 3406 men
704 3321 851 3410 verbis
881 3322 1078 3412 adiectis:
1119 3364 1137 3402 ι
1176 3340 1214 3411 cl
1246 3342 1409 3438 recepto
1432 3339 1686 3410 sacramento
1709 3319 1973 3408 matrimonii
1987 3319 2049 3406 od

563 3443 679 3528 cuins
712 3443 999 3534 adsistentium
1031 3444 1175 3534 debeas
1208 3447 1446 3561 specialiter
1478 3445 1529 3532 ab
1562 3445 1696 3533 altaro
1745 3475 1797 3534 ee
1830 3441 2049 3562 praefatis

561 3563 763 3679 parociis
796 3567 994 3684 deputari
1028 3569 1249 3687 (sciliceta
1274 3569 1474 3687 parochis
1508 3568 1715 3690 vicariis),
1753 3568 1886 3684 iisqne
1914 3566 2044 3682 pori-

568 3703 632 3772 ler
662 3692 841 3806 exeeptis
873 3721 976 3808 qnae
1005 3693 1320 3780 matrimonium
1342 3693 1427 3779 sive
1449 3691 1746 3788 antecedenter,
1788 3691 1874 3776 sive
1909 3685 2046 3774 subsc·

564 3827 731 3924 quanter
764 3815 1010 3929 respicient,
1045 3845 1224 3932 qnoeqne
1253 3816 1394 3902 omnio
1427 3813 1576 3902 iisdem
1609 3813 1699 3902 lili.
1735 3810 1946 3900 Petroniis
1978 3841 2043 3897 re·

565 3947 729 4020 screatu
761 3963 948 4050 expresse
979 3936 1167 4024 oolnmns
1198 3953 1236 4026 ct
1268 3937 1531 4026 declaramus
1566 3979 1605 4026 ι.
1641 3939 1757 4025 Luce
1792 3923 1924 4070 igilur
1956 3933 2041 4021 cla·

567 4050 661 4140 rius
693 4083 843 4145 eorum
879 4059 945 4146 ius
979 4079 1190 4178 apparere
1212 4059 1393 4150 Parochi
1426 4061 1550 4150 aiunt
1582 4062 1703 4182 quod
1738 4059 1827 4177 ipse
1860 4059 2038 4148 Cremo·

563 4175 709 4265 nensis
758 4183 996 4300 Episcopus
1026 4185 1112 4271 iam
1146 4211 1261 4272 anno
1295 4183 1417 4270 l8l6
1450 4209 1536 4270 non
1570 4187 1734 4272 creavit
1781 4181 1859 4271 sed
1913 4205 2042 4296 ugno-

564 4297 646 4384 vit.
681 4301 768 4391 Nec
800 4303 843 4392 in
877 4321 1100 4422 posterum
1147 4335 1193 4396 se
1241 4335 1309 4396 res
1351 4305 1477 4394 aliter
1523 4308 1666 4426 gessit.
1720 4309 1876 4394 Extant
1923 4301 2041 4389 enim

563 4424 831 4536 posteriores
862 4427 1013 4518 bullae
1043 4429 1506 4547 quaecoadintoriales
1538 4431 1649 4546 ipsas
1682 4429 1867 4518 vicarias
1899 4421 2044 4514 conlc-

563 4560 687 4648 ruut,
720 4547 764 4635 in
799 4551 962 4668 quibus
990 4553 1190 4670 exceptio
1223 4553 1380 4642 eadem
1414 4581 1465 4640 ac
1513 4553 1745 4640 necessitas
1796 4545 2039 4668 accipiendi

462 4783 468 4800 .
560 4666 631 4754 ab
673 4669 812 4760 altero
846 4704 900 4762 ex
923 4673 1123 4762 Perochis
1156 4675 1481 4793 delegationem
1515 4675 1678 4792 apertis
1710 4672 2041 4790 vorbis-firma·

562 4804 660 4886 let.
686 4795 836 4913 Neque
867 4795 988 4886 aliud
1022 4825 1077 4884 ex
1110 4797 1214 4914 ipsis
1261 4797 1635 4886 nominationibus
1683 4825 1799 4917 quae
1847 4793 2042 4886 Vicario·

562 4939 661 5002 rum
686 4919 986 5008 Parocborum
1024 4919 1343 5010 institutionem
1387 4921 1630 5024 continent,
1683 4921 1825 5009 evinci
1874 4931 2035 5039 potest,

558 5039 729 5156 'quippe
760 5041 928 5131 nullam
962 5043 1265 5162 exceptionem
1300 5043 1538 5146 continent,
1577 5071 1657 5132 nec
1688 5043 1766 5133 uni
1805 5041 2036 5161 archipre-

562 5160 743 5279 sbytero
776 5166 1047 5254 matrimonii
1080 5167 1423 5256 celebrationem
1456 5185 1695 5256 reservant.

616 5375 621 5386 ,
688 5289 777 5375 lloc
815 5287 1014 5393 demum,
1054 5289 1177 5377 aiunt
1220 5289 1378 5378 vicarii
1414 5317 1468 5378 ex
1517 5288 1620 5408 ipsis
1652 5287 2038 5410 praedecessorum

484 5491 494 5502 .
560 5435 744 5497 auorum
775 5407 1130 5500 attestationibus
1165 5409 1359 5528 probari,
1399 5411 1474 5531 qui
1508 5410 1781 5528 apertissime
1816 5408 2039 5500 declaran-
