4516 6318
530 273 622 361 too
1018 269 1098 358 Die
1132 269 1189 358 43
1223 265 1374 360 Martii
1408 265 1545 358 4879.

520 392 805 511 pedimeatnm
837 407 895 484 cst
927 391 1161 480 institutam
1194 387 1242 478 ob
1294 387 1505 505 publicam
1553 385 1817 486 honestatem,
1869 407 1909 478 ct
1956 395 2014 484 od

525 514 745 606 vitandam
778 513 1021 606 scandalum
1062 510 1321 613 :Pitonius
1358 543 1461 600 vero
1500 513 1540 600 in
1572 507 1744 625 discept.
1782 511 1922 602 cocles.
1949 517 2012 606 52

525 671 639 728 aum.
675 640 736 728 96
769 639 942 728 innixus
975 635 1219 728 auctoritati
1253 635 1461 752 praedicti
1498 649 1654 735 textus,
1693 649 1828 750 atque
1851 635 2016 728 adhae-

525 793 628 852 rens
658 760 903 852 sententiae
935 761 1131 879 Pagasai
1166 761 1211 846 in
1243 787 1337 874 cop.
1375 755 1433 846 orl
1463 755 1741 844 Aodieatiam
1786 789 1901 846 aram.
1947 763 1999 852 24

529 885 579 974 cle
612 883 795 1002 sponsal.
833 882 1077 976 Alexandri
1110 881 1166 972 de
1200 883 1320 970 Nero
1358 912 1471 970 norm.
1508 881 1554 1003 9ξ
1578 877 1716 968 Butrii
1760 911 1873 968 narn.
1929 885 2007 990 40,

527 1007 715 1100 Abbatis
747 1039 861 1096 nnnc.
904 1010 931 1095 7
966 1006 1130 1096 diserte
1162 1003 1314 1094 subdit
1343 1047 1374 1082 τ-
1413 1043 1429 1082 ι
1467 1002 1595 1092 Ratio
1628 1031 1735 1092 vero
1768 1001 2008 1096 inducendi

533 1171 549 1210 ι
591 1129 958 1248 impedimentum
992 1129 1194 1246 publicae
1238 1125 1474 1216 honestatis
1518 1124 1725 1226 iustitiae,
1777 1156 1865 1242 qua
1909 1129 2015 1220 iuris

532 1295 549 1334 ι
589 1253 786 1344 canonici
820 1253 1068 1344 conditores
1102 1252 1207 1341 moti
1243 1249 1381 1352 luere,
1420 1247 1618 1340 consistit
1653 1248 1695 1334 in
1743 1261 1924 1338 externa
1974 1269 2018 1342 et

533 1417 549 1456 ι
590 1376 819 1496 apparenti
852 1375 1052 1466 decentia
1088 1375 1206 1464 iuxta
1239 1403 1373 1492 quam
1409 1373 1523 1460 inter
1545 1369 1696 1460 fideles
1730 1401 1815 1460 non
1837 1372 2012 1466 videtur

533 1541 549 1578 ι
589 1498 910 1602 convenirent
944 1499 1056 1586 illius
1082 1526 1265 1586 uxorea
1290 1494 1592 1594 essedicatur‚
1619 1493 1829 1613 quaeluit
1857 1525 2016 1614 sponsa

519 1662 550 1726 ,ι
589 1622 918 1742 consanguinei,
954 1638 997 1708 et
1028 1637 1204 1710 econtra
1244 1659 1284 1706 ·.
1319 1661 1352 1696 =

647 1743 956 1836 Substantialis
993 1775 1123 1861 porro
1162 1743 1269 1832 haec
1318 1739 1625 1860 impedimenti
1673 1739 1804 1842 ratio,
1853 1771 2014 1860 nempe

526 1883 692 1956 caterno
732 1869 998 1984 apparentia,
1052 1897 1153 1956 cum
1202 1895 1377 1984 prorsus
1422 1862 1597 1954 deficiat
1645 1861 1689 1952 in
1736 1865 2014 1956 matrimonio

527 1989 796 2082 clandestino
830 1989 1013 2094 occulto,
1036 1991 1166 2108 plane
1199 1987 1479 2106 consequitur
1500 2016 1554 2076 ex
1588 1985 1871 2076 matrimonio
1895 1991 2010 2080 clao-

528 2110 698 2200 destioo
733 2113 902 2204 occulto
934 2132 1148 2202 assertum
1183 2111 1550 2230 impedimentum
1585 2109 1690 2198 oriri
1730 2139 1820 2198 non
1869 2142 2012 2230 posse.

531 2236 641 2324 luris
691 2266 883 2354 namque
918 2237 1086 2354 regula,
1123 2233 1244 2354 quod
1268 2236 1456 2324 Ecclesia
1490 2263 1577 2322 uon
1626 2231 1792 2322 iudicat
1840 2235 1897 2324 de
1939 2267 2012 2327 oc·

529 2359 657 2448 cultis
690 2391 724 2444 c.
762 2357 1011 2448 erubescant.
1051 2361 1110 2448 32
1144 2357 1243 2446 dist.
1282 2391 1319 2454 c.
1361 2355 1594 2446 clmr'stiano
1644 2357 1704 2448 32
1736 2388 1776 2473 q.
1804 2357 1853 2458 5;
1878 2361 2019 2476 quod-

527 2511 615 2598 que
649 2481 764 2594 idem
800 2480 868 2584 sit,
906 2481 1074 2601 aliquid
1108 2512 1195 2572 non
1229 2513 1338 2583 esse,
1376 2497 1419 2570 ct
1463 2510 1550 2568 uon
1599 2508 1829 2597 apparere;
1877 2481 1929 2570 L.
1971 2483 2018 2570 la

533 2603 635 2718 lopo,
672 2621 709 2692 et
741 2605 791 2692 L.
828 2605 997 2693 Rutilia
1046 2605 1178 2692 Polla
1225 2604 1275 2726 ff.
1325 2603 1376 2692 cle
1418 2601 1607 2692 control.
1645 2619 1772 2718 empt.
1807 2603 1895 2691 suis
1927 2606 2015 2723 pol·

532 2725 592 2814 let
628 2727 792 2815 viribus
824 2729 956 2816 etiam
992 2729 1138 2848 quoad
1187 2727 1534 2829 matrimonium,
1587 2725 1724 2844 quod,
1779 2743 1828 2814 ut
1876 2727 2017 2848 iuquit

528 2849 810 2938 Innocentius
842 2853 898 2940 ΙΙΙ
933 2854 977 2940 in
1011 2883 1105 2968 cop.
1143 2851 1204 2940 25
1242 2849 1293 2940 dc
1323 2849 1507 2966 sponsal.
1544 2866 1582 2938 et
1630 2849 1837 2947 rnntrim„
1876 2853 1922 2936 ia
1953 2884 2017 2939 oc-

530 2970 658 3058 rltate
690 2973 953 3062 contrahitur
981 3006 1062 3092 per
1097 2975 1328 3092 lepitr'mnm
1359 2975 1449 3060 oiri
1481 2987 1519 3060 et
1550 2971 1743 3058 mulieris
1765 3005 2014 3074 consensum,

529 3092 601 3180 sed
633 3096 862 3184 necessario
894 3114 989 3185 sanc
1020 3113 1217 3217 qnantum
1254 3098 1311 3188 act
1343 3096 1571 3184 Ecclesiam
1614 3094 1737 3182 ucrlro
1780 3127 2012 3186 consensum

531 3218 830 3331 exprimentia.
867 3221 1015 3332 Quare
1047 3223 1279 3339 Fagnauus
1312 3220 1357 3308 in
1393 3251 1486 3334 cop.
1528 3216 1651 3329 Quod
1683 3216 1800 3306 nobis
1833 3217 1884 3308 dc
1905 3221 2017 3308 elan·

529 3337 633 3426 dest.
672 3339 860 3456 despoas.
896 3377 1010 3434 nunc.
1052 3345 1083 3434 lc
1131 3375 1230 3433 cum
1269 3343 1365 3432 aliis
1415 3341 1672 3430 doctoribus
1716 3341 1778 3430 ibi
1826 3343 2018 3462 allegatis

532 3461 860 3568 animadvertit,
898 3467 1017 3586 qood
1050 3467 1149 3556 lieet
1182 3466 1463 3554 matrimonia
1501 3463 1773 3554 clandestina
1822 3464 1879 3555 de
1925 3469 2020 3557 iure

531 3583 817 3676 decretalium
853 3589 1031 3680 luissent
1061 3589 1223 3692 valida,
1260 3589 1294 3676 si
1330 3605 1475 3676 tamen
1510 3587 1667 3676 eadem
1700 3587 1760 3680 ita
1793 3605 1916 3679 erant
1950 3621 2020 3679 oc-

530 3709 661 3812 culta,
700 3728 749 3798 ut
784 3713 962 3829 probari
998 3743 1083 3801 non
1121 3729 1297 3830 possent
1329 3756 1360 3788 =
1381 3710 1741 3800 siccontrolrentes
1762 3711 1903 3826 potins
1926 3728 2020 3800 sunt

531 3830 583 3916 ab
617 3833 790 3920 inuicem
811 3834 1057 3950 soporandi,
1079 3836 1303 3953 quietalis
1331 3851 1656 3951 praesumuntur
1687 3833 1956 3923 contubernio
1975 3851 2013 3923 ct

531 3968 696 4068 stupro.
732 3999 763 4029 =

654 4077 784 4188 Quod
817 4078 954 4196 magis
1002 4081 1132 4170 etiam
1177 4081 1343 4170 directe
1385 4081 1671 4172 confirmatur
1703 4113 1728 4168 a
1760 4085 2009 4170 Doctorum

531 4199 805 4288 auctoritate.
832 4205 946 4292 Sane
978 4233 1034 4292 ex
1066 4205 1339 4322 sponsalibus
1371 4203 1548 4292 occultis
1582 4235 1668 4294 non
1703 4205 1807 4294 oriri
1833 4205 2019 4323 impedi·

529 4339 732 4410 mentum
766 4325 967 4442 publicae
1014 4327 1249 4416 honestatis
1299 4327 1480 4417 tradunt
1510 4327 1670 4418 Cucch.
1710 4326 1784 4414 tat.
1820 4329 1849 4416 5
1883 4329 2017 4417 instit.

532 4446 600 4534 tit.
640 4447 700 4533 40
733 4479 845 4536 num.
883 4450 961 4537 52.
986 4452 1113 4540 Gaas.
1144 4452 1187 4537 in
1210 4453 1379 4566 repetit.
1417 4483 1510 4567 cop.
1548 4448 1606 4538 acl
1639 4451 1809 4539 Limina
1841 4453 1961 4568 30q.
1989 4453 2009 4539 l

531 4567 576 4692 S.
613 4571 643 4657 lc
677 4573 850 4687 qcroesc't.
871 4574 962 4662 203
996 4605 1110 4662 nona.
1148 4575 1239 4663 403
1274 4577 1383 4662 inter
1431 4575 1600 4690 repetit.
1636 4573 1823 4664 canonic.
1860 4573 2018 4664 divers.

529 4691 616 4778 ool.
649 4693 688 4780 l.
717 4697 900 4784 Nararr.
928 4729 1037 4786 cons.
1065 4697 1124 4786 48
1156 4697 1201 4782 irc
1224 4699 1299 4816 fia.
1327 4696 1397 4784 sat
1423 4699 1491 4785 tit.
1518 4697 1569 4784 cle
1590 4729 1731 4812 spons.
1753 4697 1947 4788 Sanchez
1970 4698 2022 4787 dc

531 4815 719 4902 matrim.
760 4817 834 4906 tit.
872 4822 899 4908 7
935 4819 1048 4936 disp.
1090 4822 1151 4910 68
1184 4821 1448 4909 nnm.l6.=
1473 4823 1628 4912 «Sunt
1663 4836 1809 4908 tamen
1848 4838 2037 4939 lempse

535 4976 552 5014 a
594 4939 732 5028 randa
765 4940 880 5032 diota
914 4943 1076 5061 duplici
1113 4976 1157 5031 n.
1186 4975 1330 5061 praec.
1364 4943 1446 5032 nisi
1470 4941 1686 5061 sponsalia
1719 4944 1792 5031 illa
1825 4943 2025 5032 irritaob

537 5100 552 5137 ε
593 5061 813 5152 delectum
859 5097 1092 5158 consensus
1135 5069 1310 5173 interni,
1356 5069 1425 5155 vel
1484 5067 1663 5158 alterius
1705 5065 2017 5184 impedimenti

536 5224 552 5260 ι
593 5189 780 5274 omnino
807 5191 963 5280 occulti
999 5192 1198 5296 ratione,
1236 5193 1319 5282 sint
1365 5191 1475 5282 adeo
1513 5190 1816 5293 claudestina,
1850 5209 1896 5278 ut
1918 5219 2018 5307 pro-

536 5347 551 5382 «
591 5309 689 5396 bari
725 5331 965 5430 nequeant.
1004 5317 1284 5418 Tuscorum,
1312 5347 1412 5404 cum
1447 5317 1554 5404 ratio
1578 5317 1693 5404 dicta
1717 5315 1919 5430 publicae
1940 5315 2015 5402 ho·

534 5467 552 5506 r
594 5435 774 5522 nestatis
806 5469 854 5526 ae
888 5437 1080 5528 scandali
1114 5438 1245 5543 desit,
1283 5471 1332 5530 ac
1364 5471 1417 5530 ex
1452 5440 1587 5528 altera
1619 5455 1810 5557 parteea
1830 5468 1916 5526 non
1936 5439 2022 5524 sint
