4516 6318
503 467 567 554 98
947 463 1031 552 Dic
1063 463 1122 552 15
1154 460 1379 552 Februarii
1412 463 1550 552 ture.

501 605 746 688 annorum,
782 586 892 676 alter
923 588 1000 690 ll,
1038 587 1223 677 babetur
1265 586 1381 705 quod
1431 585 1477 674 iu
1525 612 1751 674 numerare
1793 585 1843 676 di
1888 587 2000 678 Por·

502 705 623 799 roclti
654 709 709 798 ltu
755 708 990 798 serbeutrufo
1025 707 1374 798 l'fa'lrdamudnriu
1408 708 1457 797 di
1488 711 1724 808 settimuuu,
1759 709 1812 797 ed
1844 710 1889 798 in
1922 711 1994 800 di·
2087 727 2090 734 '

502 833 606 955 [etto
638 831 688 919 di
719 847 858 950 questu
910 831 1123 920 tumtun
1169 833 1395 922 Gunaar'cn.
1448 835 1558 924 Cum
1611 831 1742 950 igitur
1797 832 1839 920 in
1889 865 1993 926 casu

501 955 770 1046 consuetudo
803 971 1031 1044 concurrat
1064 955 1405 1046 Hebdomadarii
1430 955 1593 1058 farore,
1614 987 1806 1076 cumque
1828 955 1923 1073 ipsu
1947 957 1991 1051 ln

503 1077 946 1198 praeeminentiarum
972 1079 1153 1168 materia
1177 1078 1358 1166 maximi
1374 1077 1429 1167 sit
1445 1077 1660 1181 facienda,
1675 1078 1994 1197 ambigendum

502 1231 589 1290 non
623 1232 715 1291 esse
747 1200 984 1307 concludit,
1020 1202 1256 1320 quominus
1289 1201 1553 1292 decernatur
1587 1201 1772 1291 minime
1817 1225 1994 1322 'compn-

505 1341 598 1413 tere
630 1325 827 1414 Paroche
858 1325 926 1414 ius
956 1324 1199 1440 deputandi
1232 1323 1369 1413 alium
1419 1323 1700 1415 Sacerdotem
1745 1323 1801 1412 ad
1849 1355 1993 1418 sacrus

504 1445 746 1536 functiones
780 1447 1050 1567 peragendas
1085 1463 1259 1567 prueter
1290 1445 1722 1538 Hebdomadarium.
1997 1539 2001 1546 ,

628 1569 697 1660 Ad
729 1571 972 1660 secundum
1006 1569 1193 1659 dubium
1228 1570 1497 1660 descendens
1540 1571 1698 1660 Orator
1746 1584 1865 1660 tenet
1911 1573 1997 1662 Oe·

504 1722 689 1783 eunome
721 1691 906 1812 quidem
940 1707 1189 1810 competere
1221 1725 1272 1784 ea
1304 1723 1420 1812 quae
1453 1693 1630 1812 propria
1664 1693 1843 1784 Parocbi
1878 1712 1992 1796 sunt,

510 1847 596 1906 unu
632 1815 766 1906 veluti
792 1819 943 1918 verbo,
967 1847 1098 1906 onera
1132 1813 1176 1905 et
1210 1815 1395 1906 minime
1429 1815 1523 1905 iura
1545 1833 1589 1904 et
1611 1817 1994 1934 praeeminentias.

507 1941 598 2028 lluc
630 1956 777 2028 autem
800 1955 991 2032 statuere
1023 1958 1205 2028 conatur
1237 1972 1290 2029 ex
1313 1969 1446 2057 super
1478 1940 1655 2029 recitato
1687 1939 1870 2028 articulo
1902 1940 1999 2030 fuu-

503 2061 689 2152 dationis
723 2061 991 2182 recitataque
1024 2064 1202 2153 actualis
1234 2061 1455 2153 Ordinarii
1494 2061 1693 2164 decreto,
1730 2093 1786 2152 ex
1828 2063 1994 2180 quibus

505 2185 647 2276 elucet
680 2185 722 2273 in
757 2185 936 2276 Parochi
969 2187 1138 2278 defectu
1162 2185 1565 2275 Hebdomudurium
1585 2183 1816 2274 succedere
1833 2186 1874 2272 in
1901 2186 1997 2274 iure

504 2338 645 2398 sacras
679 2339 831 2398 omnes
866 2308 1105 2398 functiones
1139 2307 1393 2428 perageurli;
1422 2339 1587 2398 necnon
1607 2307 1997 2399 exconsuetudiue

507 2459 640 2550 quam
677 2431 867 2549 probant
904 2431 1293 2552 supramemorati
1328 2431 1598 2552 au·ditui‚qui
1633 2463 1720 2520 uno
1748 2431 1886 2520 veluti
1921 2462 1998 2522 ore
2100 2523 2111 2530 ,

510 2563 721 2643 testantur
752 2554 865 2640 nullu
898 2555 1136 2642 redonuuzu
1167 2554 1282 2642 dello
1305 2553 1514 2644 Cbieau...
1566 2555 1603 2642 lc
1648 2555 1846 2676 surtzioni
1892 2571 1995 2644 tutte

505 2675 799 2795 purruccbinfi
829 2677 881 2764 erl
913 2677 1266 2766 ecclesiasticltr...
1288 2709 1417 2765 come
1451 2679 1487 2766 le
1530 2680 1803 2794 processioni,
1829 2679 1869 2766 si
1899 2711 1998 2766 sono

505 2831 665 2916 sempre
696 2797 895 2888 celebrate
918 2799 1364 2888 dull’b'bdomurfmio.
1401 2799 1533 2914 Quod
1555 2801 1685 2889 etiam
1719 2801 1774 2890 do
1800 2803 1894 2889 iure
1931 2817 1995 2889 te·

512 2921 708 3012 nendum
744 2952 836 3012 esse
867 2923 1067 3026 sustinet,
1108 2954 1163 3012 ue
1196 2923 1496 3042 Collegialium
1532 2924 1640 3013 ordo
1685 2924 1986 3028 subvertatur,

509 3045 616 3136 dum
651 3048 943 3150 Oeconumus,
963 3047 1037 3166 qui
1063 3077 1149 3136 nou
1176 3066 1239 3136 est
1273 3061 1413 3136 rector
1435 3047 1648 3138 Ecclesiae
1681 3048 1759 3138 sed
1792 3078 1998 3135 mercean-

508 3169 793 3290 rius,quique
812 3185 978 3260 tautum
1002 3188 1158 3288 potest,
1173 3189 1385 3290 quantum
1410 3169 1449 3258 ei
1470 3171 1548 3259 luit
1563 3171 1863 3273 commissum,
1879 3186 2000 3258 aute-

509 3308 745 3410 poneretur
777 3291 1141 3396 hebdomadario,
1178 3292 1255 3415 qui
1280 3293 1362 3409 ipsi
1397 3293 1578 3411 collegio
1604 3309 1792 3412 praeest,
1830 3293 1999 3412 quique

507 3445 562 3504 ex
596 3415 686 3532 ipsa
721 3415 993 3506 fundationis
1027 3417 1121 3534 lege
1157 3417 1249 3506 loco
1283 3415 1462 3505 Par-oclri
1496 3415 1729 3506 succedere
1764 3416 1919 3505 debet.

632 3539 946 3628 Verumtamen
980 3541 1088 3628 etsi
1126 3539 1169 3626 in
1202 3537 1393 3628 absurda
1425 3539 1655 3658 hypothesi
1710 3537 1842 3628 statui
1891 3537 1998 3626 velit

506 3661 809 3752 Oeconomum
842 3661 1074 3751 succedere
1109 3661 1151 3748 in
1186 3662 1333 3752 omniu
1389 3660 1480 3752 iura
1529 3678 1574 3750 et
1623 3662 1993 3779 praeeminentias

509 3784 691 3876 Paroebi
714 3783 1031 3904 praedefuncti,
1059 3783 1380 3874 interveniente
1414 3787 1992 3876 tamenCommunistarum

436 3957 441 3966 ·
510 3907 710 4026 collegio,
732 3906 874 3997 adhuc
888 3906 1037 3996 subdit.
1054 3905 1109 3996 ad
1129 3905 1536 3996 llebdomarlarium
1552 3926 1595 3996 et
1614 3908 1794 3996 minime
1816 3907 1870 3996 ad
1903 3909 1992 3996 Oe·

509 4059 743 4120 conomum
759 4032 980 4150 pertinere
994 4031 1058 4120 ius
1075 4029 1298 4120 deferendi
1313 4029 1466 4118 stolam
1480 4047 1615 4149 atque
1634 4030 1675 4118 in
1694 4031 1786 4120 loeo
1803 4029 1995 4148 digniori

512 4151 742 4244 incedendi
777 4153 944 4242 sivein
981 4153 1210 4242 funeribus
1241 4153 1333 4240 sive
1369 4154 1411 4240 iu
1446 4154 1716 4243 solemnibus
1748 4153 1997 4271 processio-

515 4275 660 4364 nibus.
686 4277 836 4366 Primo
868 4306 924 4366 ex
946 4278 1139 4396 eoquod
1164 4274 1560 4381 Hebdomadarius,
1580 4276 1866 4368 beneficiatus
1889 4303 1990 4365 cum

512 4398 584 4503 sit,
622 4397 754 4490 babet
794 4399 898 4489 iuris
931 4397 1231 4502 adsistentium
1267 4401 1309 4487 in
1346 4399 1650 4516 praecedendo
1685 4399 1867 4489 caeteris
1902 4397 2000 4487 aliis

514 4521 556 4610 iu
581 4523 761 4642 propria
786 4522 988 4626 Ecclesia,
1009 4523 1085 4642 qui
1102 4521 1352 4612 beneficiati
1368 4541 1585 4627 uurrsuut,
1613 4521 1995 4644 quemadmodum

514 4660 578 4734 cst
599 4646 889 4752 Oeconomus3
912 4646 1103 4735 maxime
1121 4646 1196 4734 ubi
1215 4645 1360 4764 agitur
1381 4643 1439 4734 de
1460 4645 1594 4736 stolae
1613 4647 1850 4749 delatione,
1877 4673 1993 4764 quae
2152 4640 2161 4660 ‘

514 4783 577 4858 est
612 4783 780 4868 tantum
804 4767 973 4888 siguum
1009 4768 1295 4873 sacerdotale,
1326 4783 1370 4856 et
1408 4798 1492 4858 nou
1533 4769 1610 4860 dat
1643 4765 1989 4860 iurisdictionem

514 4907 557 4978 et
576 4887 1174 5014 praerogativumr'Antouelf.
1195 4889 1528 5007 derepiurJlecl.
1545 4893 1690 5010 Epire.
1708 4891 1784 4980 lib.
1810 4893 1839 4980 3
1861 4923 1897 4978 c.
1932 4889 1993 4980 l8

515 5015 616 5104 nat
633 5083 644 5105 .
662 5016 865 5108 Secunde
887 5045 942 5104 ex
965 5045 1018 5104 co
1041 5014 1160 5138 quod
1183 5013 1523 5104 Hebdomadarii
1547 5016 1695 5104 favore
1719 5014 1874 5103 militat
1896 5043 2001 5104 eon·

513 5139 699 5234 suetudo
731 5139 791 5230 de
821 5170 909 5262 qua
943 5136 1143 5228 recensiti
1176 5136 1339 5226 aeditui
1373 5152 1601 5227 testantur.
1633 5179 1650 5218 ι
1680 5141 1739 5226 Le
1763 5137 1999 5256 processio·

520 5299 538 5340 ι
578 5259 623 5349 ul
654 5263 690 5350 si
722 5293 830 5353 sono
862 5290 1037 5380 sempre
1058 5260 1276 5350 celebrate
1297 5259 1747 5364 dall’Ebdomadario,
1773 5260 1831 5351 ed
1851 5289 1996 5352 assen-

522 5419 538 5462 ι
579 5400 620 5471 te
641 5402 795 5503 questo
816 5383 1118 5486 dall’auuiano,
1133 5399 1302 5472 assente
1324 5383 1352 5472 il
1373 5414 1551 5503 parroco
1574 5416 1601 5474 o
1625 5383 1793 5477 redova
1815 5385 1855 5472 la
1878 5383 2002 5475 Chio-

520 5541 537 5586 r
576 5535 680 5598 sa...
719 5506 1112 5614 nell'assoclrziune
1142 5505 1322 5596 solenne
1348 5505 1419 5596 dei
1457 5507 1690 5612 Cadaveri,
1710 5503 1999 5626 ullorquando

485 5707 487 5718 .
522 5669 539 5710 e
578 5629 750 5738 estate,
779 5629 961 5720 inritato
995 5631 1023 5720 il
1058 5629 1254 5748 Capitale
1276 5627 1355 5734 dei,
1373 5629 1595 5737 Canoniei,
1619 5630 1673 5724 ed
1701 5629 1783 5720 essi
1814 5627 1997 5732 essendo
