4460 6332
551 357 643 446 tto
973 347 1056 436 Die
1088 349 1148 436 20
1180 345 1429 464 Septembris
1462 345 1599 434 l879.

568 523 575 534 ,
678 477 754 564 ll.
791 475 879 562 Nee
913 473 1077 561 absona
1110 469 1347 589 quidemn
1381 469 1521 560 Sacris
1554 465 1806 557 Cauouibus
1830 477 1896 552 est
1919 487 2056 550 com·

553 597 701 687 munis
727 595 1030 696 observantia,
1067 625 1168 681 cum
1204 591 1247 678 in
1282 589 1498 680 eiusmodi
1530 588 1669 677 causis
1700 588 1758 676 ob
1781 580 2056 700 consangui-

554 720 729 820 nitatis,
766 717 835 804 vel
881 713 1098 804 affinitatis
1146 711 1514 830 impedimentum
1565 709 1788 810 excitatis,
1827 703 2059 823 amplissi-

554 872 652 928 mus
685 840 753 927 hie
785 841 831 930 S.
867 837 990 928 Ordo
1025 835 1318 954 processuales
1350 851 1468 923 aetus
1517 831 1571 921 ad
1614 831 1837 919 tramitem
1870 825 2060 918 Consti-

553 961 733 1051 tutionis
756 959 982 1050 Benedicti
1005 962 1106 1048 XlV
1131 959 1211 1044 Dei
1233 957 1499 1044 miseratione
1524 984 1711 1042 necnon
1738 951 1905 1070 pluries
1937 952 2061 1038 cita-

553 1101 624 1174 tae
662 1079 957 1170 instructionis
1005 1082 1065 1170 22
1116 1079 1301 1196 Augusti
1349 1079 1468 1168 l8-ll]
1510 1075 1739 1164 instaurari
1780 1072 2053 1162 demandat.

553 1203 965 1293 Luculeutissimum
1002 1201 1300 1291 testimonium
1334 1199 1513 1288 exhibet
1550 1198 1607 1286 de
1644 1197 1740 1299 hoc,
1768 1194 1968 1284 centenis
2010 1225 2056 1278 a·
2169 1214 2173 1249 ²

555 1327 624 1414 liis
657 1323 1003 1444 praetermissiS,
1055 1325 1275 1414 Verulana
1319 1321 1586 1410 Matrimonii
1627 1318 1716 1406 diei
1754 1319 1812 1404 ’13
1853 1313 2055 1432 Attpusti

557 1449 695 1536 1870.
727 1447 955 1564 Agebatur
987 1446 1153 1564 quippe
1195 1445 1250 1532 de
1288 1443 1495 1532 nullitatis
1545 1441 1706 1532 iudicio
1746 1440 1805 1527 ob
1854 1435 2056 1553 impedi-

557 1585 757 1656 mentum
792 1567 1191 1685 eonsaoguinitatis3
1212 1581 1256 1653 et
1282 1595 1379 1654 cum
1405 1567 1451 1655 S.
1477 1562 1763 1682 congregatio
1786 1587 2047 1676 processum

555 1723 578 1778 a
601 1690 822 1778 Verulana
845 1689 975 1778 Curia
999 1688 1230 1776 instaurari
1264 1689 1531 1786 mandasset,
1559 1717 1638 1775 ceu
1672 1682 1804 1770 refert
1836 1681 2051 1800 Synopsis

554 1810 816 1932 §Coniugio
847 1863 876 1880 -
907 1809 970 1898 ibi
1006 1859 1035 1876 -
1067 1847 1084 1888 ι
1119 1809 1176 1898 ad
1213 1811 1397 1898 tramites
1431 1806 1750 1896 Constitutionis
1788 1833 1880 1892 san.
1917 1835 2043 1890 marre.

555 1931 771 2020 Benedicti
786 1931 904 2022 XIV
914 1933 997 2020 Dei
1020 1933 1339 2034 miseratione»,
1363 1961 1466 2048 prae
1488 1931 1643 2049 primis
1667 1927 1847 2044 quidem
1866 1925 1922 2014 ad
1939 1957 2045 2013 eon·

553 2055 892 2172 sanguinitatem
929 2056 972 2142 in
1007 2071 1162 2171 quarto
1195 2055 1333 2172 gradu
1383 2051 1700 2141 ostendendam
1751 2047 1949 2136 exhibita
1976 2065 2043 2136 est

553 2177 598 2264 in
633 2177 736 2266 actis
769 2178 900 2264 arbor
931 2176 1213 2293 genealogica
1246 2207 1300 2264 ex
1334 2174 1656 2293 parochialibus
1690 2169 1918 2260 codicibus
1939 2201 2043 2257 con-

555 2295 697 2402 lecta3
733 2297 792 2386 ita
826 2298 991 2416 quippe
1025 2299 1262 2416 perlegitur
1296 2297 1339 2384 iu
1379 2300 1493 2385 Voto
1542 2293 1754 2410 Theologi
1789 2324 1883 2407 cap.
1926 2291 2035 2412 28.

556 2419 661 2506 Sane
676 2467 706 2482 -
721 2419 785 2506 ibi
801 2467 831 2484 -
853 2459 869 2498 ι
892 2419 997 2508 Sane
1017 2437 1129 2508 extat
1145 2422 1189 2508 in
1200 2421 1310 2528 ,actis
1327 2411 1742 2506 GENEALOGIGA
1758 2411 2003 2534 ARBolls
2021 2463 2038 2479 ·

559 2579 576 2619 ι
615 2538 760 2628 miliae
791 2539 1044 2658 Campolia
1076 2543 1270 2630 Paroeho
1303 2542 1567 2658 collegiatae
1600 2541 1645 2628 S.
1686 2535 1809 2626 Pauli
1843 2537 2035 2624 Verula-

560 2701 578 2740 ι
618 2691 718 2748 rum
751 2662 975 2764 conlecta,
1011 2693 1125 2780 quae
1159 2663 1332 2751 initium
1381 2663 1544 2752 ducens
1578 2659 1830 2777 aquodam
1865 2657 2033 2777 Angelo

558 2789 582 2862 ι’
616 2784 816 2900 Campoli
851 2784 1075 2873 communi
1113 2800 1207 2874 tum
1231 2785 1459 2903 Raphaelis
1485 2801 1575 2872 tum
1600 2781 1887 2869 Philumenae
1912 2781 2030 2900 (con-
2183 2855 2184 2859 ¹

558 2945 575 2984 ι
617 2905 785 3026 iugum)
820 2905 983 3022 stipite,
1021 2937 1071 2997 ac
1102 2909 1296 3025 singulas
1319 2907 1622 3025 generationes
1645 2931 1929 3006 enumerans,
1957 2903 2031 2990 ho=

557 3045 574 3108 ἰ
614 3055 711 3115 rum
745 3057 967 3148 quemque
998 3027 1044 3116 in
1077 3047 1233 3147 quarto
1269 3029 1393 3146 ponit
1425 3025 1659 3116 distantiae
1681 3024 1820 3144 gradu
1854 3023 1914 3112 ab
1940 3023 2028 3142 ipso

557 3189 575 3227 ι
613 3149 839 3238 communi
872 3148 1052 3267 stipite,
1091 3149 1363 3270 proindeque
1398 3151 1443 3238 in
1474 3165 1623 3265 quarto
1660 3143 1827 3265 aequali
1860 3145 1969 3234 inter
1990 3179 2028 3233 se
2181 3243 2183 3273 ,

557 3310 574 3350 ι
614 3273 986 3388 consanguinitatis
1018 3271 1157 3388 prede
1189 3274 1424 3360 coniunctos
1455 3271 1561 3392 [ecit
1593 3313 1630 3357 ι.

679 3395 752 3482 12.
791 3395 932 3483 lsthac
980 3393 1260 3483 nihilominus
1311 3411 1398 3484 tarn
1450 3391 1680 3512 propatula
1729 3389 2031 3508 impedimenti

552 3515 928 3606 demonstratione
961 3515 1080 3605 haud
1114 3517 1329 3619 obstante,
1366 3515 1519 3606 sedulo
1552 3515 1667 3604 eavit
1699 3514 1828 3604 Curia
1861 3513 2030 3629 Episco-

551 3637 661 3753 palis
697 3653 811 3726 testes
843 3670 1012 3726 nemero
1042 3636 1187 3753 plnres
1220 3668 1454 3727 accersere.
1482 3641 1533 3724 Et
1557 3666 1611 3723 ne
1644 3634 1898 3752 exemplum
1921 3634 2028 3722 illius

551 3758 709 3848 Curiae
744 3760 866 3876 parvi
903 3759 1187 3877 pendendum
1221 3791 1313 3848 esse
1357 3760 1453 3876 quis
1479 3774 1696 3862 autumet,
1736 3755 1859 3845 lacile
1891 3787 2030 3845 occur·
2182 3827 2183 3842 .

551 3879 608 3966 rit
640 3879 850 3968 iudicium
884 3882 929 3971 S.
968 3882 1147 3970 huiusce
1164 3881 1538 4000 congregationis,
1570 3911 1685 4000 quae
1720 3881 1762 3966 in
1798 3880 2028 3996 praecitata

550 4001 756 4118 Synopsi,
794 4017 965 4117 praeter
997 4003 1168 4092 arboris
1200 4003 1505 4123 genealogicae
1539 4000 1839 4091 testimonium
1881 3999 2025 4090 debito

551 4121 684 4211 etiam
721 4122 874 4210 habuit
906 4125 951 4212 iu
985 4126 1126 4242 pretia
1158 4125 1454 4242 depositiones
1488 4125 1662 4212 testium
1702 4123 1758 4212 ad
1798 4121 2025 4238 septimam

551 4242 899 4363 propinquorum
920 4276 1100 4335 manum
1119 4247 1392 4338 conflandam
1412 4245 1724 4350 adhibitorum;
1765 4245 1822 4332 ita
1846 4243 2027 4365 §.Quod

550 4398 649 4454 aero
680 4419 710 4436 -
743 4367 805 4455 ibi
837 4415 879 4437 -·
903 4407 920 4447 ι
945 4367 1075 4480 Quod
1108 4399 1211 4459 vero
1244 4371 1397 4458 attinet
1419 4367 1478 4459 ad
1500 4368 1735 4484 allegatum
1769 4369 2025 4484 consangui-

555 4529 571 4568 ι
614 4487 759 4576 uitatis
792 4489 1181 4606 impedimentum,
1220 4491 1474 4580 Vincentius
1499 4492 1680 4578 Asceuzi
1705 4487 1885 4578 actualis
1907 4493 2032 4578 Paro·

556 4651 573 4689 ι
612 4609 738 4698 chiae
770 4611 815 4700 S.
851 4611 975 4699 Pauli
1009 4615 1161 4701 Abhas
1193 4613 1389 4717 accitus,
1426 4612 1510 4700 sub
1551 4610 1791 4701 iuramenti
1826 4611 2029 4729 religione

554 4773 571 4812 ι
610 4745 808 4838 testatur,
846 4763 900 4822 ex
932 4733 1256 4850 parochialibus
1282 4733 2024 4854 baptismatum,matrimoniorum,

553 4893 571 4932 ι
610 4870 654 4940 et
686 4852 892 4942 lunarum
925 4855 1067 4962 libris,
1108 4889 1217 4975 quos
1257 4857 1300 4944 in
1345 4856 1540 4946 medium
1589 4855 1781 4976 profert,
1819 4856 1913 4944 erni
1948 4859 2027 4946 lla·

556 5015 573 5054 ι
614 4973 817 5093 phaelem
853 4979 1052 5096 Catapoli
1099 4995 1142 5066 et
1196 4979 1498 5069 Philumenam
1547 4980 1743 5070 Ancioue
1786 4979 1829 5065 in
1874 4995 2027 5096 quarto

556 5137 572 5176 ι
612 5097 782 5215 aequali
817 5097 959 5189 lineae
991 5101 1248 5190 collateralis
1281 5101 1418 5218 gradu
1443 5129 1536 5205 esse
1557 5101 1917 5220 consanguineos
1952 5098 2027 5192 Cui

555 5257 573 5299 ι
611 5237 819 5310 consonat
865 5221 986 5311 Felix
1017 5221 1258 5328 Crescenzi,
1297 5223 1372 5340 qni
1407 5237 1604 5342 tempore
1639 5223 1735 5310 initi
1761 5221 2025 5312 matrimonii

556 5381 574 5421 ι
613 5343 834 5434 Parochus
857 5344 1086 5436 existebat.
1114 5343 1228 5433 Idem
1246 5342 1514 5462 comprobant
1530 5347 1739 5438 TESTES
1754 5375 1924 5434 numero
1934 5344 2028 5462 pln-

555 5501 573 5542 ι
614 5497 679 5556 res
711 5499 732 5552 e
762 5468 1005 5586 cognatione
1036 5484 1074 5555 et
1106 5467 1265 5556 uicinia
1296 5468 1504 5557 accersiti.
1556 5469 1621 5560 Ex
1661 5469 1823 5588 quibus
1861 5467 2024 5586 primus
