4460 6332
588 345 680 436 442
1053 348 1137 436 Die
1167 349 1228 439 23
1261 351 1447 468 Augusti
1480 351 1621 442 l879.

593 513 609 548 ι
649 469 858 559 scrinioue
891 469 965 560 dei
999 469 1121 562 londi
1155 475 1462 592 appartenenti
1497 476 1580 564 alle
1618 468 1884 561 Prebende
1921 469 2089 560 Canoni·
2171 547 2172 570 a

593 594 729 682 «cali
764 593 882 684 della
915 593 1069 684 Chiesa
1103 597 1355 686 Cattedrale
1393 597 1438 687 di
1488 596 1601 687 Alile
1658 591 1874 684 secondo
1910 591 1939 677 il
1974 593 2093 683 lluolo

594 759 610 797 ι
649 716 868 804 londiario
917 757 956 804 ι.
998 721 1059 806 Ex
1095 719 1176 808 boc
1209 749 1340 836 porro
1363 719 1635 810 documento
1659 718 1740 806 cui
1780 714 2009 830 adscripta
2037 737 2090 804 est
2159 702 2164 823 l

588 840 682 931 dies
708 841 768 927 lO
799 836 1002 930 Octobris
1036 843 1158 930 teau
1190 858 1374 961 apparet
1392 873 1544 932 omnes
1569 837 1880 960 praebendas
1904 835 2093 958 (exceptis

586 964 765 1054 duabus
800 994 914 1082 quae
948 962 1243 1052 efformabant
1278 997 1408 1054 unam
1451 997 1641 1054 massam
1689 991 1996 1056 communem
2031 995 2092 1080 pra

588 1087 764 1179 duobus
797 1085 1047 1206 Canonicis)
1083 1087 1212 1176 luisse
1246 1103 1471 1206 separatas
1503 1105 1547 1178 et
1580 1087 1853 1178 distinctas.
1893 1083 2093 1174 Uniuscu·

587 1363 723 1436 sores,
763 1349 806 1421 et
845 1331 962 1454 quod
1017 1333 1170 1422 lortius
1203 1346 1284 1438 cst,
1321 1351 1411 1422 tam
1445 1365 1525 1454 pro
1557 1329 1841 1450 praebenda
1881 1329 2089 1448 tlreologali

571 1485 726 1575 ¹quam
762 1456 1119 1574 poenitentiaria‚
1147 1457 1343 1576 singulae
1365 1458 1521 1576 singuli
1561 1455 1863 1574 assignantur
1899 1449 2018 1539 lundi
2047 1453 2090 1542 ad

589 1577 770 1668 easdem
805 1595 1082 1696 spectantem
1120 1611 1228 1697 quos
1262 1581 1421 1670 fundos
1454 1579 1606 1689 subdit
1637 1597 1687 1666 et
1713 1575 1951 1664 actualem
1970 1575 2087 1662 Thea·

589 1703 738 1820 logum
758 1717 803 1788 et
819 1701 1209 1790 Paenitentiarium
1230 1703 1485 1821 possedisse,
1508 1703 1649 1792 donec
1686 1701 1780 1816 ipsi
1801 1697 2086 1786 conversionis

593 1827 689 1944 lege
722 1825 911 1942 perculsi
947 1854 971 1911 a
1004 1825 1220 1943 gubernio
1254 1827 1453 1944 occupati
1488 1826 1625 1914 fuere.
1662 1821 1816 1936 Quod
1861 1821 2000 1908 altero
2027 1819 2086 1907 do·
2166 1933 2167 1943 Ν

589 1961 799 2038 cumento
834 1945 1096 2036 confirmare
1129 1950 1286 2064 satagit
1318 1979 1372 2036 tax
1404 1944 1924 2066 ArchivioEpiscopalis
1957 1941 2085 2032 Curiae

590 2071 861 2190 deprompto
895 2087 1027 2188 atque
1060 2069 1102 2157 in
1138 2071 1340 2188 originali
1375 2071 1556 2160 adacta
1591 2069 1828 2160 exhibito.
1867 2065 1949 2154 llic
1988 2064 2083 2150 euin

593 2211 659 2284 est
693 2195 991 2312 autographus
1024 2193 1224 2312 Episcopi
1269 2195 1565 2284 Di-Giacomo
1613 2193 1901 2312 requirentis
1938 2187 1992 2276 de
2025 2215 2082 2272 an-

590 2350 647 2407 no
685 2317 806 2404 t859
841 2349 865 2402 a
899 2318 1121 2406 Canonico
1145 2321 1320 2405 lllanera
1341 2317 1534 2405 vacantis
1557 2313 1956 2404 Paenitentiariae
1978 2337 2080 2426 prae·

589 2439 769 2529 bendae
805 2457 902 2556 post
935 2441 1107 2528 obitum
1142 2439 1350 2530 Canonici
1384 2441 1619 2531 Stoeebetti
1664 2480 1681 2518 ι
1731 2441 1801 2528 Lo
1839 2433 1999 2525 statino
2026 2427 2079 2514 del

598 2604 615 2642 ι
656 2561 837 2649 lruttato
852 2577 972 2651 certo
993 2561 1124 2678 epesi
1147 2562 1317 2650 annessi
1337 2562 1377 2650 al
1397 2562 1668 2654 Canonicato
1681 2561 1814 2650 della
1833 2551 2079 2689 Penitenzie

598 2727 613 2764 t
659 2684 721 2770 ria
737 2733 766 2748 ··
782 2685 816 2771 si
841 2684 1042 2774 badicho
1060 2684 1173 2774 devo
1192 2715 1335 2774 essere
1352 2685 1498 2804 quella
1517 2685 1776 2787 Probenda,
1796 2684 1884 2772 che
1904 2671 2077 2766 tenerarl

597 2850 614 2888 ‹
656 2807 964 2896 Penitenziere
988 2807 1130 2924 prima
1154 2807 1416 2897 dell’oaione
1438 2807 1645 2898 udottata.
1666 2862 1696 2878 -
1718 2807 1814 2895 Del
1852 2820 1970 2892 resto
2000 2791 2077 2910 oggi

597 2973 614 3011 ‹
657 2932 784 3018 verra
801 2929 831 3017 il
850 2929 1024 3019 Vicario
1038 2929 1118 3017 che
1131 2931 1219 3048 pub
1238 2931 1345 3019 dare
1369 2933 1477 3020 lumi
1493 2929 1693 3020 ulteriori
1719 2971 1764 3018 ι.
1797 2931 1867 3018 Ex
1891 2955 1979 3046 quo
1998 2947 2076 3006 con·

593 3052 765 3142 firmari
809 3052 914 3141 dicit
934 3053 1325 3142 poenitentiarium
1343 3053 1577 3146 Stoccbetti
1620 3069 1719 3170 post
1772 3079 1946 3141 annum
1979 3037 2074 3176 lflll

593 3175 823 3295 reliquisse
856 3207 982 3265 suam
1019 3177 1318 3294 praebendam
1353 3195 1396 3265 et
1442 3193 1617 3296 optasse
1649 3175 1785 3265 aliam
1824 3201 1962 3293 quam
1993 3179 2073 3252 retr·

594 3298 692 3387 nuit
724 3329 865 3417 usque
898 3299 954 3389 ad
987 3329 1110 3387 suam
1147 3315 1355 3388 mortem.
1392 3303 1453 3387 Eo
1486 3317 1634 3388 autem
1684 3317 1898 3418 tempore
1932 3287 2073 3409 Episco

593 3453 677 3542 pus
711 3421 769 3509 ad
802 3422 1113 3542 corrigendum
1147 3453 1342 3512 errorem
1394 3423 1515 3528 iuris,
1552 3423 1629 3542 qui
1662 3422 1909 3540 irrepserat
1941 3415 1983 3500 in
2012 3405 2071 3494 de·

595 3561 714 3634 creto
748 3545 958 3661 optionis,
998 3545 1135 3633 voluit
1169 3561 1217 3633 ut
1251 3576 1364 3634 novo
1396 3545 1743 3635 poenitentiario
1788 3574 1881 3632 non
1918 3539 2070 3626 daretur

599 3667 856 3788 praebenda
891 3699 1022 3786 quam
1058 3698 1140 3785 per
1173 3669 1397 3786 optionem
1430 3685 1724 3788 consequutus
1756 3668 1911 3758 luerat
1942 3651 2069 3748 deluu-

599 3807 693 3878 ctus
727 3789 996 3894 Stoechetti,
1033 3791 1110 3878 sed
1145 3791 1218 3880 illa
1257 3823 1389 3910 quam
1438 3791 1554 3881 idem
1590 3792 1841 3883 Canonicus
1885 3781 2070 3876 habuerat

599 3927 700 4000 ante
734 3913 923 4030 optionis
956 3915 1180 4004 decretum
1216 3917 1396 4032 quando
1427 3917 1624 4034 singulae
1657 3911 1947 4032 praebendae
1967 3903 2067 4040 erant

599 4031 786 4137 divisae,
824 4066 1029 4158 quaeque
1062 4054 1275 4153 perpetuo
1308 4039 1480 4128 adnexa
1505 4041 1646 4127 luerat
1680 4036 1821 4126 officio
1856 4038 2066 4122 Paeniten-

602 4156 731 4244 tiarii.

723 4279 846 4368 Hisce
881 4281 1015 4396 igitur
1048 4285 1223 4370 attentis
1255 4299 1388 4403 atque
1430 4299 1656 4399 resumpto
1689 4287 1886 4405 benigne
1920 4281 2062 4392 praete·

599 4405 682 4489 rito
715 4403 819 4490 lolio
852 4407 936 4492 llll.
976 4407 1069 4494 VV.
1107 4404 1277 4495 diluere
1310 4407 1547 4524 dignentur

1237 4653 1453 4740 DUlllUlll
1608 4675 1613 4684 ·

724 4895 796 4982 Aa
827 4914 867 4986 ct
899 4899 1013 4986 cuius
1046 4900 1194 5019 sonore
1226 4903 1283 4988 nt
1317 4899 1427 4986 locus
1461 4901 1625 5014 optioni
1658 4903 1703 4988 in
1736 4933 1848 4990 cusu.
2169 4891 2172 5014 l

727 5163 997 5258 Affirmative
1032 5169 1182 5261 lavore
1221 5171 1428 5261 Canonici
1477 5173 1693 5300 'l'lreologi
1740 5177 1799 5262 ita
1833 5189 1976 5262 tanen
2018 5155 2055 5234 ul
2161 5090 2166 5286 l

604 5287 860 5410 praebenda
895 5305 1045 5410 optata
1081 5312 1294 5414 perpetuo
1327 5294 1492 5384 deinde
1525 5295 1697 5386 addicta
1747 5301 1961 5386 remaneat
1989 5303 2050 5362 ⁰³·
2162 5332 2164 5387 t

603 5415 825 5504 nouicatui
861 5414 1112 5536 theologali.
2160 5417 2162 5445 ³
