4530 6336
735 387 816 473 Dio
848 385 1044 474 261ot2t·
1080 385 1216 474 1879.
1622 391 1715 480 349

236 513 310 602 da'.
337 507 643 626 suspensionis
676 510 793 597 enirn
828 540 955 599 causa
1003 527 1153 598 contra
1187 512 1414 599 Canopum
1448 500 1718 630 praescripta

238 637 482 736 immutata,
509 631 638 720 Curia
672 632 1063 752 Archicpiscopalis
1097 647 1330 750 antequam
1354 633 1563 724 eumdem
1587 636 1721 726 resti-

238 771 383 846 tueret
417 753 473 844 ad
507 755 791 846 sacerdotalia
826 755 1047 874 fungenda
1080 753 1318 843 ministeria
1352 756 1513 874 exegit,
1542 773 1590 846 ut
1623 757 1717 876 ipse

237 881 359 1002 prius
392 878 737 968 Ecclesiasticum
774 893 1014 966 assumeret
1047 874 1233 966 officium
1267 879 1526 966 conveniente
1563 878 1607 966 ul
1645 912 1718 970 suo

206 1021 360 1108 stolo,
387 1000 506 1121 quod
544 1001 668 1089 unice
702 1033 726 1090 a
759 1001 920 1091 Curiae
954 999 1091 1116 ipsius
1125 999 1309 1088 arbitrio
1331 999 1555 1118 dependet
1588 1001 1646 1090 ita
1671 1020 1718 1092 ut

237 1127 294 1216 ad
329 1125 557 1246 ipsiusmet
591 1123 766 1211 lihitum
802 1153 1034 1241 suspensus
1069 1138 1281 1211 maneret.

362 1247 493 1361 Quod
527 1246 708 1366 quidum
744 1247 813 1334 val
845 1280 868 1334 a
902 1244 1032 1336 Curia
1067 1263 1288 1361 peractum
1323 1245 1405 1332 luit
1440 1261 1486 1334 ut
1509 1246 1602 1364 ipse
1634 1246 1715 1334 ab·

238 1371 396 1460 stineat
428 1401 453 1458 a
487 1399 532 1457 se
566 1366 855 1458 immiscendo
888 1369 932 1456 in
967 1369 1264 1456 controversia
1296 1386 1446 1456 contra
1479 1368 1714 1456 llenricum

240 1525 320 1612 per
354 1491 636 1594 Catlrariuam
672 1491 872 1598 excitata3
900 1490 970 1579 vel
1004 1506 1050 1577 ut
1084 1489 1176 1606 ipse
1225 1491 1279 1578 ad
1331 1489 1582 1579 evitandam
1617 1519 1718 1578 ceu·
1845 1533 1848 1538 ·

236 1645 382 1706 suram
418 1615 651 1702 Heuricum
687 1615 922 1730 compellat
955 1611 1012 1702 ad
1034 1612 1370 1702 corucedendum
1394 1612 1555 1700 sororis
1578 1611 1708 1700 votis.

239 1741 284 1831 Si
320 1738 529 1855 primum,
547 1768 645 1824 cum
665 1737 714 1826 lis
737 1737 878 1826 adhuc
901 1733 984 1824 sub
1008 1735 1150 1824 iudice
1172 1734 1242 1840 sit,
1269 1735 1362 1822 eius
1400 1763 1533 1851 opera
1568 1764 1714 1852 neque

238 1861 444 1978 prodesse
479 1875 618 1976 potest
658 1859 953 1966 monasterio,
981 1858 1049 1948 cui
1095 1857 1330 1948 Catharina
1378 1886 1538 1946 nomen
1570 1856 1711 1946 dudit.

236 1987 418 2102 lusuper
453 2013 539 2070 nou
573 1983 708 2071 sernel
741 2013 884 2101 neque
916 1983 987 2069 bis
1017 2011 1063 2069 se
1097 1982 1154 2069 ab
1175 1980 1254 2068 hac
1278 1981 1445 2068 macula
1480 1995 1713 2100 purgatum

236 2107 375 2195 voluit
421 2103 527 2192 dum
575 2105 771 2221 promisit
820 2104 868 2190 di
899 2137 980 2191 aon
1019 2105 1243 2220 iuperirmi
1279 2103 1393 2220 nepti
1425 2101 1557 2223 affari
1601 2103 1714 2192 della

239 2260 405 2316 monaca
441 2226 600 2316 Solori.
626 2229 670 2320 Si
696 2259 797 2316 vero
830 2227 1073 2316 secundum
1097 2227 1153 2316 ad
1177 2227 1447 2344 impossibile
1478 2225 1710 2316 damnare-

240 2367 310 2439 tur
342 2351 511 2469 qnoties
545 2351 754 2439 Henricus
787 2351 831 2437 in
866 2350 1137 2468 oppositione
1171 2365 1369 2465 promota
1411 2363 1559 2437 contra
1593 2379 1710 2438 soro·

236 2477 294 2562 ris
328 2473 527 2562 libellum
564 2505 844 2590 perseverare
878 2473 1022 2578 vellet,
1049 2488 1093 2560 et
1126 2473 1167 2560 in
1200 2470 1429 2590 hypothesi
1452 2502 1538 2591 qua
1561 2473 1714 2588 petitio

235 2595 495 2686 Cathariuae
527 2628 551 2684 a
587 2597 772 2685 iustitiae
806 2595 1044 2713 praeceptis
1077 2595 1206 2682 devia
1239 2597 1294 2681 sit
1342 2612 1569 2711 cogeretur
1602 2623 1713 2682 con-

237 2737 300 2807 tra
324 2721 794 2837 conscientiamagere,
823 2747 1093 2839 operamque
1116 2748 1238 2806 suam
1260 2745 1421 2805 navare
1444 2715 1499 2804 ad
1521 2716 1711 2804 iustitiae

236 2857 464 2958 praecepta
501 2843 827 2958 prosternenda.

361 2963 430 3052 Ad
466 2996 638 3054 oausam
662 2964 763 3054 dein
788 2963 1057 3052 descendeus
1089 2962 1150 3049 ob
1172 2990 1305 3080 quam
1352 2977 1534 3078 apparet
1570 2963 1713 3076 Ange·

235 3087 325 3176 lum
360 3086 489 3174 luisse
523 3087 810 3204 suspensione
842 3087 1119 3188 innodatum,
1157 3085 1399 3201 gestionem
1433 3111 1596 3197 nempe
1630 3083 1711 3170 ho·

236 3239 392 3296 uorum
426 3208 618 3325 familiae
650 3209 787 3301 Solari
812 3207 1013 3298 meminit
1035 3211 1188 3298 Orator
1211 3223 1500 3294 mercaturam
1526 3203 1607 3292 illis
1632 3235 1713 3292 ve-

236 3332 317 3420 tari
351 3332 542 3435 Clericis,
580 3333 654 3451 qui
688 3333 827 3425 Sacris
849 3331 1089 3420 Ordinibus
1108 3329 1261 3418 initiati
1295 3329 1441 3446 aliquo
1491 3325 1707 3416 beneficio

236 3452 460 3556 lruuntur,
488 3486 609 3542 secus
642 3455 675 3542 si
712 3486 796 3543 uon
830 3454 993 3570 habent
1046 3452 1164 3541 unde
1193 3453 1343 3540 vivant
1392 3452 1511 3536 iuxta
1554 3452 1712 3538 Rotam

235 3575 280 3674 in
304 3580 404 3665 Dec.
431 3580 520 3666 353
553 3611 596 3666 n.
624 3579 772 3692 fiper.
795 3577 853 3664 l9
873 3591 970 3663 tom.
1003 3577 1020 3660 l
1048 3607 1130 3663 rac.
1156 3576 1247 3664 imo
1265 3591 1307 3666 et
1331 3575 1434 3690 ipsis
1467 3571 1713 3661 beneficia·
1800 3587 1803 3593 ’

233 3699 285 3786 tis
321 3701 516 3817 permitti
551 3701 907 3819 negotiationem,
927 3697 1169 3787 dummodo
1194 3700 1372 3786 honesta
1394 3697 1449 3784 sit
1473 3715 1511 3782 ot
1540 3696 1709 3784 lucrum

234 3839 430 3912 vertatur
455 3827 498 3912 in
524 3824 702 3912 alterius
719 3825 952 3911 utilitatem
970 3820 1219 3910 llotodecis.
1241 3823 1301 3908 56
1323 3853 1364 3908 n.
1399 3821 1443 3920 7,
1478 3835 1594 3932 part.
1622 3819 1699 3919 ld,

231 3943 360 4033 decis.
384 3949 532 4035 tt6o.
560 3949 725 4064 tport.
748 3947 823 4053 ll,
846 3943 972 4032 decis.
994 3944 1082 4032 473
1103 3946 1193 4032 o.6
1214 3959 1329 4058 purt.
1357 3943 1432 4048 ll,
1455 3940 1693 4029 decis-23l
1772 4052 1775 4058 Ι

232 4099 275 4154 a.
306 4070 366 4158 ts
396 4087 513 4186 part.
542 4071 618 4158 lO.
650 4073 708 4158 At
741 4069 950 4161 Sacerdos
983 4067 1173 4184 Angelus
1195 4063 1408 4156 beneficio
1439 4095 1526 4152 non
1546 4065 1700 4180 pollet.

232 4191 496 4282 Mercaturae
529 4225 632 4312 ergo
667 4209 782 4282 recte
816 4189 1077 4294 intenderet,
1115 4187 1358 4280 dummodo
1380 4201 1586 4306 quaestus
1634 4217 1712 4276 nec

233 4310 319 4400 sint
353 4315 594 4420 immodici,
633 4347 711 4403 nec
744 4315 787 4402 in
823 4314 956 4432 ipsius
979 4331 1149 4402 vertant
1172 4313 1425 4400 utilitatem.
1453 4314 1531 4398 Ast
1555 4309 1598 4394 in
1623 4309 1712 4395 the·

232 4449 348 4522 mate
372 4467 457 4524 uon
477 4439 622 4554 agitur
639 4438 694 4526 de
712 4435 1078 4537 commercio,sed
1102 4435 1158 4524 de
1180 4436 1405 4524 exactione
1421 4430 1699 4550 pensionum,

231 4587 339 4674 quas
356 4559 641 4649 conductores
662 4576 819 4676 sponte
838 4559 1084 4674 rependunt
1106 4557 1288 4647 domum
1313 4554 1487 4643 Henrici
1506 4565 1704 4668 petentes

231 4679 301 4768 bis
334 4699 408 4768 aut
443 4700 509 4770 ter
541 4683 584 4770 in
601 4682 780 4800 singulis
796 4683 936 4784 annis,
962 4712 1077 4801 quae
1102 4682 1160 4768 nil
1185 4681 1319 4768 habet
1340 4707 1439 4766 cum
1458 4692 1704 4772 mercatura

229 4833 482 4894 commune.
520 4806 697 4895 Accedit
730 4807 863 4924 ipsius
890 4806 1053 4910 ,Curiae
1076 4799 1461 4920 Archiepisoupalis
1490 4796 1709 4886 silentium

230 4955 311 5042 per
344 4926 497 5044 viginti
533 4947 574 5017 et
625 4931 734 5018 ultra
773 4955 989 5016 annorum
1030 4927 1215 5046 lapsum,
1257 4953 1424 5013 necnon
1456 4919 1710 5038 exemplum

228 5047 422 5166 plurium
444 5053 796 5169 procurationum
819 5051 1084 5139 familiarum
1112 5117 1122 5152 ,
1168 5077 1282 5166 quae
1305 5043 1569 5163 presbyteris
1590 5059 1633 5130 et
1666 5043 1711 5130 in

228 5169 308 5261 lrac
340 5172 454 5263 alma
503 5179 615 5265 urbo
649 5173 922 5264 concreditae
955 5187 1088 5275 suut,
1124 5172 1231 5290 quin
1266 5167 1558 5258 Ecclesiastica
1590 5179 1712 5284 pote·

227 5307 314 5383 stas
355 5297 631 5405 obmussitot;
679 5300 793 5417 qu'ae
826 5295 993 5388 somnia
1049 5295 1244 5383 revelant
1294 5287 1545 5379 huiusmodi
1607 5285 1712 5375 otti-

225 5415 342 5505 cium
378 5421 694 5512 haudClericis
728 5452 752 5509 a
783 5421 860 5510 SS.
902 5418 1152 5508 Canonibus
1201 5415 1354 5516 vetari,
1393 5443 1475 5502 uec
1520 5411 1708 5531 proinde

227 5567 308 5655 per
356 5570 557 5634 censuras
606 5545 662 5634 ad
716 5542 869 5632 cadem
919 5539 1184 5632 dimittenda
1234 5539 1346 5656 ipsos
1400 5567 1525 5654 possa
1584 5561 1713 5624 com-
