4446 6330
485 299 546 390 34
940 288 1019 374 Die
1051 287 1111 376 25
1145 285 1340 374 Ianuarii
1370 286 1508 374 1879.

482 423 615 510 etiam
651 410 886 528 separatim
920 409 1122 526 sumptis,
1161 407 1302 496 solent
1334 405 1619 498 Sacratissimi
1652 402 1908 521 Principes
1946 415 2014 492 ta-

483 545 546 632 les
577 533 739 656 gratias
772 531 1149 652 dispensationum
1184 529 1377 648 benigne
1410 529 1602 648 elargiri.
1639 532 1742 648 Age
1784 554 1917 614 nunc

606 659 682 746 38.
719 655 863 743 Prima
907 652 1188 772 dispensandi
1236 683 1363 742 causa
1412 668 1475 740 est
1523 680 1680 769 magna
1731 665 1784 738 et
1822 647 2003 735 notabi-

410 857 412 862 ,
482 786 535 876 lis
569 776 802 898 disparitas
842 777 954 863 inter
989 777 1194 894 coniuges
1238 787 1328 862 tam
1372 773 1517 894 quoad
1566 790 1798 874 aetatem,
1858 799 2004 887 quam

487 901 635 1027 quoad
676 897 991 1002 conditionem,
1027 928 1143 1016 quae
1172 899 1323 1014 procul
1363 896 1501 985 dubio
1544 893 1698 984 sufficit
1747 923 1843 1011 pro
1885 892 2010 978 obti-

490 1024 641 1118 nenda
681 1020 1021 1140 dispensatione,
1053 1047 1152 1108 cum
1176 1020 1295 1107 enim
1321 1019 1534 1136 impediat
1556 1015 1810 1106 amicitiam
1852 1013 2001 1119 illam,

484 1149 823 1262 animorumque
856 1141 1162 1246 concordiam,
1200 1173 1312 1260 quae
1345 1142 1459 1228 inter
1491 1141 1697 1258 coniuges
1737 1137 2009 1226 beatitudi-

485 1303 587 1362 nem
605 1265 842 1386 quamdam
860 1263 1003 1369 efficit,
1022 1281 1069 1352 ut
1082 1263 1357 1352 aitSooclteze
1369 1259 1715 1351 Demetrimdib.
1730 1263 1767 1349 2
1782 1257 1915 1374 disp.
1944 1262 2006 1347 16

481 1425 596 1483 oum.
636 1391 667 1477 2
698 1437 728 1454 -
761 1388 822 1474 ibi
844 1429 917 1464 -ι
957 1389 1095 1477 Causa
1130 1388 1241 1476 iusta
1275 1401 1339 1474 est
1370 1384 1578 1474 notabilis
1602 1383 1906 1500 inqualitate
1931 1379 2002 1471 diss

491 1557 508 1598 ι
549 1511 762 1635 sparitas‚
816 1509 993 1626 quando
1035 1509 1196 1598 seilicet
1244 1505 1552 1598 contrahentes
1580 1521 1681 1594 sunt
1720 1504 2007 1593 notabiliter

489 1680 505 1716 ι
546 1633 797 1728 conditione
831 1633 1037 1751 impares,
1090 1648 1133 1718 et
1172 1631 1385 1752 affectione
1436 1661 1553 1718 coeco
1595 1645 1633 1718 et
1663 1628 1843 1716 lenitate
1893 1659 2001 1744 quo-

490 1801 507 1839 «
547 1760 644 1847 dom
688 1753 806 1844 ducti
843 1753 997 1842 ineunt
1018 1753 1366 1842 matrimonium.
1403 1755 1455 1840 Et
1486 1751 1596 1842 ratio
1636 1767 1717 1852 est,
1750 1751 1869 1871 quia
1896 1779 1999 1838 ma·

492 1923 508 1962 ‹
550 1877 806 1969 trimonium
840 1877 1071 1964 ordinatur
1104 1875 1159 1966 ad
1194 1893 1393 1964 mutuam
1431 1873 1669 1964 amicitiam
1710 1887 1756 1960 et
1792 1902 2000 1962 concor-

492 2047 508 2083 «
547 2003 704 2105 diam,
748 2029 860 2116 quae
897 1999 1012 2088 inter
1049 1995 1347 2088 beatitudines
1391 1996 1620 2100 refertur3
1663 1995 1773 2082 nihil
1833 2011 2001 2116 autem

490 2166 507 2204 ι
548 2123 684 2242 magis
717 2135 895 2210 mutuae
927 2121 1145 2210 amicitiae
1173 2153 1222 2209 ac
1252 2120 1603 2222 benevolentiae,
1641 2147 1774 2238 quam
1822 2118 1995 2206 coniu-

492 2290 509 2325 α
547 2276 652 2366 gum
684 2244 915 2360 disparitas
957 2242 1230 2332 adversatur.
1274 2284 1290 2319 ι
1330 2245 1381 2330 Et
1414 2241 1599 2330 Corrad.
1651 2243 1696 2325 in
1727 2271 1876 2356 prox.
1925 2239 1997 2326 di·

486 2401 624 2488 speos.
664 2367 739 2453 lib.
782 2367 810 2453 7
848 2397 941 2481 cop.
977 2365 1006 2450 5
1042 2395 1156 2452 uum.
1188 2366 1307 2452 53-
1339 2365 1404 2452 ibi
1440 2405 1513 2442 -ι
1548 2367 1661 2452 Haec
1702 2392 1808 2450 vero
1847 2353 1993 2450 causa

442 2521 446 2529 ·
495 2532 512 2570 ι
553 2488 873 2608 inaequalitatis
921 2503 965 2574 et
992 2486 1252 2604 imparitatis
1274 2486 1385 2576 adeo
1413 2485 1638 2608 potissima
1665 2501 1746 2588 est,
1776 2502 1829 2571 ut
1854 2487 1993 2576 Sum·

492 2655 509 2694 ι
547 2641 644 2702 mus
677 2609 879 2700 Pontifex
910 2639 1009 2696 eam
1045 2609 1250 2698 admittat
1279 2609 1410 2698 etiam
1445 2608 1502 2697 ad
1536 2605 1874 2698 Matrimonium
1914 2637 1998 2694 re-

495 2777 512 2814 «
552 2753 662 2840 tum,
702 2763 785 2821 non
822 2747 972 2818 tamen
993 2747 1374 2838 consummatum,
1394 2729 1749 2836 dissolvendum3
1778 2761 1893 2819 nam
1916 2759 1995 2817 ex-

494 2900 510 2936 «
552 2855 765 2976 perientia
788 2853 936 2941 docuit
958 2885 1275 2973 nonnunquam
1299 2855 1505 2946 Summos
1538 2851 1769 2942 Pontifices
1797 2853 1995 2970 dispeu-

496 3021 511 3058 ι
551 3011 665 3069 sasse
697 3008 830 3095 super
857 2975 1108 3065 huiusmodi
1138 2976 1432 3082 Matrimouio,
1459 2974 1638 3095 quaudo
1667 2975 1992 3064 contrahentes

495 3141 512 3180 ι
550 3115 651 3189 sunt
681 3097 933 3188 notabiliter
967 3099 1218 3190 conditione
1253 3099 1470 3217 impareS,
1502 3100 1577 3186 'ob
1615 3097 1809 3186 inlelices
1838 3099 1993 3187 exitus

396 3311 400 3319 .
496 3263 512 3301 ι
550 3223 627 3340 qui
660 3235 836 3338 possent
868 3221 1046 3310 evenire
1083 3253 1138 3310 eu
1172 3222 1247 3310 tali
1289 3221 1589 3310 matrimonio.
1634 3261 1650 3298 »
1689 3224 1752 3308 lta
1797 3231 1994 3339 quoque

489 3345 632 3432 tenuit
663 3345 770 3433 Rota
807 3373 945 3430 corum
969 3344 1088 3432 Celso
1127 3344 1254 3432 decis.
1278 3345 1358 3433 371
1390 3375 1504 3431 ιιιιιιι.
1531 3347 1577 3442 7,
1609 3341 1735 3430 decis.
1762 3344 1857 3432 207
1883 3375 1932 3430 ιι.
1956 3342 1987 3428 9

484 3483 604 3584 part.
643 3467 687 3566 l,
722 3482 760 3554 et
787 3463 916 3554 decis.
958 3467 1017 3554 19
1051 3499 1164 3552 attin.
1194 3469 1240 3555 [ι.
1281 3483 1319 3554 et
1341 3467 1467 3554 decis.
1505 3467 1565 3554 59
1599 3496 1699 3582 por.
1736 3465 1796 3553 l0
1819 3479 1984 3554 recent.

425 3700 427 3706 Ι
487 3589 623 3710 Atqui
664 3587 882 3691 eiusmodi
926 3587 1210 3708 inaequalitas
1244 3606 1333 3676 tam
1368 3588 1536 3695 aetatis,
1583 3616 1716 3707 quam
1749 3587 1988 3678 conditio-

488 3710 556 3801 nis
590 3743 644 3801 ex
680 3711 799 3802 Actis
832 3711 1183 3800 Processualibus
1219 3711 1352 3798 veluti
1391 3742 1467 3798 sua
1510 3726 1665 3828 sponte
1698 3709 1831 3798 fluit:
1872 3737 1983 3798 nam

489 3833 551 3923 ait
583 3834 819 3950 Episcopus
837 3830 926 3952 (l):
967 3835 1097 3922 «Non
1131 3833 1491 3949 altreattrattive,
1523 3830 1777 3922 trattandosi
1810 3831 1857 3921 di
1895 3859 1989 3920 una

497 3995 513 4034 ι
552 3955 740 4073 giovane
772 3957 851 4044 che
885 3955 928 4044 lo
960 3985 1087 4074 sposo
1121 3985 1338 4046 avauzava
1370 3953 1415 4042 di
1453 3953 1526 4042 beo
1553 3955 1664 4042 dicei
1699 3955 1802 4042 onai
1819 3955 1870 4042 di
1891 3953 1978 4051 etci,

501 4117 517 4155 ι
556 4077 676 4193 quusi
708 4075 921 4199 deforme,
949 4075 1147 4184 strombo,
1184 4111 1225 4166 se
1266 4111 1347 4167 uon
1393 4077 1438 4164 al
1483 4094 1586 4166 tutto
1632 4109 1761 4165 scema
1807 4077 1856 4165 di
1894 4106 1987 4164 cer-

496 4240 513 4277 «
552 4197 676 4288 cello.
720 4241 737 4279 »
777 4199 933 4314 Quoad
966 4198 1265 4291 conditionem
1304 4215 1450 4291 autem
1482 4200 1734 4290 Franciscus
1769 4217 1865 4290 erat
1901 4195 1985 4286 vil-

490 4319 598 4411 licus
628 4351 796 4440 pauper
835 4325 1147 4427 mercenarius,
1169 4326 1244 4445 qui
1278 4323 1475 4442 quotidie
1505 4325 1796 4414 conveniebat
1818 4323 1876 4412 de
1900 4350 1982 4440 pe·

490 4444 617 4533 cunia
655 4441 828 4550 diurne,
875 4479 963 4566 qua
1001 4443 1194 4543 vivebat,
1231 4477 1310 4537 ceu
1352 4445 1545 4564 loquitur
1567 4445 1767 4535 laudatus
1800 4445 1981 4564 Episco-

495 4597 577 4686 pus
612 4564 698 4690 (2):
741 4610 757 4648 ι
795 4569 900 4659 'lale
926 4567 1211 4658 matrimonio
1251 4599 1338 4657 non
1370 4568 1486 4658 ebbe
1508 4599 1634 4658 cause
1665 4583 1824 4687 troppo
1856 4567 1979 4656 lode-
2061 4681 2064 4686 Ι

500 4727 517 4765 ι
556 4689 661 4796 voli,
696 4723 720 4780 e
758 4691 831 4779 tali
866 4691 923 4782 da
966 4722 1051 4781 uon
1092 4689 1214 4779 lame
1249 4693 1336 4778 ben
1377 4689 1597 4810 presagire
1633 4759 1643 4778 .
1684 4755 1695 4776 .
1736 4756 1746 4777 .
1783 4693 1880 4781 Non
1914 4719 1975 4778 es·

497 4853 513 4885 .
551 4812 656 4901 sersi
689 4827 843 4931 potato
887 4813 1142 4903 combinare
1176 4845 1236 4900 un
1269 4810 1403 4901 modo
1457 4813 1502 4902 di
1545 4814 1776 4904 convivere
1818 4843 1973 4901 ecoa·

495 4973 513 5010 ι
550 4933 695 5026 hitare
726 4950 790 5024 tra
823 4933 853 5022 li
885 4935 1027 5057 Sposi.
1065 4937 1099 5024 ll
1129 4935 1266 5054 padre
1289 4933 1474 5024 Arduini
1499 4967 1585 5025 ιιοιι
1613 4937 1643 5024 li
1679 4936 1834 5028 voleva
1856 4939 1977 5036 seco,

496 5093 514 5132 ι
551 5055 593 5144 la
633 5089 760 5180 sposa
803 5087 893 5148 non
925 5057 1052 5150 volea
1092 5059 1252 5150 recarsi
1290 5057 1487 5164 aSalea,
1536 5057 1652 5150 dove
1686 5091 1710 5149 a
1743 5057 1814 5149 dir
1849 5087 1972 5158 vero,

470 5402 475 5410 ³
620 5300 687 5423 (1)
721 5305 863 5421 Epist.
891 5337 983 5423 sup.
1012 5306 1085 5394 cit.
1149 5339 1152 5349 ·

620 5421 687 5548 (2)
720 5424 803 5514 lbi.

2191 348 2194 433 l
