4530 6336
752 387 927 478 111626
959 386 1065 476 Iulii
1102 389 1235 478 1879.
1656 385 1747 474 363

253 509 474 634 nequead
492 507 854 600 cousuetudinem
874 541 1060 630 eamque
1082 508 1503 617 immemorabilem,
1530 507 1748 628 nequead

258 633 441 758 quaevis
457 633 663 736 aliciura,
678 633 849 751 quaein
873 635 1138 722 contrarium
1162 634 1467 754 allegabantur
1487 665 1565 722 ceu
1600 627 1758 749 videre

260 777 323 850 est
357 757 401 846 in
446 755 614 844 Nullius
637 754 841 844 ortetettt
864 755 1025 844 lorium
1061 756 1247 844 Puroelt.
1298 757 1358 844 11
1394 755 1568 873 Aprilis
1605 751 1745 844 t82t.

222 937 226 942 ·
261 900 305 972 et
337 878 593 1000 praesertim
631 879 675 966 in
707 879 902 966 Briocien.
937 879 1101 966 Iuriurn
1139 875 1754 968 Ρ6166111611661611612116-

261 1004 315 1094 lii
355 1003 477 1094 l875
514 1017 558 1088 et
586 1003 631 1088 in
658 1000 839 1089 Aretinu
882 1001 1247 1092 luriutnPuroclt.
1273 1003 1321 1090 11
1355 1001 1589 1092 Decembris
1614 999 1752 1090 1875.

387 1123 644 1214 Huiusmodi
663 1155 767 1218 vero
784 1123 1009 1216 doctrinae
1029 1125 1071 1214 iu
1092 1125 1284 1216 themate
1306 1157 1358 1216 eo
1379 1126 1514 1247 magis
1531 1123 1758 1214 inhaeren-

261 1253 368 1342 dum
401 1279 494 1336 esse
526 1247 719 1368 videtur,
759 1261 851 1335 tum
875 1247 979 1366 quia
996 1279 1076 1364 per
1098 1250 1197 1366 plus
1219 1279 1353 1369 quam
1377 1248 1652 1367 septuaginta
1677 1275 1754 1334 au·

264 1403 343 1462 nos
375 1369 537 1458 Vicarii
570 1401 720 1460 curam
754 1370 997 1458 animarum
1032 1387 1339 1477 exercuerunt,
1366 1373 1640 1461 reclamatum
1673 1367 1754 1458 de·

265 1494 553 1616 pendentium
592 1493 979 1612 Archipresbytero
1016 1493 1172 1612 iugiter
1203 1495 1478 1584 exhibentes:
1516 1509 1607 1584 tum
1642 1490 1757 1609 quia

269 1619 398 1716 aliter
433 1615 573 1734 iurgia
607 1633 651 1706 et
683 1619 980 1706 contentiones
1014 1617 1126 1704 inter
1160 1617 1372 1708 Parocbos
1415 1629 1755 1717 renovarentur,

270 1771 384 1863 quae
418 1737 668 1855 saepissime
701 1740 843 1828 locum
878 1739 1043 1828 babere
1074 1738 1275 1828 solebant
1306 1771 1358 1830 eu
1408 1755 1621 1855 tempore,
1671 1766 1763 1858 quo

268 1896 372 1953 cura
397 1861 647 1949 animarum
669 1894 692 1948 a
717 1861 918 1978 pluribus
938 1861 1188 1978 pastoribus
1203 1863 1450 1954 insolidum
1475 1858 1767 1957 exercebatur

267 2018 345 2106 ceu
380 1984 583 2102 perbibet
615 1983 850 2103 Episcopus
873 1985 916 2073 in
940 2016 1016 2074 sua
1039 1984 1344 2074 informatione
1376 1990 1422 2080 S·
1444 1987 1498 2072 Η.
1517 1987 1567 2076 C.
1590 1981 1759 2072 oblata.

267 2111 306 2196 E
338 2105 489 2196 inutile
506 2103 540 2192 il
559 2105 669 2204 dire,
695 2108 756 2196 sic
773 2107 907 2196 relert
929 2108 1179 2226 Episcopus
1202 2107 1272 2196 clte
1296 2125 1362 2198 tro
1383 2110 1514 2227 questi
1547 2103 1764 2195 Porrocln‘

272 2261 399 2323 erano
417 2229 625 2352 frequenti
639 2227 1211 2330 16661166106161616611661
1228 2247 1535 2320 trusrnntcrono
1552 2231 1595 2316 in
1623 2225 1768 2345 operti

276 2349 486 2452 scandali,
506 2369 763 2439 eomeoonstc
776 2351 852 2440 dui
864 2351 1097 2440 documenti
1119 2351 1430 2444 dell'Arclrioio
1448 2349 1766 2442 Parroccleiule.

394 2475 511 2588 Quin
533 2504 734 2592 regerere
768 2476 943 2562 valeant
976 2475 1323 2566 immutationem
1349 2477 1595 2568 sonitant
1628 2486 1770 2562 atten-

273 2597 464 2692 dendam
498 2597 616 2686 baud
650 2627 742 2686 usse
775 2614 927 2716 utpote
959 2599 1018 2686 ab
1040 2602 1299 2690 anctoritate
1321 2599 1452 2704 civili,
1481 2593 1767 2689 ecclesiastica

272 2736 488 2841 potestate
532 2719 795 2838 posthabita,
833 2720 1063 2810 dumtaxat
1099 2741 1339 2842 peractam.
1398 2703 1766 2840 Archipresbyter

274 2844 392 2934 euim
430 2841 690 2960 praeprimis
723 2842 963 2960 respondet
996 2874 1081 2932 non
1116 2875 1207 2935 esse
1231 2846 1463 2964 probatam
1498 2843 1767 2932 immutatio-

272 2997 392 3070 nem,
416 2997 530 3054 anno
566 2965 743 3054 18016
777 2967 1003 3058 Gubernio
1039 2967 1279 3072 inductam,
1317 2968 1510 3086 legitima
1543 2963 1768 3083 potestatis

271 3089 588 3180 ecclesiasticae
630 3087 952 3204 adprobatione
990 3105 1126 3208 atque
1157 3091 1379 3181 sanctione
1412 3091 1542 3180 luisse
1575 3085 1770 3177 destitu-

276 3229 383 3300 tam.
408 3214 467 3300 Ut
501 3227 646 3300 autem
682 3211 843 3302 lactum
878 3212 1056 3334 aliquod
1091 3213 1147 3301 de
1180 3215 1381 3304 nullitate
1415 3228 1639 3333 arguatur,
1665 3239 1769 3329 pro·

274 3335 373 3423 bari
408 3335 526 3453 prius
560 3333 708 3437 debet,
745 3367 841 3424 rem
876 3366 1033 3455 reapse
1055 3337 1275 3440 accidisse,
1303 3334 1681 3456 quemadmodum
1706 3359 1771 3422 us·

276 3457 448 3548 seritur.
485 3453 730 3546 Deficiente
763 3490 867 3548 vero
915 3455 1166 3548 huiusmodi
1208 3460 1499 3579 probatione,
1551 3455 1770 3548 inutiliter

276 3580 331 3670 de
367 3579 567 3668 nullitate
601 3593 721 3670 actus
753 3581 997 3699 impetitur:
1033 3598 1189 3672 uotum
1223 3583 1442 3702 siquidem
1476 3583 1522 3670 in
1556 3581 1651 3670 inre
1685 3592 1766 3680 est,

274 3701 393 3822 quod
429 3700 541 3792 lacta
577 3734 661 3791 non
695 3721 1050 3820 praesumuntur,
1087 3704 1166 3794 sed
1200 3706 1551 3826 probationibus*
1585 3701 1771 3792 demon·
1810 3781 1812 3787 s

274 3825 400 3914 strari
434 3856 609 3916 necesse
643 3843 724 3924 ost,
762 3842 809 3913 ut
842 3826 1046 3916 ellectum
1078 3828 1250 3948 pariant
1283 3829 1342 3918 od
1373 3845 1474 3918 text.
1523 3829 1567 3914 in
1603 3826 1705 3944 Lep.
1742 3820 1763 3906 1

276 3946 383 4036 Cod.
411 3946 461 4036 de
497 3947 673 4037 Probat.
705 3949 802 4066 Lep.
826 3947 1092 4038 Asseverutlo
1110 3950 1217 4038 Cod.
1240 3951 1291 4040 de
1310 3953 1401 4042 ll'on
1419 3953 1542 4044 Num.
1584 3948 1767 4044 Pecun„

276 4071 383 4160 11616
426 4103 565 4160 corum
611 4071 768 4158 lonoro
801 4071 928 4160 decis.
967 4074 1029 4162 18
1066 4105 1109 4160 n.
1150 4075 1211 4162 10
1240 4090 1279 4162 et
1309 4107 1448 4164 eorutn
1485 4070 1620 4162 Cord.
1671 4068 1773 4156 Mc-

277 4194 367 4280 rini
394 4195 534 4280 Deris.
572 4193 662 4280 422
694 4225 807 4280 num.
848 4197 892 4282 l.
929 4195 1064 4314 Urget
1097 4195 1280 4286 ulterius
1314 4197 1678 4315 Archipresbyter
1711 4220 1766 4278 ex

279 4315 484 4403 omnibus
515 4347 662 4404 rerum
697 4315 913 4406 adiunctis
956 4318 1176 4437 praesumi
1220 4321 1363 4440 potius
1385 4321 1550 4412 debere
1580 4315 1766 4404 sanctio·

279 4466 379 4526 nem
415 4437 745 4530 ecclesiasticam
785 4439 828 4530 in
882 4441 1076 4550 thomate
1121 4471 1207 4544 non
1258 4441 1463 4533 defuisse.
1516 4436 1673 4556 Argnit
1717 4433 1771 4524 id

278 4590 331 4648 ex
364 4559 451 4678 iugi
487 4577 530 4648 et
566 4563 775 4648 constanti
829 4563 1001 4676 silentio
1045 4561 1209 4652 nedum
1258 4565 1534 4655 sacerdotum
1568 4559 1644 4683 qui
1668 4587 1764 4646 suc·

278 4681 442 4770 cessivo
465 4697 663 4800 tempore
699 4685 740 4772 in
779 4717 908 4776 curae
952 4686 1200 4798 animarum
1242 4686 1667 4778 administrationem
1701 4677 1772 4780 tl·

206 4899 208 4904 ,
279 4801 395 4894 caria
428 4821 641 4924 potestate
684 4809 822 4897 vocati
861 4809 1095 4922 6161116611
1131 4809 1321 4914 1661661;
1359 4807 1670 4900 verumetiam
1695 4801 1770 4892 eoss

279 4958 375 5016 rum
415 4929 492 5048 qui
534 4928 725 5020 nativam
749 4932 1038 5022 Parocborum
1059 4948 1323 5049 potestatem
1345 4933 1390 5022 iu
1424 4931 1616 5022 solidum
1640 4955 1771 5028 exer-

279 5049 463 5139 cendam
502 5081 582 5168 per
620 5053 774 5144 Laicae
808 5054 1041 5166 Paestanis
1090 5053 1323 5172 imperium
1372 5055 1652 5144 imminutam
1691 5047 1766 5136 vi-

280 5169 458 5263 derunt.
500 5176 595 5263 Non
625 5193 690 5264 est
733 5207 885 5266 revera
934 5175 1148 5266 credibile
1179 5178 1298 5296 quod
1326 5178 1354 5265 ii
1393 5173 1647 5268 huiusmodi
1706 5171 1765 5261 ci·

280 5291 359 5384 vili
393 5293 673 5418 dispositioni
699 5299 1014 5422 acquieverint,
1054 5329 1145 5418 qua
1177 5331 1347 5390 ⁴eorum
1391 5298 1632 5390 iurisdictio
1678 5293 1773 5394 adis

278 5417 499 5523 mebatur,
542 5421 650 5538 quin
686 5453 764 5513 nec
799 5453 852 5511 eo
892 5423 1116 5542 temporis,
1161 5454 1250 5542 quu
1301 5423 1404 5512 talia
1457 5421 1639 5524 fiebant,
1684 5417 1771 5517 sa'lr

276 5555 375 5636 ‚tem
406 5545 767 5658 protestationem
808 5545 1036 5636 emiserint
1061 5575 1139 5636 uec
1176 5545 1468 5663 imposterum
1497 5545 1771 5663 primaevam

290 5661 631 5754 iurisdictionem
672 5667 963 5786 parochialem
998 5698 1189 5788 uuquam
1224 5668 1576 5760 reclamaverint.
