4558 6340
550 377 643 472 262
1045 365 1128 452 Die
1158 366 1209 454 21
1251 365 1367 454 lunii
1401 367 1537 456 1879.

545 520 610 598 est
644 494 763 624 quod
796 511 941 583 contro
975 523 1055 578 non
1088 489 1287 577 colentem
1322 521 1444 605 opere
1476 523 1557 576 raon
1589 494 1726 580 currit
1759 499 2042 614 praescriptio

547 661 644 746 ary.
671 625 778 736 Cup.
810 619 854 705 l.
882 619 1021 704 iuncta
1057 612 1086 698 l.
1111 613 1155 700 l.
1182 613 1232 700 C.
1253 609 1303 699 de
1330 612 1496 700 Annali
1532 616 1763 731 exception.
1810 619 1943 728 Quod
1976 653 2048 710 au·

547 767 637 839 tem
671 741 914 836 Canonieus
946 737 1182 828 Ciocehetti
1234 735 1290 823 ad
1332 753 1606 852 praetensam
1655 742 2047 858 praescriptionem

547 861 957 984 interrumpendam
990 889 1121 976 agere
1154 859 1271 946 haud
1307 861 1506 961 valuerit,
1535 891 1588 948 ex
1621 861 1819 978 superius
1840 865 2047 982 expositis

547 991 828 1086 manilestum
853 983 1062 1102 erurnpit3
1091 983 1201 1069 tituli
1235 982 1352 1068 enim
1387 1001 1430 1070 et
1462 983 1641 1070 nomina
1674 998 1718 1070 et
1740 984 1775 1071 si
1798 1017 1914 1106 quae
1947 987 2049 1075 ade-

553 1129 652 1206 rant
674 1113 937 1200 doeumenta
960 1105 1272 1194 Canonicatum
1298 1105 1496 1222 llagnoni
1520 1103 1758 1224 spectantia
1791 1109 1851 1194 ab
1884 1110 2043 1200 eodem

550 1237 758 1357 Capitulo
782 1262 918 1348 usque
952 1229 1008 1317 ad
1041 1255 1206 1314 annum
1231 1227 1352 1316 1865
1374 1229 1495 1315 omni
1528 1227 1673 1317 studio
1707 1245 1749 1317 et
1781 1261 1886 1318 eura
1919 1247 2045 1320 cau'te

552 1357 934 1452 custodiebantur,
960 1383 1016 1438 ne
1050 1350 1092 1437 in
1127 1350 1419 1466 cognitionem
1453 1351 1545 1438 eius
1578 1352 1763 1452 veniret,
1802 1353 1877 1472 qui
1911 1355 2041 1444 unice

549 1487 761 1574 interesse
783 1478 975 1564 babebat
997 1473 1232 1590 quominus
1256 1474 1431 1562 laudata
1456 1462 1736 1590 praescriptio
1760 1475 2035 1590 procederet.

550 1610 830 1720 Quamquam
856 1613 1027 1714 praeter
1061 1595 1246 1684 adducta
1281 1613 1324 1682 et
1356 1597 1440 1683 alia
1474 1595 1779 1685 desiderantur
1811 1598 1866 1684 ad
1901 1600 2041 1715 legiti-

550 1757 670 1818 mam
697 1721 1079 1840 praescriptionem
1116 1719 1339 1834 requisita‚
1372 1719 1485 1806 inter
1518 1749 1632 1836 quae
1667 1720 1857 1836 primum
1893 1721 2034 1810 locum

552 1865 673 1940 tenet
695 1850 810 1934 bona
834 1842 960 1948 fides,
977 1873 1064 1959 qua
1090 1839 1321 1930 deficiente
1353 1842 1635 1957 praescriptio
1654 1843 1773 1928 nullo
1793 1861 1917 1958 pacto
1944 1877 2041 1960 pro-

550 1972 708 2063 cedere
734 1983 892 2084 potest.
907 1967 970 2050 lta
995 1964 1145 2052 Abbas
1171 1963 1278 2080 Cep.
1294 1963 1372 2050 ult.
1391 1965 1434 2050 in
1456 1963 1692 2051 Surnmario
1715 1963 1757 2052 lt.
1775 1979 1805 2051 t.
1825 1997 1875 2053 ac
1896 1967 2040 2054 Theo-

551 2093 639 2209 logi
663 2107 704 2180 et
727 2087 987 2177 Canonistae
1021 2089 1331 2176 communiter.
1353 2087 1462 2176 Hinc
1488 2087 1533 2173 iu
1557 2087 1658 2202 Rep.
1679 2089 1708 2174 2
1730 2088 1821 2174 lnr.
1843 2089 1889 2173 in
1911 2091 1941 2174 6
1963 2091 2039 2176 ab·

550 2219 689 2308 solute
723 2212 900 2302 dieitur:
925 2211 1142 2297 Possessor
1170 2211 1305 2297 rrtoloe
1337 2209 1439 2332 fidei
1471 2209 1561 2296 ullo
1595 2227 1774 2326 ternpore
1806 2241 1886 2296 reon
1912 2241 2039 2326 proe-

550 2338 712 2428 scribit.
741 2339 788 2421 lu
813 2335 1002 2422 themate
1028 2365 1131 2423 vero
1155 2335 1318 2420 bonam
1344 2332 1478 2421 fidem
1502 2333 1663 2426 lrustra
1687 2331 1871 2450 requiris
1903 2365 2040 2451 penes

551 2458 835 2577 capitulares,
863 2455 939 2575 qui
974 2457 1016 2543 in
1051 2485 1237 2575 persona
1272 2455 1644 2544 administratoris
1693 2455 1751 2542 ab
1799 2454 1901 2570 ipsis
1941 2487 2038 2544 con·

550 2583 715 2684 stituti,
743 2597 894 2697 aperte
927 2577 1118 2667 latentur
1150 2611 1197 2667 se
1228 2610 1321 2667 esse
1354 2579 1575 2667 debitores
1604 2596 1655 2666 et·
1675 2595 1914 2666 retentores
1948 2609 2041 2665 cer·

552 2723 623 2794 tae
656 2721 697 2792 et
732 2703 1047 2791 determinatae
1080 2733 1303 2804 summae,
1341 2733 1475 2820 quam
1509 2700 1708 2788 indebite
1744 2715 2031 2818 perceperant

551 2828 582 2918 ii
616 2825 775 2944 quibus
812 2825 1097 2912 incumbebat
1131 2857 1288 2913 rnunus
1322 2824 1556 2943 protuendi
1589 2825 1779 2942 augendi
1811 2822 2038 2918 servandi.

552 2961 639 3068 que
670 2947 878 3036 beneficii
913 2947 1129 3036 redditus.
1995 3013 2014 3020 ..

675 3071 800 3182 Quae
817 3099 915 3158 eum
937 3070 995 3158 ita
1010 3070 1112 3174 sint,
1133 3071 1352 3159 concludit
1373 3068 1618 3161 Canonieus
1635 3067 1886 3173 Ciocchetti,
1904 3099 2031 3183 prae-

552 3193 715 3284 dictam
749 3225 969 3281 summam
1003 3193 1086 3280 sibi
1121 3193 1291 3298 deberi,
1340 3223 1558 3310 eamque,
1596 3193 1689 3280 loco
1723 3190 1916 3280 deiuncti
1948 3191 2037 3278 ad-

553 3315 858 3404 ministratoris
891 3335 932 3402 et
968 3315 1253 3422 mandatarii,
1281 3317 1529 3434 aCapitulo
1563 3316 1800 3404 mandante
1834 3313 1917 3400 sibi
1940 3344 2035 3401 esse

554 3437 907 3556 rependendam.
945 3438 1084 3556 ldque
1127 3471 1178 3526 eo
1215 3440 1282 3526 vel
1318 3441 1455 3550 magis
1488 3439 1591 3556 quia
1621 3440 1664 3526 in
1692 3437 1903 3556 persimili
1933 3467 2033 3524 casu

553 3560 672 3650 haud
704 3562 828 3648 aliter
858 3591 903 3647 se
936 3563 1114 3678 gessisse
1146 3577 1345 3649 autumat
1378 3563 1637 3666 Canonic0S,
1672 3557 1816 3678 prouti
1839 3559 1933 3648 erui
1956 3555 2034 3644 da-

552 3699 625 3772 tur
659 3715 711 3772 ex
745 3683 1009 3771 resolutione
1044 3684 1270 3799 capitulari
1308 3683 1396 3772 diei
1433 3686 1491 3772 t5
1524 3685 1621 3773 Maii
1656 3685 1779 3772 t836
1811 3699 1938 3770 etex
1970 3679 2032 3765 al·

555 3824 648 3894 tera
685 3807 773 3894 diei
808 3805 866 3893 18
899 3808 1089 3894 lanuarii
1121 3809 1255 3896 1817.
1294 3811 1428 3896 Porro
1451 3839 1505 3895 ex
1522 3809 1696 3898 duabus
1730 3805 1844 3892 hisee
1877 3801 2035 3890 resolu-

554 3927 748 4015 tionibus
781 3927 1060 4015 manilestum
1103 3931 1297 4048 erumpit
1330 3931 1450 4048 quod
1483 3931 1688 4018 Canoniei
1713 3928 1829 4016 illius
1864 3943 2032 4041 tempe·

554 4048 628 4150 riS,
667 4065 842 4168 praeter
873 4051 1201 4141 distributiones
1235 4054 1349 4139 inter
1384 4072 1649 4169 praesentes,
1678 4069 1720 4139 et
1744 4051 1829 4139 alia
1861 4048 2037 4135 emolu-

554 4187 702 4258 menta
737 4173 923 4288 portioni
957 4174 1106 4262 itidem
1142 4177 1690 4292 elecmosynaemissarum
1714 4171 2032 4262 canonicalium

554 4313 707 4408 sponte
757 4327 831 4382 sua
882 4298 1093 4385 nuncium
1134 4300 1378 4402 miserunt,
1422 4315 1469 4388 ut
1512 4297 1729 4418 quaedam
1765 4294 1942 4382 nomina
1989 4307 2032 4377 et

554 4416 720 4504 credita
744 4417 943 4507 indebite
969 4421 1173 4509 distracta
1204 4439 1334 4542 atque
1356 4453 1533 4510 censum
1563 4420 1774 4511 llarucclti
1801 4417 1844 4503 in
1880 4413 2035 4533 pristi-

554 4569 660 4626 num
696 4540 993 4630 restituerent.

678 4663 793 4774 Quin
829 4665 944 4750 obsit
998 4664 1119 4782 quod
1153 4695 1372 4754 successor
1404 4667 1448 4754 in
1480 4665 1695 4755 beneficio
1734 4695 1820 4751 non
1860 4685 2035 4774 reprae-

553 4799 695 4870 sentat
732 4817 962 4902 personam
1011 4787 1354 4903 praedecessoris
1402 4789 1623 4893 deluncti,
1676 4787 1753 4876 sed
1804 4785 1937 4872 babet
1970 4778 2033 4863 ius

552 4935 718 4993 novum
754 4909 796 4994 in
833 4939 1017 5026 persona
1054 4911 1228 5026 propria
1255 4943 1278 4999 a
1305 4913 1424 5028 Papa
1450 4914 1516 5002 vel
1551 4915 1608 5000 ab
1641 4907 1878 5002 Ordinario
1912 4931 2030 4991 crea·

555 5043 667 5118 tum.
718 5031 827 5118 Huic
872 5031 1089 5149 siquidem
1138 5035 1372 5123 obiectioni
1415 5035 1649 5153 respondet
1696 5026 1957 5152 praeprimis
1991 5054 2035 5109 a·

554 5154 793 5270 ctorquod
840 5155 1091 5272 Capitulum
1137 5187 1376 5275 numquam
1426 5159 1612 5247 m'oritur
1649 5158 1727 5246 sed
1761 5183 1934 5270 semper
1965 5157 2032 5233 est

552 5301 692 5360 tinum
722 5293 763 5362 et
799 5279 937 5382 idem,
980 5281 1181 5400 quamvis
1214 5311 1364 5369 omnes
1396 5281 1600 5372 Canonici
1639 5281 1878 5370 deficerent
1911 5274 2029 5360 iccata

554 5393 687 5484 Card.
725 5403 792 5486 De
827 5401 1078 5490 Lucadisc.
1118 5405 1175 5491 12
1208 5436 1320 5492 ntem.
1357 5405 1386 5492 1
1419 5405 1522 5494 disc.
1561 5408 1618 5494 77
1651 5437 1765 5492 111111.
1801 5403 1830 5489 7
1865 5393 2036 5486 detru-

549 5515 696 5635 pltyt„
733 5537 771 5611 et
803 5521 907 5610 dise.
947 5527 1005 5613 35
1039 5557 1150 5614 num.
1202 5529 1262 5614 29
1295 5529 1346 5616 de
1380 5529 1507 5618 Crcd.
1545 5527 1650 5617 disc.
1697 5531 1726 5616 9
1764 5553 1875 5612 unm.
1921 5511 2037 5609 8tle
