4350 6326
633 353 718 440 Die
750 353 811 440 20
842 346 1080 440 Decembris
1113 349 1252 438 1879.
1597 362 1689 454 523

190 512 212 552 ι
256 503 329 588 po,
346 490 570 592 nequeunt
587 505 740 564 eorum
755 478 929 566 Statuto
947 473 1157 563 haeredes
1174 474 1479 567 defunctorum
1496 481 1688 574 adstrin-

184 631 208 673 ι
253 625 371 710 gere,
386 613 432 683 ut
456 597 510 686 ad
535 598 743 686 funebres
759 598 1054 716 processiones
1070 614 1174 686 aute
1191 599 1297 687 alios
1318 623 1557 692 convocent
1576 607 1688 699 duos

182 755 204 794 ι
251 719 644 839 Presbyter0s‚qui
671 723 713 809 in
738 721 943 810 omnibns
975 721 1114 808 Missis
1138 723 1320 811 cantatis
1353 727 1414 813 eis
1447 726 1687 820 inserviant

183 881 205 917 ι
253 873 331 957 pro
354 841 550 930 Diacono
569 863 613 930 et
645 845 924 935 Subdiacono
944 844 1011 930 vel
1034 843 1141 932 alios
1163 847 1419 961 Capellanos
1441 851 1684 944 servientes

179 1001 204 1040 c
250 965 464 1054 Ecclesiae
496 966 686 1054 Ginaia
718 999 809 1084 cop.
842 968 930 1054 Tuo
961 997 1050 1054 nos.
1088 967 1139 1054 de
1169 967 1358 1056 Simouic
1396 971 1527 1060 Verb.
1565 976 1674 1063 Gou-

182 1125 205 1164 ι
249 1088 401 1188 centio,
423 1089 598 1178 Roman.
621 1091 777 1208 sinpol.
800 1091 907 1193 363,
927 1089 1134 1204 Spin...»
1157 1094 1210 1177 Et
1233 1094 1378 1181 minus
1399 1125 1453 1182 ex
1486 1125 1678 1187 consue-

176 1209 345 1298 tudine
377 1211 421 1298 in
457 1213 724 1300 contrarium
745 1213 1007 1318 introducta,
1043 1214 1144 1332 qnia
1178 1231 1228 1304 nt
1250 1215 1429 1304 inferius
1452 1219 1587 1306 sentit
1615 1253 1679 1311 ce·

174 1332 338 1420 citatus
376 1351 527 1422 anctos·
563 1336 653 1454 ipsa
687 1368 773 1424 uon
816 1337 932 1424 valet
970 1377 987 1414 ι
1026 1338 1132 1455 quia
1166 1355 1231 1426 est
1263 1357 1413 1427 contra
1447 1341 1516 1427 ius
1549 1361 1681 1433 natu·

182 1494 204 1534 ε
249 1456 342 1545 rale
374 1487 422 1546 ac
454 1475 605 1548 contra
648 1460 896 1548 libertatem
947 1461 1288 1550 Ecclesiasticam
1335 1461 1457 1550 Cart.
1494 1465 1539 1549 iu
1575 1497 1669 1581 cap.

182 1615 203 1654 c
253 1577 357 1666 Gom
391 1597 504 1668 tauto
536 1613 580 1668 n.
616 1583 694 1669 21.
732 1583 795 1669 De
828 1600 1004 1670 consuet.
1043 1601 1087 1670 et
1122 1585 1164 1669 in
1212 1603 1376 1700 puncto
1421 1586 1509 1674 late
1549 1587 1679 1678 docet

186 1739 206 1778 ι
249 1697 418 1819 Frcpos¹
447 1703 521 1791 lib.
558 1707 604 1793 8.
641 1705 756 1821 disp.
796 1706 871 1793 111.
907 1737 951 1793 a.
978 1707 1038 1794 27
1074 1721 1174 1792 tora.
1211 1708 1256 1794 2.
1291 1749 1331 1794 ι.
1358 1708 1405 1797 Si
1429 1711 1562 1826 igitur
1583 1713 1679 1802 Sta-

140 1823 155 1838 ’
180 1839 280 1913 tuta
303 1845 345 1913 et
367 1829 652 1932 consuetudo,
673 1862 696 1915 a
720 1827 883 1947 quibus
897 1828 1168 1946 praesidinm
1195 1831 1386 1918 mutuari
1409 1847 1578 1920 tantum
1606 1865 1679 1924 va·

125 1981 128 1986 ·
175 1946 245 2034 let
278 1949 474 2065 praelata
507 1953 831 2068 Congregatio‚
870 1983 957 2040 non
989 1952 1292 2058 sustinentur,
1331 1954 1436 2042 illud
1472 1974 1677 2047 remanet

172 2071 303 2188 quod
328 2105 381 2160 ex
403 2073 498 2162 iure
531 2075 756 2164 communi
790 2093 1004 2163 statutum
1039 2071 1121 2176 est,
1148 2105 1312 2194 nempe
1342 2078 1461 2194 quod
1497 2079 1540 2165 in
1575 2082 1678 2167 sub·

175 2193 348 2282 sidium
383 2197 600 2286 testatoris
634 2200 701 2286 vel
737 2196 935 2286 haeredis
969 2199 1049 2286 hoc
1082 2199 1148 2286 ius
1179 2229 1268 2286 non
1302 2201 1561 2304 exercentis,
1601 2233 1675 2292 ve·

171 2317 245 2404 nit
280 2319 497 2408 Perochus
531 2323 733 2439 proprius
767 2321 979 2422 defuncti,
1027 2323 1095 2408 cui
1119 2351 1200 2438 pro
1219 2322 1348 2410 libito
1383 2323 1449 2410 ius
1487 2354 1579 2411 esse
1611 2326 1675 2412 vi·

175 2439 314 2529 detur
348 2443 544 2531 notulam
577 2445 941 2561 Presbyterorum
975 2443 1237 2532 efformandi
1272 2445 1326 2533 ad
1362 2446 1575 2536 cadavera
1609 2479 1676 2535 as·

175 2565 405 2653 socianda.

306 2691 459 2810 Neque
491 2691 654 2778 subdas
687 2721 801 2806 quae
833 2689 1059 2810 hueusque
1081 2688 1197 2776 dicta
1232 2706 1331 2778 sunt
1365 2693 1540 2808 proprie
1571 2723 1674 2812 per·-

176 2810 353 2928 tingere
376 2829 625 2902 testatorem
660 2813 730 2900 vel
763 2813 1019 2914 haeredem,
1046 2811 1230 2900 minime
1266 2843 1370 2922 vero
1405 2813 1470 2902 ins
1494 2815 1673 2904 Parochi

174 2935 301 3052 quod
335 2935 649 3025 subsidiarium
685 2953 766 3041 est,
793 2935 1003 3054 quodque
1026 2953 1069 3022 et
1091 2933 1372 3025 ordinatione
1405 2937 1606 3056 Episcopi
1630 2953 1674 3024 et
1737 2969 1757 3028 ι

173 3058 399 3148 contraria
422 3059 738 3148 consuetudine
772 3059 939 3148 destrui
963 3075 1152 3176 poterat.
1178 3059 1335 3148 Statim
1359 3091 1409 3146 ac
1442 3060 1561 3146 enim
1592 3061 1674 3150 hoc

176 3181 287 3268 iuris
310 3182 566 3272 exercitium
599 3181 862 3272 subsidiarie
885 3183 941 3271 ad
966 3182 1210 3271 Parochum
1227 3181 1283 3270 de
1301 3183 1397 3270 iure
1432 3183 1667 3299 pertineat,

175 3303 382 3423 Episcopi
406 3306 667 3396 anctoritate
689 3305 867 3424 infringi
891 3304 1008 3394 haud
1032 3305 1164 3392 valet.
1185 3303 1425 3422 Episcopus
1446 3307 1567 3394 enim
1593 3306 1673 3394 ali-

175 3427 288 3544 quid
320 3444 474 3517 contra
506 3430 573 3518 ins
604 3445 795 3517 statuere
829 3459 915 3516 non
951 3443 1109 3544 potest,
1136 3441 1286 3543 utper
1320 3427 1440 3514 Add.
1477 3427 1534 3515 ad
1571 3431 1668 3515 Bu-

175 3567 282 3638 ratt.
326 3549 454 3639 decis.
500 3555 607 3642 572.
660 3552 730 3640 lit.
774 3553 814 3638 B
859 3582 1001 3669 eoque
1051 3549 1199 3638 minus
1245 3565 1394 3638 eontra
1437 3553 1670 3641 Sacrorum

175 3675 581 3793 congregationum
615 3675 791 3764 decreta
825 3691 873 3762 ut
906 3704 985 3790 per
1016 3673 1193 3760 Barbos.
1240 3671 1298 3759 cd
1330 3673 1493 3762 Concil.
1535 3672 1664 3762 Trid.

176 3827 275 3884 sess.
311 3799 357 3885 1.
393 3831 436 3886 u.
473 3801 542 3902 2.,
578 3797 755 3914 Pipuct.
793 3794 873 3885 loc.
923 3799 997 3885 cit.
1034 3829 1077 3883 u.
1115 3799 1191 3901 28;
1229 3797 1512 3884 observantia
1564 3829 1669 3884 vero

175 3921 395 4010 contraria
427 3920 468 4010 ci
522 3923 641 4044 quod
675 3919 732 4011 de
766 3921 861 4008 iure
893 3935 958 4008 est
991 3919 1072 4008 hoc
1105 3919 1149 4006 in
1183 3939 1345 4036 puncto
1376 3919 1562 4008 minime
1596 3950 1668 4008 re·

175 4041 365 4147 levaret,
403 4044 511 4134 dum
544 4075 669 4134 snam
715 4059 940 4161 repeteret
976 4041 1250 4160 originema
1299 4042 1578 4132 conniventia
1623 4057 1670 4130 et

176 4167 467 4282 permissione
500 4185 839 4269 antecessorum,
876 4197 994 4284 quae
1015 4197 1103 4254 non
1129 4165 1400 4283 praeiudicat
1436 4160 1666 4254 successo·

175 4289 301 4378 ribus
322 4291 455 4379 etiarn
480 4293 513 4380 si
536 4309 648 4380 esset
682 4289 959 4408 perlongum
996 4306 1170 4406 tempus
1201 4319 1283 4378 ceu
1318 4286 1503 4374 totidem
1525 4285 1667 4374 ferme

176 4414 327 4500 verbis
366 4414 494 4505 docet
544 4417 689 4503 Piton.
727 4415 902 4529 discept.
948 4412 1105 4500 Eccles.
1142 4413 1219 4500 50.
1254 4443 1298 4498 a.
1335 4411 1396 4498 12
1437 4439 1537 4496 curn
1572 4407 1668 4496 aliis

175 4535 289 4622 inibi
314 4538 521 4628 recitatis.
546 4534 984 4656 Praeterquamquod
1006 4535 1227 4623 observari
1261 4533 1397 4622 debet
1419 4531 1548 4619 talem
1566 4561 1668 4618 con»

175 4659 457 4750 suetudinem
493 4663 628 4750 veluti
661 4660 975 4779 parochialium
1002 4658 1163 4747 iurium
1192 4656 1400 4744 laesivam
1443 4671 1666 4772 tamquam

175 4783 368 4872 abusum
403 4802 447 4874 et
480 4785 774 4903 corruptelam
809 4782 855 4870 in
889 4783 985 4871 iure
1018 4780 1215 4899 reputari
1251 4796 1347 4899 post
1386 4777 1668 4868 Constitutio-

175 4936 279 4994 nem
303 4907 370 4994 Pii
388 4911 445 4999 lV
469 4909 518 4996 lu
538 4909 757 5024 Principis
777 4905 1078 5022 Apostolorum
1096 4901 1199 4992 Sede
1216 4919 1260 4992 et
1275 4899 1474 4991 firmavit
1497 4899 1660 4989 ll.S.G.

175 5028 220 5116 in
255 5031 425 5120 Nullius
455 5032 673 5121 Settacen.
710 5031 800 5118 lor.
835 5026 1022 5117 Pcrocls.
1059 5029 1136 5116 18.
1160 5025 1275 5144 Sept.
1311 5025 1452 5115 1821.
1478 5022 1661 5112 minime

173 5152 376 5244 obstante
409 5155 528 5274 quod
563 5155 655 5274 ipsa
687 5151 1041 5274 quadragenaria
1074 5151 1142 5239 vel
1177 5149 1426 5240 centenaria
1443 5145 1573 5236 luerit
1596 5144 1658 5233 uti

175 5273 221 5360 in
255 5279 411 5368 Borea.
432 5279 521 5367 lar.
564 5277 748 5368 Pieroclc.
768 5277 829 5365 28
862 5277 975 5392 Aup.
1001 5273 1344 5377 trecorensis
1365 5271 1457 5358 luc.
1480 5267 1664 5357 Pcroclt.

174 5396 251 5488 22.
287 5401 402 5518 Sept.
442 5404 580 5492 1877.
618 5401 918 5524 Sisennam.
955 5395 1198 5517 profligatis
1231 5427 1335 5516 ergo
1358 5393 1557 5501 StatutiS,
1593 5422 1668 5481 err·

179 5538 428 5644 punctaque
443 5541 671 5646 praetensa
687 5523 1018 5626 consuetudine,
1036 5519 1203 5609 firmari
1223 5549 1348 5639 posse
1364 5517 1593 5607 videretur
1610 5513 1667 5604 ad
1693 5575 1695 5580 .
