4460 6332
565 321 663 415 1191
1036 319 1120 406 tlte
1150 321 1212 410 23
1247 323 1429 442 Aogvtati
1452 327 1602 416 <tots

577 473 751 562 «gno,
781 471 817 530 e
855 457 1011 560 troppo
1049 473 1195 562 spesso
1244 477 1426 564 possano
1475 449 1505 538 il
1553 467 1701 568 tempo
1725 480 1758 539 ¹a
1790 452 1999 572 giuocare
2036 485 2065 542 e

575 613 596 652 ι
635 568 890 656 sbevaacare
928 566 1043 654 nelle
1077 569 1250 656 osterie.
1280 573 1305 656 vl
1341 571 1513 687 padcie
1542 573 1593 662 'le
1615 573 1759 662 madri
1781 605 1867 663 non
1892 591 2066 694 poten-

577 733 595 771 ι
634 690 880 805 dosempre
903 717 1244 807 accompuguare
1268 691 1411 809 iligli,
1438 712 1738 814 esoprattntto
1762 696 1802 786 le
1827 698 1963 816 liglie,
1989 700 2067 786 nel

579 855 594 892 ι
636 812 767 926 lungo
802 811 991 930 tragitto,
1024 829 1177 930 queste
1202 815 1584 932 particolermente
1610 849 1798 908 corrono
1821 821 1947 908 riscbi
1974 853 2070 912 non

575 978 596 1016 ι
637 933 781 1055 pochi,
820 935 832 1019 i
866 935 983 1052 quali
1019 935 1267 1052 divcngono
1302 939 1403 1058 ogni
1437 939 1482 1028 di
1506 941 1581 1058 piir
1615 941 1737 1060 gravi
1768 971 1848 1057 per
1869 944 1909 1031 la
1928 975 2070 1062 ogno-

579 1101 595 1136 ι
637 1089 681 1145 ra
719 1073 938 1145 crescente
971 1060 1202 1146 corruttcla
1234 1059 1305 1148 dei
1339 1063 1522 1152 costumi
1552 1105 1591 1150 ο.
1618 1065 1726 1151 Mala
1756 1081 1905 1152 autem
1945 1097 2066 1184 quae

574 1183 630 1270 ab
669 1179 821 1266 incolis
854 1179 1185 1298 praevidentur,
1221 1181 1278 1270 de
1305 1182 1415 1271 laeto
1449 1185 1630 1274 evenire
1670 1201 1850 1274 testatur
1875 1187 2067 1304 Capitu-

566 1304 672 1392 laris
707 1303 929 1402 Vicarius,
968 1303 1059 1420 qui,
1099 1303 1203 1391 sede
1249 1321 1444 1409 vacante,
1465 1305 1576 1395 datis
1611 1309 1748 1396 literis
1775 1307 1866 1396 diei
1900 1311 1960 1398 23
1995 1314 2066 1397 lu-

572 1427 618 1514 lii
653 1425 775 1514 1878
816 1425 981 1514 retulit:
1029 1467 1044 1502 ι
1081 1425 1161 1513 Piir
1201 1426 1336 1514 d'nna
1375 1430 1489 1516 volta
1524 1436 1584 1516 mi
1619 1431 1807 1520 aecadde
1841 1427 2071 1521 d'imbttt-¹

576 1587 594 1624 ι
635 1547 763 1635 termi
799 1547 842 1634 in
877 1547 1040 1636 crocobi
1065 1547 1148 1666 -piir
1182 1581 1207 1634 o
1241 1581 1371 1638 meno
1411 1553 1631 1640 numerosi
1675 1551 1719 1640 di
1761 1553 1997 1672 giovanetti
2031 1587 2061 1644 e

575 1710 595 1748 ι
634 1669 776 1758 zitelle
808 1669 886 1757 cbe
923 1671 1046 1760 usciti
1083 1671 1198 1758 dalle
1232 1671 1421 1760 funzioni
1460 1674 1750 1762 Parrocebiali
1785 1675 2067 1764 restituivan-

576 1831 594 1872 ι
633 1795 665 1880 si
702 1792 785 1880 alle
817 1791 997 1880 Carcine
1032 1793 1107 1910 piir
1140 1825 1165 1879 o
1201 1825 1332 1882 meno
1366 1795 1540 1886 lontane
1573 1797 1617 1884 di
1663 1797 1756 1884 loro
1790 1797 2055 1902 abitazione‚

576 1957 593 1994 ι
634 1916 836 2003 evedere
855 1915 911 2003 ad
937 1947 992 2002 un
1013 1933 1161 2034 tempo
1185 1915 1407 2005 inliltrarsi
1431 1919 1494 2007 lra
1518 1918 1561 2007 di
1587 1919 1679 2007 loro
1695 1919 1950 2037 giovinastri
1976 1953 2064 2009 av-

575 2077 592 2115 ·
632 2037 840 2126 vinazzati
874 2067 899 2125 e
921 2037 1174 2126 scostumati
1199 2069 1486 2160 prorumpere
1511 2043 1552 2128 in
1577 2041 1753 2130 discorsi
1789 2072 1814 2128 e
1848 2043 1965 2130 tratti
1990 2043 2062 2130 iu-

576 2200 592 2237 ·
630 2159 942 2264 decentissimi,
970 2161 1049 2249 ebe
1073 2161 1130 2246 mi
1165 2161 1460 2276 obbligavano
1484 2163 1540 2252 ad
1574 2165 1828 2252 esclamave:
1862 2164 1979 2252 lelici
2015 2166 2059 2254 le

574 2323 592 2362 ι
633 2283 907 2400 popolazioui
932 2283 1011 2373 che
1038 2283 1182 2371 banno
1215 2284 1253 2370 la
1293 2286 1547 2376 parroechia
1589 2287 1658 2374 nel
1698 2286 1973 2374 concentrico
2009 2288 2055 2376 di

576 2445 592 2480 c
632 2405 724 2492 loro
759 2407 1034 2496 abitazionel
1068 2447 1086 2486 ι

692 2529 924 2616 Praeteriri
951 2530 1131 2618 ulterius
1159 2559 1243 2616 non
1272 2527 1409 2618 debet
1430 2529 1570 2649 quod,
1595 2545 1866 2618 novaerecta
1899 2561 2054 2648 paroe-

566 2652 650 2752 cia,
680 2651 888 2738 nonnulla
932 2652 1104 2740 stabilia
1135 2652 1338 2741 beneficii
1372 2655 1417 2742 S.
1455 2653 1625 2741 loannis
1659 2652 1823 2742 intacta
1846 2683 2046 2742 remane-

562 2791 665 2862 ·rent
689 2775 860 2862 adnexa
894 2803 1054 2890 nempe
1075 2773 1232 2864 domus
1255 2805 1354 2864 cum
1389 2775 1614 2878 viridario,
1642 2805 1754 2894 quae
1774 2791 1919 2862 tractu
1948 2793 2054 2863 tem-

569 2896 685 3014 poris
719 2897 888 3016 etipsa
924 2897 967 2984 in
1001 2896 1299 3014 perditionem
1332 2899 1524 2986 abirent.
1561 2901 1655 2985 lmo
1689 2916 1732 2986 et
1763 2913 1937 2986 caetera
1970 2899 2058 2987 be-

567 3017 712 3107 neficii
746 3019 865 3108 bona
898 3038 1188 3108 servarentur.
1227 3021 1463 3138 Recognitu
1498 3021 1615 3108 enim
1651 3019 1915 3140 agubernio
1939 3051 2053 3110 nova

565 3141 787 3248 Paroecia,
813 3141 944 3232 etiam
969 3143 1459 3260 congruaproParocbo
1483 3141 1696 3234 sufficiens
1717 3158 1831 3232 sarta
1856 3158 2055 3264 tectaque

568 3281 781 3368 maneret,
803 3297 917 3383 quae
952 3297 1005 3353 ex
1038 3267 1299 3356 liberalitate
1332 3267 1493 3357 viduae
1526 3265 1692 3355 Revelli
1717 3266 2054 3354 constitueretur
2199 3289 2200 3294 ‘

565 3386 610 3474 in
636 3391 790 3476 annalis
813 3388 971 3476 libellis
993 3391 1100 3492 800,
1127 3407 1171 3476 et
1195 3391 1326 3478 ctiam
1351 3389 1486 3493 mille,
1514 3387 1548 3476 si
1573 3408 1836 3477 tesserarum
1858 3387 2052 3476 Consoli·

566 3509 695 3600 datus
730 3511 849 3598 valor
883 3541 970 3597 uon
1006 3529 1240 3601 excrescat.
1276 3517 1441 3601 Verum
1477 3529 1539 3600 est
1574 3511 1694 3629 quod
1729 3509 1822 3630 ipsa
1853 3541 1934 3628 pro
1968 3511 2048 3598 boc

567 3664 714 3722 annuo
747 3634 889 3722 reditu
914 3634 1060 3720 omnia
1084 3631 1221 3722 lermc
1248 3634 1449 3723 beneficii
1474 3635 1646 3722 stabilia
1682 3631 1946 3750 acquireret,
1973 3631 2050 3720 sed

566 3756 672 3844 dum
699 3787 750 3842 ex
774 3787 860 3843 una
884 3769 1008 3874 parte
1033 3757 1228 3844 venditio
1252 3757 1376 3848 vitari
1412 3789 1498 3844 non
1534 3771 1690 3875 potest,
1712 3755 1757 3844 id
1790 3755 2051 3872 exquirente

565 3878 795 3994 gubernio,
833 3909 886 3966 ex
921 3878 1003 3966 alia
1037 3879 1252 3968 Ecclesiae
1285 3880 1403 3968 utilis
1436 3897 1517 3985 est,
1555 3881 1662 3970 dum
1699 3905 1844 3996 neque
1877 3875 1934 3964 ad
1967 3875 2047 3965 boo

565 4015 789 4118 patronus,
828 4031 970 4118 neque
1003 4000 1305 4104 beneficiatus
1344 4033 1487 4121 neque
1510 4001 1744 4118 Episcopus
1770 3997 2045 4086 obstaculum
2199 4063 2200 4086 t

565 4138 717 4238 ponat,
755 4123 844 4211 imo
864 4139 953 4210 tam
979 4123 1062 4230 bic,
1089 4153 1224 4241 quarn
1261 4125 1395 4243 ipsius
1419 4123 1740 4241 praedecessor,
1768 4119 2044 4208 enunciando

564 4244 677 4331 barto
710 4247 942 4335 mulierem
978 4264 1202 4364 tamquam
1251 4248 1464 4365 insignem
1512 4243 1864 4346 benefactricem,
1903 4258 2044 4330 osteu-
2199 4299 2200 4306 κ

565 4365 678 4454 dunt
713 4369 1009 4458 venditionem
1044 4371 1234 4458 maxime
1268 4369 1418 4458 utilem
1453 4399 1561 4470 esse,
1599 4385 1642 4454 et
1674 4379 1815 4454 stante
1847 4362 2040 4451 evidenti

566 4489 750 4580 utilitate
782 4493 996 4582 Ecclesiae
1029 4493 1144 4580 bona
1179 4493 1235 4581 ad
1267 4491 1405 4612 ipsam
1441 4489 1677 4608 spectantia
1710 4485 1892 4577 alienari
1917 4515 2039 4599 posse

565 4613 694 4702 docet
749 4618 873 4704 Petra
916 4617 959 4706 in
1009 4617 1236 4704 Commeat.
1298 4615 1354 4702 od
1397 4613 1577 4702 Constit.
1633 4613 1654 4698 1
1709 4611 1856 4697 Leonis
1894 4607 2041 4726 Magni

563 4738 718 4824 sect-'t
755 4771 870 4828 nunt.
902 4741 992 4828 110
1025 4739 1106 4826 111
1158 4737 1239 4826 121
1286 4753 1329 4826 et
1363 4737 1470 4826 117.

689 4864 841 4983 Neque
876 4863 1022 4954 turbat
1055 4860 1243 4952 obiectio
1277 4893 1301 4948 a
1334 4857 1529 4949 Parocbo
1563 4857 1771 4975 producta
1800 4853 1912 4942 eirca
1945 4882 2046 4941 suae
2199 4941 2200 4944 t

562 5011 782 5102 congruae
822 4985 1180 5086 diminutionem,
1225 4997 1440 5102 quatenus
1491 4981 1577 5084 lex,
1626 5009 1759 5100 quam
1807 4975 2038 5064 imminere

563 5103 686 5208 dicit,
724 5109 896 5198 edatur.
923 5109 1147 5230 Siquidem
1172 5107 1369 5198 vicarius
1390 5102 1615 5195 Generalis
1638 5101 1838 5219 Episcopi
1863 5097 2041 5186 nomine

561 5229 664 5317 huic
697 5229 936 5319 difficultati
971 5235 1158 5321 occurrit
1205 5233 1444 5318 observans
1483 5267 1499 5302 ι
1544 5255 1662 5313 esser
1705 5219 1877 5310 dubbio
1932 5217 2042 5308 assai

419 5465 421 5473 Ι
567 5390 585 5428 a
623 5355 704 5442 cb'e
738 5355 777 5442 la
811 5371 1057 5474 progettata
1091 5354 1214 5472 legge
1248 5352 1308 5439 sia
1341 5381 1421 5468 per
1453 5377 1596 5437 essere
1641 5360 1880 5464 approvato
1927 5340 2040 5429 nella

569 5511 589 5553 ι
630 5473 768 5564 locma
803 5497 1006 5596 proposta
1040 5478 1108 5596 gia
1155 5473 1404 5564 dall'antico
1446 5469 1666 5558 Ministero
1704 5469 1822 5558 nella
1868 5479 2043 5554 tornata
2199 5513 2200 5586 φ
