4446 6330
519 301 581 390 20
973 295 1058 391 Dic
1088 293 1148 384 25
1181 293 1379 384 Ianuarii
1410 293 1549 384 t879.

522 465 539 502 ι
578 419 651 510 ubi
684 449 774 508 cum
793 417 947 510 Po'rtio
978 417 1121 508 addit.
1160 421 1251 508 lloo
1282 417 1481 510 laturum
1532 417 1789 508 scandalum
1823 447 1927 506 esse
1965 415 2030 508 ob

522 586 539 625 ι
580 541 877 664 fornicationis
911 541 1133 648 timorem,
1170 571 1229 632 eo
1268 541 1389 661 quod
1421 543 1626 662 coniuges
1659 539 1790 630 valde
1820 540 1912 630 sibi
1952 538 2027 630 di·.
2089 551 2092 562 '

525 709 543 745 ι
584 665 824 785 spliceant3
864 665 931 754 vel
964 667 1025 755 ob
1059 664 1308 756 inimicitius
1341 695 1458 784 quae
1492 664 1606 754 inter
1644 664 1921 783 coniugatus,
1951 663 2030 752 vel

528 831 546 870 ι
585 819 738 880 eorum
772 789 1116 908 consanguineos
1149 790 1428 878 timentur.»

573 977 580 1010 ‚
644 915 693 1004 ln
726 943 826 1004 casu
858 928 1006 1002 autem
1039 911 1095 1002 de
1135 943 1227 1032 quo
1262 911 1422 1030 agitur,
1473 941 1562 1000 non
1598 911 1684 1001 iam
1721 910 1852 999 timor
1884 939 2029 999 scan-

518 1037 607 1138 dali
640 1035 778 1141 adest,
816 1035 893 1125 sed
927 1034 1183 1126 scandalum
1215 1051 1259 1126 et
1285 1033 1473 1154 'quidem
1517 1034 1823 1154 gravissimum
1858 1034 2037 1123 subse-¹

514 1179 663 1254 cutum
688 1175 777 1248 est.
814 1161 933 1246 Dum
967 1159 1087 1248 enim
1137 1158 1391 1250 Violantioa
1435 1184 1579 1277 neque
1612 1157 1894 1247 Franciscum
1936 1186 2033 1244 ue.-

512 1315 598 1405 quc
622 1281 886 1371 Matrimonii
911 1281 1240 1370 dissolutionem
1262 1299 1400 1387 curat3
1426 1281 1694 1386 Erebeiscus,
1723 1295 1770 1368 ιιι
1792 1280 1880 1370 iam
1904 1277 2031 1382 dixi,

513 1411 750 1500 Contracta
791 1404 927 1510 civili,
966 1431 1097 1522 quem
1132 1404 1261 1496 civile
1310 1405 1638 1496 Matrimonium
1689 1419 1884 1505 vocant,
1932 1401 2030 1490 sibi

514 1531 644 1623 aliam
681 1525 914 1618 mulierem
948 1528 1199 1644 copulavit,
1226 1544 1282 1618 .et
1315 1559 1416 1618 cum
1462 1528 1535 1616 illo
1588 1527 1673 1616 inm
1716 1555 1796 1644 per
1834 1523 2035 1644 aliquod

515 1669 690 1770 tempus
722 1651 1035 1740 concubinarie
1069 1651 1192 1740 vixit.
1220 1651 1394 1742 Adsunt
1425 1649 1558 1740 etiam
1609 1647 1863 1739 inimicitiae
1902 1647 2033 1738 inter

514 1777 769 1893 coniugatos
819 1791 862 1861 et
911 1773 1254 1893 consanguineos
1295 1774 1443 1895 sponsi
1478 1789 1523 1862 et
1556 1803 1756 1892 sponsae,
1794 1801 1911 1890 quae
1955 1769 2027 1860 uti

514 1903 655 1994 lirinus
689 1897 929 2014 Episcopus
962 1896 1259 2017 Albinganen.
1297 1898 1340 1986 in
1386 1929 1470 1988 sna.
1506 1897 1696 2013 Epistola
1733 1893 2025 1984 informatius

515 2020 641 2126 dicit,
679 2019 818 2108 solum
852 2051 932 2139 per
955 2018 1328 2138 dispensationem
1361 2019 1626 2111 Matrimonii
1675 2019 1757 2110 mti
1790 2016 2026 2112 eliminari

515 2159 718 2265 possunt.
754 2145 870 2232 llaec
902 2163 1052 2234 autem
1086 2144 1253 2250 omnia,
1285 2143 1529 2264 praecipue
1562 2143 1606 2230 in
1640 2141 1880 2262 oppidulis,
1917 2171 2031 2230 ma·

514 2269 686 2358 x'imum
721 2265 975 2358 scandalum
1012 2283 1057 2355 et
1090 2267 1336 2356 animarum
1372 2267 1612 2384 perniciem
1647 2267 1852 2384 pariunt,
1893 2263 2032 2385 quod

467 2499 472 2507 f
515 2394 712 2510 prolecto
748 2419 835 2480 uon
867 2389 1008 2479 solum
1040 2391 1097 2480 ad
1132 2391 1355 2508 privatum
1386 2391 1466 2482 sed
1516 2391 1742 2479 etiamad
1787 2389 2029 2510 publicum

514 2515 681 2604 bonum
717 2512 999 2602 referendum
1033 2529 1114 2602 est.
2216 2489 2220 2702 Ι

554 2717 559 2730 .
642 2637 730 2726 Nec
764 2635 923 2756 aliquis
956 2635 1228 2754 dicat,quod
1253 2635 1524 2754 dispensatio
1558 2634 1603 2724 in
1636 2663 1736 2724 enen
1770 2633 2019 2753 praesenti,

516 2777 610 2852 tota
640 2757 683 2848 in
717 2761 887 2868 bonum
919 2759 1138 2850 Francisci
1170 2759 1365 2862 cederet,
1402 2759 1478 2880 qui
1511 2758 1669 2850 actoris
1702 2775 1848 2877 partes
1878 2757 2018 2876 gerit,
2091 2861 2094 2865 .

515 2883 815 3004 quiquehanc
846 2882 1030 3002 gratiam
1063 2881 1186 2976 baud
1220 2899 1429 2988 meretur,
1480 2909 1581 2972 oum
1615 2881 1675 2972 in.
1705 2896 2023 3001 contemptum
2178 2877 2180 2881 ’

516 3007 786 3100 Sacramenti
821 3022 864 3094 ct
897 3005 1113 3097 Ecclesiae
1146 3005 1282 3097 alium
1329 3020 1601 3098 contractum
1654 3005 1832 3096 uirilem
1864 3004 2025 3094 Matri·

440 3143 443 3150 '
518 3129 658 3218 monii
692 3127 857 3222 inierit.
894 3130 1065 3222 Etenim
1099 3161 1153 3220 ex
1197 3129 1336 3221 modo
1369 3163 1457 3251 quo
1490 3159 1535 3220 se
1568 3128 1679 3248 gerit
1711 3127 1804 3248 ipse
1836 3127 2021 3244 Franci-

516 3265 728 3370 scus·post
750 3269 980 3372 paternam
1004 3253 1116 3346 'Rmi
1141 3255 1342 3375 Episcopi
1366 3255 1659 3374 Albinganeo.
1698 3251 2017 3355 monitionem,

522 3389 723 3494 apparet,
761 3375 881 3495 quod
912 3375 1011 3466 lacti
1036 3379 1251 3497 poenitet,
1274 3394 1320 3468 et
1339 3377 1512 3468 animae
1532 3385 1737 3466 aeternae
1760 3375 2015 3492 saluti-pro·

524 3495 678 3588 ridere
701 3498 770 3587 tiel
793 3500 988 3592 maxime
1009 3499 1147 3618 cupit.
1174 3503 1406 3618 Separatus
1428 3499 1548 3588 enim
1575 3500 1731 3588 utinm
1759 3499 1870 3603 dini,
1893 3501 2020 3586 nnnc

520 3637 719 3712 remanet
752 3631 778 3710 'n
812 3621 1013 3727 muliere,
1047 3653 1181 3742 quam
1214 3624 1299 3712 sibi
1342 3636 1565 3713 contractu
1614 3623 1733 3714 civili
1767 3619 2012 3743 copulavit,

487 3759 564 3832 ct
598 3743 863 3836 decisionem
900 3747 1178 3863 Apostolioae
1210 3745 1336 3840 Sedis
1369 3745 1593 3836 humiliter
1630 3763 1849 3866 expectat.
1875 3744 2019 3832 ‘Hisce

517 3865 656 3958 cauus
690 3899 804 3988 quae
845 3897 924 3985 pro
972 3867 1251 3958 coneedendo
1286 3869 1634 3988 dispensatione·
1658 3871 1865 3973 militant,
1903 3865 2034 3980 andi,

522 3988 657 4078 otiam
690 4005 833 4106 potest
854 3989 952 4080 ulia
984 4001 1128 4110 causa,
1166 4025 1279 4112 quae
1310 4023 1366 4082 ex
1397 4010 1512 4114 statu
1535 3993 1717 4084 mentali
1739 3991 2019 4091 Violantinae
2052 4053 2062 4066 -

521 4111 714 4232 exurgit.
737 4109 1001 4233 Siquidem,
1041 4129 1088 4206 ot
1121 4115 1207 4206 iam
1231 4115 1278 4206 in
1299 4117 1570 4234 expositione
1592 4115 1692 4208 lnuti
1717 4115 1882 4220 notavi,
1908 4112 2013 4202 Vio-

524 4233 715 4336 laotinae
747 4251 876 4355 pater
909 4267 997 4326 oon
1030 4237 1170 4330 solum
1206 4239 1341 4358 ipsius
1362 4239 1658 4358 Matrimonia
1697 4269 1800 4330 mm
1831 4235 2018 4327 Franci·-

517 4389 605 4461 sco,
641 4360 718 4450 sed
751 4361 886 4452 etiam
908 4392 1007 4454 oum
1029 4361 1116 4454 alio
1139 4393 1419 4483 quocumque
1440 4392 1617 4481 semper
1639 4361 1884 4452 contrarius
1908 4356 2006 4463 tuit,

517 4481 622 4598 quia
653 4481 903 4577 Violantina
938 4484 1010 4574 tali
1044 4483 1223 4576 leuitate
1257 4485 1418 4576 mentis
1452 4486 1840 4606 laborabat,.qune
1871 4480 2010 4572 confi·

524 4604 598 4692 nia
630 4605 883 4696 dementiae
918 4609 1141 4726 tangebat,
1161 4625 1205 4697 et
1227 4610 1290 4697 uti
1313 4609 1502 4702 babetur
1522 4599 1586 4700 en¹
1601 4608 1821 4729 aliquibus
1844 4607 1891 4696 in
1912 4607 2017 4693 Pro-

517 4757 638 4818 cessu
673 4729 820 4818 relatis
868 4729 1215 4850 depositionibus
1255 4731 1331 4822 illa
1368 4733 1497 4850 quasi
1539 4733 1717 4824 lattn'tas
1748 4731 1925 4833 mentis,
1968 4727 2012 4814 in

514 4849 781 4948 Viola'utina,
800 4863 1048 4971 lpsngressu
1083 4854 1611 4976 temporispert'rebtlit,
1644 4858 1751 4976 quin
1779 4854 1914 4974 gulae
1945 4849 2014 4960 ni-

513 4972 599 5062 mis
632 4971 853 5095 indulget.-
885 4979 949 5066 Ex
973 5009 1068 5097 quo
1105 4977 1245 5070 etiam
1289 4977 1525 5072 deducitur
1572 4979 1695 5100 quod
1741 4979 1808 5068 uti
1842 4977 2006 5066 latetur

515 5094 777 5212 ipsedmter.
806 5097 1085 5190 Violantiuae
1108 5089 1331 5213 ,Sacerdos
1360 5102 1576 5207 Nicola'us,
1611 5119 1919 5224 quaecumque
1942 5125 2011 5185 re·

515 5219 758 5312 conciliatio
791 5221 903 5312 inter
923 5235 1103 5342 sponsos
1125 5220 1384 5318 humanitus
1407 5227 1818 5346 impossibilisest..

638 5343 735 5432 Non
768 5375 872 5464 ergo
896 5348 1147 5442 mirandum
1165 5350 1292 5470 quod
1311 5351 1410 5468 ipsa
1434 5349 1696 5452 Violantina,
1722 5348 1782 5438 in·
1795 5349 1875 5438 hac
1895 5364 2006 5436 cau·

510 5484 556 5554 sn
590 5464 730 5556 veluti
749 5465 1002 5563 indifferens
1036 5473 1292 5564 remanserit
1322 5487 1365 5562 et
1398 5488 1640 5576 remaneam
1666 5471 1768 5562 licet
1798 5469 2010 5588 nibilpo·
