4460 6332
707 350 797 437 Dic
823 350 886 438 23
915 349 1101 466 Aupusti
1133 353 1273 446 1879.
1638 367 1733 460 437

245 515 302 575 ex
333 482 384 571 L.
417 473 593 566 Minime
621 474 672 598 ff
694 473 746 562 cle
776 470 927 590 lepib„
952 473 1124 594 Afflict.
1147 476 1274 568 cleris.
1300 479 1395 572 383
1422 513 1535 572 num.
1554 487 1601 592 8,
1627 489 1736 582 Gro-

247 609 353 699 hn.
382 601 557 718 diacept.
581 599 740 720 [orm.
765 617 860 714 cop.
901 597 1124 688 tonnam.
1152 601 1236 688 22.
1256 602 1385 714 Quod
1404 625 1551 696 aute·
1575 639 1644 700 res
1667 613 1729 714 ita

241 761 289 823 se
335 723 539 816 babuerit
585 723 761 840 ipsimet
802 734 1020 808 testantur
1068 723 1339 842 capitulares
1387 727 1464 845 qui
1509 730 1725 830 relcrnntr

249 889 267 936 r
306 851 361 942 Αἰ
395 850 456 937 lli
487 847 737 940 settembre
769 843 891 932 t805
926 842 996 930 nel
1017 873 1225 935 concurso
1247 846 1287 935 al
1311 851 1536 942 Dottoralc
1566 854 1602 940 si
1626 883 1725 974 per..

247 1014 265 1058 ι
306 973 415 1064 misc
447 970 674 1060 esmeitarc
697 967 886 1055 soltanto
918 962 976 1050 od
997 967 1190 1054 meritum
1214 1001 1276 1058 un
1295 992 1596 1078 concurrente,
1624 1011 1722 1095 per·

246 1143 263 1180 ι
302 1098 381 1187 clue
414 1094 504 1182 solo
538 1121 647 1180 area
682 1090 709 1178 il
744 1086 882 1208 grado
914 1087 960 1176 di
992 1088 1238 1180 Liceuziato
1270 1123 1296 1182 c
1328 1093 1444 1212 negli
1478 1098 1609 1188 llditti
1644 1101 1718 1192 del

198 1317 200 1327 y
243 1261 261 1304 ι
301 1222 518 1312 Concorso
549 1217 583 1302 si
617 1245 689 1302 cru
722 1228 897 1332 preteso
929 1211 1077 1328 quello
1110 1212 1157 1300 di
1192 1217 1393 1304 Dottores
1429 1219 1482 1306 Αἰ
1516 1222 1578 1310 20
1612 1227 1723 1314 llar-

240 1383 258 1426 ι
297 1376 346 1432 zo
388 1340 509 1429 lSlll
542 1337 612 1426 nel
644 1337 862 1426 Concorso
895 1333 933 1422 al
975 1335 1239 1424 canonicato
1287 1340 1531 1457 Magistrale
1564 1373 1651 1434 non
1686 1351 1720 1438 ll

4 1447 7 1494 ²
153 1505 159 1516 x
239 1507 258 1546 ι
296 1465 481 1555 ammian
516 1493 603 1549 uuo
627 1491 715 1577 per
748 1479 890 1547 essere
923 1455 1165 1546 solamente
1196 1460 1458 1565 Liceuziutn,
1484 1465 1588 1554 enit
1610 1469 1719 1558 Dotn

238 1627 257 1672 ι
296 1605 389 1676 tore
421 1585 614 1675 secondo
637 1582 832 1670 ¹volcano
855 1578 912 1696 gli
942 1578 1075 1666 Editti
1114 1649 1124 1668 .
1166 1648 1175 1668 .
1216 1617 1230 1688 ;
1264 1584 1477 1676 llinunaici
1499 1588 1543 1674 al
1563 1588 1715 1682 diritto

236 1743 251 1791 r
292 1713 371 1800 cbe
405 1708 603 1798 avrebbe
635 1721 792 1826 potuto
834 1733 963 1791 avere
1010 1703 1094 1792 alla
1138 1703 1378 1796 medesima
1411 1737 1443 1798 o
1475 1710 1567 1799 solo
1604 1715 1717 1806 resttl

235 1875 254 1916 e
292 1833 492 1924 abilitato
525 1829 800 1919 coll’assenso
834 1825 908 1915 dei
941 1829 1218 1916 eomorreuti·
1260 1861 1340 1947 per
1374 1832 1604 1922 escrcitare
1640 1867 1720 1952 por

236 1997 253 2036 ι
294 1957 450 2046 merito
480 1983 520 2043 t.
803 1951 811 1961 ’

351 2081 406 2167 Bt
439 2079 532 2166 iure
572 2078 858 2192 meritoque,
911 2071 1274 2190 quandoquidem
1316 2092 1361 2162 et
1404 2076 1469 2166 ius
1501 2078 1716 2198 scriptum

227 2202 536 2322 Hispaniarum
573 2199 682 2288 bruc
714 2195 968 2315 qualitatem
1003 2195 1153 2313 exigit,
1183 2227 1263 2287 ceu
1294 2197 1439 2317 colligi
1474 2199 1537 2290 lus
1570 2215 1635 2292 est
1656 2218 1711 2294 on

224 2323 534 2414 informatione
567 2317 803 2437 Apostolici
849 2317 1016 2422 Nuntii3
1064 2334 1109 2406 et
1140 2317 1198 2407 de
1221 2319 1318 2408 iure
1349 2339 1430 2425 cst,
1458 2347 1604 2442 neque
1627 2327 1715 2416 lla·

224 2449 348 2568 gistri
382 2476 525 2565 neque
558 2441 759 2533 Docturis
788 2444 965 2530 nomine
985 2441 1244 2530 Licentiatos
1280 2442 1446 2534 seruire.
1484 2447 1715 2566 Quidquid

224 2573 346 2661 eoin
378 2570 458 2660 bnc
491 2570 534 2656 in
569 2597 616 2656 re
648 2565 777 2655 scutit
810 2564 1005 2652 Ferraris
1041 2595 1128 2652 una
1160 2581 1260 2654 etun
1296 2564 1465 2656 Aloiato
1497 2584 1542 2658 et
1574 2571 1714 2659 Lean·

222 2693 320 2798 dro,
357 2710 524 2783 certum
559 2710 622 2780 est
665 2686 788 2808 quod
825 2687 1022 2804 ipsorum
1056 2687 1285 2806 opiniones
1307 2687 1367 2778 ab
1389 2689 1596 2782 aliisnun
1623 2695 1711 2782 mi⁴

220 2817 340 2906 roris
376 2835 505 2904 uotae
539 2813 835 2932 reprobantur
870 2809 1154 2899 Ductoribus
1201 2811 1327 2900 Unde
1371 2811 1415 2900 in
1458 2814 1601 2904 addit.
1661 2849 1713 2903 co:

220 2935 361 3028 alieno
394 2969 519 3025 murm
551 2953 685 3056 penes
717 2932 912 3022 Ferraris
958 2933 1367 3022 lacescentium.
1406 2937 1467 3024 35
1500 2938 1708 3030 babeturt

63 3073 69 3084 “
224 3094 242 3142 e
280 3060 494 3152 Absolute
529 3089 680 3147 uerum
715 3056 833 3146 baud
866 3055 1072 3174 estquod
1106 3057 1259 3158 asserit
1290 3075 1448 3148 unctor¹
1474 3089 1588 3156 num.
1625 3062 1705 3152 22.

224 3181 539 3273 e'Licontiatns
573 3180 724 3269 venire
769 3179 946 3268 nornine
990 3180 1296 3296 Magistrorum
1327 3211 1404 3270 sou
1439 3183 1707 3290 Doctorum,
1810 3225 1820 3248 ·

222 3347 239 3386 ι
283 3325 376 3394 tum
410 3305 498 3394 lrui
524 3301 762 3426 privilegiis
795 3303 1000 3391 omnibns
1035 3301 1083 3390 iis
1117 3302 1328 3392 concessis
1367 3333 1409 3392 r.
1442 3305 1707 3418 Quocleter

217 3428 453 3520 mirersali
487 3451 569 3518 usu
602 3427 930 3546 comprobatur,
957 3423 1064 3514 dum
1086 3424 1255 3542 longius
1286 3426 1534 3516 studiorum
1567 3427 1704 3518 miro

215 3551 373 3642 culum·
403 3569 447 3641 et
490 3552 759 3642 eminentior
788 3547 992 3638 doctrina
1022 3563 1114 3636 tum
1149 3549 1287 3636 verbo
1325 3565 1415 3636 tum
1440 3552 1602 3669 scripto
1627 3567 1707 3669 pur
1768 3623 1774 3630 .

214 3703 327 3764 nova
360 3675 558 3796 pericula
592 3671 867 3792 experiunda
890 3669 1128 3790 requiritur
1148 3669 1206 3760 ad
1230 3672 1587 3791 consequendum
1611 3704 1703 3764 mu·

214 3798 399 3918 gisterib
432 3829 508 3887 seu
542 3801 801 3887 Doctoratus
833 3795 1039 3914 gradum,
1075 3812 1207 3913 atque
1239 3825 1325 3883 non
1361 3796 1408 3884 in
1441 3796 1705 3886 Licentiatu·

214 3949 312 4008 rum
348 3921 607 4040 diplomate,
632 3921 749 4009 bene
772 3949 877 4007 vcro
900 3920 1139 4006 Doctorum
1165 3932 1333 4004 tautum
1356 3919 1579 4036 conceptis
1601 3943 1701 4008 rcr-

213 4043 283 4132 bts
316 4043 505 4162 legimus
538 4044 788 4161 Mupistrum
810 4073 878 4130 aco
909 4039 1129 4128 Ductorem
1164 4039 1486 4130 declaravimus.
1579 4103 1582 4108 -

336 4169 382 4255 Si
418 4165 551 4284 igitur
583 4165 788 4256 anteriori
825 4174 971 4253 aetate
999 4162 1055 4252 ad
1078 4163 1371 4282 assequendas
1396 4195 1475 4284 per
1507 4195 1697 4256 concur·

211 4312 309 4378 sum
344 4287 638 4404 praebendas,
680 4290 737 4380 de
770 4288 934 4406 quibus
971 4285 1022 4374 fit
1059 4289 1240 4392 mentio,
1266 4287 1446 4378 sumtasi
1485 4319 1571 4376 uun
1598 4287 1696 4379 luc*

213 4427 320 4500 runt
352 4413 569 4530 prolutas,
607 4413 808 4530 quamvis
854 4412 924 4498 vix
964 4427 1039 4499 aut
1085 4439 1140 4498 ne
1164 4409 1246 4498 vir
1279 4410 1462 4532 quidem
1499 4410 1694 4528 ipsorum

210 4533 375 4653 proclus
395 4535 452 4622 ab
478 4534 551 4622 illo
587 4537 823 4624 Doctorum
845 4532 1053 4622 (lillurors
1074 4547 1203 4632 essct.
1240 4533 1398 4650 potiori
1421 4533 1591 4623 ratione
1612 4534 1692 4622 bo·

209 4657 286 4746 die
312 4655 359 4744 ld
391 4655 629 4746 dicendum
671 4687 764 4748 csse
800 4657 976 4746 ridetur
1007 4658 1116 4747 dum
1156 4698 1174 4734 e
1212 4657 1249 4746 il
1280 4687 1412 4746 nunno
1455 4657 1624 4746 siatcno
1642 4655 1696 4742 di

209 4777 345 4867 modii
387 4777 577 4868 rielricde
609 4811 665 4867 un
702 4811 822 4868 cursu
848 4781 926 4897 piri
956 4779 1081 4898 lunpo
1099 4779 1173 4896 pel
1202 4781 1425 4869 Duttorolo
1456 4778 1529 4868 obe
1558 4777 1696 4894 peril

207 4902 449 4991 bicunzinto
487 4941 506 4980 ι
546 4903 679 4992 veluti
710 4903 842 4994 relert
865 4904 1138 5023 Apostolicus
1160 4905 1361 4993 Nuntius.
1387 4903 1694 5017 Quamobrem

206 5025 243 5113 ri
276 5023 356 5112 bac
388 5041 529 5114 aetate
562 5026 605 5113 iu
641 5031 729 5116 rita
762 5029 951 5144 egissent
997 5025 1092 5144 ipse
1127 5030 1193 5115 De
1226 5030 1341 5116 Luca
1374 5045 1420 5116 ct
1452 5026 1686 5123 bottenoe,

207 5145 327 5236 trud
360 5163 479 5238 certe
521 5147 804 5240 offirmasueut
855 5149 956 5239 illuc
1003 5151 1129 5239 bosco
1175 5151 1339 5270 gradus
1370 5147 1690 5268 aequipoller-

206 5285 413 5360 teresse.

330 5396 546 5485 lucussnm
579 5411 726 5485 autem
771 5394 819 5484 lit
853 5427 1048 5486 recursus
1097 5395 1155 5485 ad
1201 5396 1508 5485 'tridentinam
1541 5395 1690 5512 Sync-
