4446 6330
516 261 576 350 18
972 256 1053 344 Die
1083 257 1144 348 25
1176 257 1373 346 Ianuarii
1407 255 1571 348 teta?
1936 321 1938 325 ,

513 413 646 504 opere
667 431 697 448 -
716 381 782 468 De
803 379 1068 496 separatione
1091 379 1177 469 tori
1202 379 1454 498 coninpnlis,
1482 381 1558 470 lib.
1574 383 1598 476 ‚l
1640 413 1733 499 cap.
1769 385 1822 474 l6
1840 387 1894 472 n.
1920 385 1972 472 3.
1990 415 2020 456 -·-

518 549 535 586 ι
574 500 853 599 Controverti
886 531 967 591 nec
1000 503 1132 592 etiam
1167 518 1325 621 potest,
1362 504 1482 624 quod
1515 509 1635 622 Papa
1656 537 1879 624 suprema,
1924 507 2021 625 qua'

521 673 536 712 ι
576 631 712 750 pollet
736 625 919 716 interris
952 625 1241 731 Auctoritate,
1267 626 1490 716 vinculum
1515 627 1777 718 Matrimonii
1815 647 2022 720 tantum-

519 796 535 835 ι
577 753 707 844 modo
729 750 818 838 rati
833 765 877 838 et
895 778 981 836 non
1001 749 1291 840 consummati
1310 751 1507 840 relaxare
1532 754 1672 842 valeat
1679 817 1775 842 .....
1811 754 1858 846 Si
1886 751 2019 842 enim

521 919 538 956 ι
577 873 843 966 Matrimonii
865 871 954 960 rati
987 874 1210 964 vinculum
1237 904 1325 962 non
1359 891 1471 964 esset
1504 877 1712 982 solubile,
1751 906 1832 966 nec
1865 876 2013 964 etiam

520 1041 537 1080 t
578 1029 658 1119 per
691 999 935 1115 ingressum
960 995 1002 1084 in
1021 997 1298 1116 Religionem
1330 997 1438 1086 solvi
1474 1013 1636 1118 posset.
1670 1040 1687 1078 s

638 1123 839 1240 Cumque
873 1119 1091 1210 notorium
1138 1119 1335 1239 undique
1368 1120 1439 1224 sit,
1487 1139 1532 1211 ut
1567 1123 1848 1241 prosequitur
1879 1120 2014 1209 idem

511 1262 662 1336 auctor
695 1277 739 1332 n.
778 1242 825 1330 ἱι0
869 1239 1017 1358 plures
1049 1247 1256 1336 Summos
1289 1243 1520 1334 Pontifices
1554 1245 1668 1332 illud
1701 1248 2012 1348 relaxasse3...

517 1413 534 1449 ι
574 1367 1196 1484 nosbodieposttotexempla
1201 1433 1296 1470 .....
1343 1365 1400 1454 de
1429 1367 1689 1457 eorumdem
1720 1369 2015 1457 Summarum

513 1533 530 1572 ι
570 1489 838 1582 Pontificum
874 1505 1088 1605 potestate
1105 1490 1314 1580 dubitare
1332 1489 1562 1597 vellemne,
1582 1490 1700 1582 idem
1718 1507 1832 1582 esset
1846 1523 1897 1579 ae
1911 1490 2017 1578 illo·

513 1655 530 1694 ‹
572 1613 795 1706 ramlacta
810 1612 1082 1729 improbare,
1099 1611 1218 1732 quod
1236 1630 1461 1732 tamquam
1481 1614 1755 1734 sacrilegium
1780 1644 1860 1735 per
1881 1614 2011 1702 Text.

515 1779 531 1818 ι
569 1739 615 1826 in
651 1736 731 1854 leq.
767 1737 797 1821 2
830 1731 938 1821 Cod.
986 1735 1036 1824 de
1075 1739 1197 1824 crint.
1223 1735 1442 1852 sacriteqii
1458 1736 1755 1828 condemnant
1778 1738 2013 1826 Forinncc.

516 1903 532 1940 ι
572 1862 697 1948 Cous.
724 1859 784 1947 65
807 1889 922 1944 num.
944 1859 1004 1950 45
1037 1858 1112 1948 lib.
1131 1861 1175 1950 l.
1227 1859 1272 1949 V
1271 1889 1449 1948 eracrnoc
1465 1862 1622 1978 specul.
1648 1863 1678 1950 2
1690 1878 1811 1980 part.
1838 1876 1929 1948 nrt.
1951 1861 2017 1948 27

514 2024 531 2062 ι
573 1983 649 2072 ubi
669 1983 797 2070 babet
821 2015 832 2070 ι
855 1983 923 2069 De
938 1981 1159 2072 Pontifieis
1182 1995 1415 2098 potestate,
1451 1997 1685 2103 postquam
1707 1983 2007 2103 dispensavit,

517 2148 534 2186 ι
573 2106 778 2199 dubitare
816 2103 950 2194 instar
985 2106 1196 2226 sacrilegii
1229 2117 1319 2210 est;
1356 2124 1469 2194 esset
1512 2109 1632 2198 enim
1671 2108 1844 2198 Christo
1875 2105 2012 2225 quasi

515 2271 532 2308 ι
571 2230 837 2348 exprobare,
884 2229 1005 2345 quod
1041 2260 1127 2317 non
1161 2223 1265 2318 satis
1298 2229 1514 2318 Ecclesiae
1546 2261 1651 2321 suae
1684 2229 2007 2350 providisset.»

633 2355 764 2440 Extra
804 2379 936 2442 omne
972 2353 1161 2441 dubium
1209 2349 1342 2469 igitur
1391 2352 1582 2470 positum
1630 2369 1830 2444 remanet
1879 2349 2010 2474 quod

508 2477 716 2570 Summus
737 2473 939 2564 Pontifex
982 2489 1195 2595 suprema
1208 2473 1497 2582 auctoritate,
1524 2507 1659 2596 quam
1680 2475 1890 2569 aGhristo
1912 2477 2014 2564 Do·

511 2601 635 2690 mino
668 2600 712 2686 in
747 2597 862 2686 Divo
895 2599 1025 2688 Petro
1059 2597 1241 2718 accepit,
1271 2615 1412 2703 utens,
1440 2616 1582 2717 potest
1616 2601 1839 2690 vinculum
1857 2597 2012 2688 Matri·

508 2721 648 2812 monii
696 2721 775 2809 rati
811 2720 987 2840 dequo
1020 2723 1164 2842 agitur
1196 2721 1409 2810 relaxare.

518 2913 524 2918 -
633 2847 800 2934 Verum
835 2844 896 2932 uti
930 2845 1058 2935 docet
1090 2845 1285 2936 Sanehez
1314 2846 1378 2933 De
1414 2845 1679 2936 &crantcnto
1730 2844 2008 2934 Matrimonii

512 2969 588 3058 tit.
610 2971 639 3060 2
661 2968 789 3085 Disp.
821 2969 876 3058 to
897 3001 1011 3057 nam.
1048 2970 1093 3058 5.
1152 2970 1251 3058 licet
1283 2969 1515 3086 probabile
1547 2970 1618 3075 sit,
1656 2969 2005 3086 valeredispen·

509 3093 724 3183 sationem
758 3089 982 3184 Pontificis
1016 3091 1059 3182 in
1094 3093 1366 3183 Matrimonia
1396 3111 1508 3199 rato,
1536 3095 1702 3212 absque
1728 3123 1860 3182 causa
1883 3092 2000 3180 iusta

511 3245 780 3318 cotrcessam,
819 3215 963 3306 verius
995 3231 1143 3306 tamen
1172 3233 1252 3320 est,
1298 3216 1358 3306 uti
1394 3219 1529 3306 habet
1565 3249 1679 3306 num.
1727 3214 1924 3304 6concl.
1974 3215 2005 3303 2

516 3379 532 3418 ι
572 3337 947 3459 dispensationem
982 3341 1147 3458 absque
1179 3369 1306 3428 eausa
1340 3339 1454 3428 iusta
1488 3341 1666 3446 laetam,
1703 3369 1792 3428 non
1825 3353 2000 3443 tenere,

517 3504 533 3540 ι
574 3463 676 3584 quia
711 3474 758 3550 ut
790 3459 940 3553 docuit
979 3461 1091 3579 disp.
1120 3463 1178 3550 t3
1209 3494 1322 3550 narn.
1349 3463 1759 3553 bindissolubilitas
1781 3460 2008 3552 Matrimo-

516 3627 534 3666 ι
575 3587 633 3674 nii
657 3603 722 3676 est
754 3585 812 3674 de
856 3586 949 3676 iure
989 3587 1177 3676 naturali
1216 3601 1260 3673 et
1293 3584 1473 3692 Divino,
1521 3587 1564 3674 in
1609 3619 1697 3708 quo
1729 3583 2000 3704 dispensatio

517 3751 533 3788 ι
574 3705 812 3810 Pontificis,
851 3711 1017 3828 absque
1050 3739 1177 3799 eausa
1200 3707 1309 3798 iusta
1337 3741 1537 3802 concessa
1571 3725 1637 3800 est
1655 3739 1831 3829 prorsas
1863 3706 2003 3797 irrita:

518 3874 534 3912 ι
575 3849 622 3920 nt
654 3831 862 3951 'theologi
901 3833 1196 3922 communiter
1217 3847 1262 3922 et
1295 3833 1401 3922 iuris
1447 3835 1675 3954 utriusque
1704 3835 1806 3922 DD.
1863 3827 2002 3918 laten·

516 3993 533 4032 ι
576 3971 660 4059 tur,
689 3973 731 4044 et
753 3953 812 4042 ita
844 3955 1286 4052 dicuntPontilieiam
1311 3955 1685 4074 dispensationem
1708 3957 1753 4044 in
1773 3970 1877 4044 voto
1899 3953 2004 4042 sim-

517 4077 677 4198 «plici
710 4077 802 4168 sine
846 4078 956 4168 iusta
989 4111 1117 4170 causa
1147 4109 1240 4170 esse
1272 4077 1471 4185 irritam,
1512 4081 1615 4200 quia
1659 4079 1750 4186 voti
1777 4077 2002 4166 vinculum

518 4241 535 4278 ι
575 4215 638 4290 est
671 4199 727 4290 de
764 4201 858 4292 iure
891 4205 1076 4292 naturali
1106 4221 1150 4292 ct
1198 4202 1418 4292 divino.»

641 4324 731 4417 Sed
763 4327 1005 4416 nullatenus
1040 4326 1326 4416 necessariam
1361 4356 1455 4416 esse
1487 4357 1664 4418 causam
1693 4328 1750 4418 ad
1772 4321 2007 4444 publicum-

513 4447 682 4538 bonum
717 4465 1004 4567 spectantem,
1042 4479 1229 4570 eamque
1262 4447 1456 4539 sufficere
1489 4481 1603 4568 quac
1631 4451 1849 4572 privatam
1871 4443 2003 4563 respi-

513 4573 596 4662 ciat
630 4573 894 4678 utilitatem,
930 4573 1068 4664 solide
1117 4571 1299 4666 firmant
1346 4572 1568 4662 Caietanns
1607 4574 1723 4663 Toni.
1760 4571 1806 4660 l⁰
1845 4571 1997 4685 Opere.

523 4695 664 4786 Tract.
701 4699 778 4786 28.
814 4697 953 4784 Folia.
1005 4727 1115 4784 cona.
1158 4699 1219 4784 26
1255 4729 1370 4786 num.
1412 4696 1471 4784 ²19
1511 4696 1727 4816 multique
1758 4694 1848 4797 atii,
1887 4693 2003 4782 inter

512 4817 891 4938 quosstipnatell.
937 4817 1125 4908 Consult.
1154 4819 1246 4912 tt8
1287 4849 1401 4908 nam.
1437 4819 1467 4907 9
1506 4817 1622 4908 Tam.
1665 4824 1683 4906 l
1734 4819 1812 4909 ubi
1845 4816 1998 4932 babet:

519 4983 535 5020 ι
574 4947 626 5034 Et
659 4941 759 5032 licet
775 4939 909 5061 aliqui
934 4942 1087 5048 velint,
1125 4975 1299 5034 causam
1333 4971 1599 5034 concernere
1632 4942 1797 5039 debere
1829 4942 1998 5030 bonum

517 5105 535 5144 ι
570 5066 879 5186 publicum...
924 5065 1067 5155 verior
1088 5081 1233 5156 tamen
1248 5085 1292 5156 et
1314 5067 1452 5186 magis
1470 5067 1717 5158 eommunis
1734 5061 1886 5187 opinio
1914 5079 1995 5166 est,

519 5228 535 5266 ι
575 5207 622 5278 ut
655 5188 836 5280 sufficiat
869 5188 987 5278 illam
1021 5220 1282 5282 concernere
1313 5191 1487 5280 bonum
1513 5190 1751 5310 privatum,
1780 5185 1994 5305 acpriva·

518 5349 536 5388 ι
576 5327 663 5397 tam
698 5311 946 5400 utilitatem.
992 5356 1008 5393 ι
1047 5315 1111 5404 Ac
1144 5314 1202 5406 ita
1243 5315 1435 5434 practice
1467 5315 1811 5432 comprobarunt
1848 5308 1997 5428 plnres

511 5433 682 5526 Summi
717 5433 944 5524 Pontifices
978 5453 1021 5526 et
1043 5467 1149 5557 prae
1171 5437 1353 5526 caeteris
1375 5437 1421 5528 S.
1448 5439 1504 5526 M.
1531 5435 1767 5556 Gregorius
1793 5435 1896 5524 Xlll
1919 5431 2000 5552 qni
