4446 6330
429 317 460 408 8
886 309 967 397 un
999 303 1059 392 25
1093 299 1287 394 Ianuarii
1325 298 1460 390 tata.
1727 373 1728 382 .

431 436 532 534 lert,
569 459 756 552 quarum
789 429 1102 547 compendium
1138 439 1299 540 prostat
1332 422 1374 512 iu
1409 422 1538 512 citato
1571 417 1693 510 Folio
1727 415 1772 539 g.
1810 419 1934 514 Iliaca

434 556 657 646 enucleatis
691 571 735 642 et
767 553 1066 670 sequentibus

559 681 761 768 Vestrum
799 707 912 764 iiirne
944 675 1026 764 erit
1060 675 1144 760 EE.
1182 673 1268 758 PP.
1306 701 1385 788 pro
1420 682 1588 758 assueta
1631 663 1828 758 doctrina
1873 685 1923 760 et

438 800 672 920 prudentia
705 799 1029 914 inlrascriptum
1066 795 1274 885 dirimere

1072 1040 1289 1132 bublum

563 1291 634 1378 Aa
668 1293 725 1378 ait
756 1289 949 1380 standum
980 1289 1046 1378 cal
1078 1286 1347 1376 recedendum
1381 1319 1407 1372 c
1440 1285 1588 1374 decisis
1622 1285 1667 1372 ia
1700 1313 1810 1372 coru.

452 1751 455 1760 .
566 1625 615 1714 ln
649 1621 818 1712 decisis.

18 2129 124 2220 Scae.
150 2129 212 2217 24
233 2126 374 2244 capt
461 2243 463 2248 Ι
576 2021 1005 2226 ALBINGANEN.
1043 2129 1506 2224 DISPENSATlONlS
1541 2130 1940 2220 unvamma:

24 2252 191 2374 dulles.
213 2250 345 2340 Matr.
444 2257 744 2346 Dissentieute
775 2269 937 2372 patro,
991 2271 1256 2370 cooperante
1305 2269 1453 2342 tamen
1494 2253 1626 2342 lratre
1664 2254 1930 2355 Sacerdote,

446 2379 626 2472 Violaus
664 2375 851 2466 Arduiui
897 2377 1019 2494 virgo
1063 2406 1202 2492 prope
1241 2377 1501 2493 septilustris
1544 2405 1599 2464 ex
1631 2376 1960 2494 Albingauno,·

447 2516 544 2593 utut
578 2503 636 2588 ob
668 2499 804 2589 animi
842 2498 1066 2588 levitatem
1106 2496 1266 2586 muniis
1309 2498 1584 2588 maritalibus
1620 2529 1776 2616 parum
1815 2517 1934 2620 apta,

445 2625 518 2714 die
537 2626 691 2740 daug.
708 2623 827 2712 t866
847 2620 1135 2732 matrimonio
1147 2636 1312 2710 secreto
1324 2651 1371 2712 se
1390 2621 1532 2711 iunxit
1550 2621 1695 2710 villico
1710 2623 1936 2714 Francisco

446 2749 569 2834 Pizzo
589 2777 641 2834 cx
662 2745 838 2864 Oppido
856 2746 1010 2834 Soleae
1040 2774 1177 2860 prope
1196 2743 1548 2861 Albingaunum,
1571 2743 1647 2861 qui
1663 2746 1786 2834 utillo
1805 2777 1937 2836 censu

446 2869 692 2989 praeditus,
729 2869 849 2956 illam
871 2865 1050 2970 ducens,
1078 2865 1304 2956 honestum
1330 2865 1413 2956 sibi
1438 2866 1736 2956 conditionem
1761 2901 1937 2986 compa·

450 3023 549 3082 rare
573 2991 806 3109 sperabat,
844 3019 945 3078 suos
978 2992 1091 3078 lares
1123 2989 1167 3076 in
1201 2989 1560 3106 percommodum
1595 3021 1780 3106 sponsae
1812 2992 1937 3080 lumi-

451 3115 555 3206 liam
578 3113 894 3204 transferendo.
922 3111 1165 3203 Celebratis
1200 3129 1345 3201 tamen
1381 3111 1424 3200 in
1459 3111 1596 3201 rurali
1619 3114 1937 3228 Religiosorum

451 3237 639 3326 Ecclesia
693 3235 870 3351 nuptiis,
917 3237 991 3324 vix
1039 3234 1181 3352 potuit
1219 3265 1405 3354 sponsus
1437 3235 1688 3354 aliquandiu
1728 3237 1772 3324 iu
1807 3238 1939 3333 domo

451 3391 663 3478 sponsae,
713 3358 890 3448 huiusce
939 3359 1121 3448 absente
1170 3389 1219 3448 ac
1272 3357 1506 3474 ignorante
1552 3359 1779 3478 genitore,
1837 3393 1937 3478 per-

451 3512 632 3574 manere
652 3519 665 3590 3
703 3481 1064 3601 quandoquidem
1100 3480 1158 3570 de
1190 3481 1367 3570 consiliu
1402 3481 1544 3574 Leviri
1582 3481 1729 3572 relicta
1762 3513 1937 3600 sponsa,

452 3637 587 3726 quam
638 3607 680 3694 in
721 3606 898 3724 propria
930 3602 1202 3694 habitatione
1248 3621 1346 3694 utut
1389 3605 1435 3698 id
1474 3605 1788 3722 deoptantem,
1822 3606 1939 3696 exci-

451 3761 559 3848 pere
589 3730 837 3823 uullateuus
872 3727 1062 3832 valebat,
1100 3727 1256 3816 eadem
1302 3727 1378 3816 die
1425 3729 1681 3847 vespertinis
1721 3730 1837 3828 boris
1872 3761 1941 3822 re-

450 3882 621 3972 gressus
656 3869 720 3944 est
745 3852 791 3940 in
824 3849 1013 3966 patriam
1037 3880 1089 3938 ea
1122 3881 1198 3967 spe
1222 3867 1266 3939 et
1289 3851 1467 3942 consilio
1497 3851 1669 3958 duct-us,
1696 3872 1745 3944 ut
1768 3853 1939 3944 ibidem

451 3990 733 4091 permaneret
767 3971 907 4062 donec
939 4003 1124 4091 sponsae
1157 3972 1290 4062 lrater
1321 3975 1529 4092 genitoris
1563 3976 1760 4064 animum
1790 3977 1938 4067 flecte·

453 4111 534 4202 ret,
572 4114 614 4184 et
648 4098 703 4188 ad
741 4096 916 4185 civilem
950 4115 1093 4186 actum
1130 4095 1462 4215 adimplendum
1487 4099 1605 4188 viam
1630 4116 1867 4188 sterneret.

478 4299 482 4310 .
577 4223 809 4308 Transacta
842 4219 1340 4324 hebdomada‚domum
1375 4251 1560 4337 sponsae
1594 4221 1771 4336 repetiit
1802 4224 1942 4308 Fran·

453 4341 605 4447 oiscus3
642 4343 716 4432 sed
751 4345 809 4430 ob
843 4358 1146 4461 paupertatem
1181 4343 1314 4460 ipsius
1348 4343 1434 4430 iam
1455 4344 1653 4432 Violaute
1691 4343 1802 4430 lacta
1836 4371 1939 4430 con-

454 4464 560 4582 iugii
595 4465 884 4582 poenitente,
932 4467 1073 4556 uoluit
1105 4467 1284 4554 omnino
1318 4493 1419 4552 cum
1454 4465 1528 4554 illo
1571 4464 1856 4569 cohabitare;
1894 4480 1941 4552 et

453 4588 611 4677 eodem
647 4586 761 4678 illius
800 4589 934 4680 lratre
979 4619 1067 4678 non
1121 4589 1268 4675 minus
1302 4589 1360 4676 ob
1410 4585 1752 4705 insuperabilem
1805 4588 1948 4704 patris.

455 4709 760 4800 adversionem
796 4711 1051 4814 obsistente,
1088 4710 1222 4798 miser
1253 4739 1436 4826 sponsus
1470 4726 1519 4800 ut
1552 4709 1840 4828 ignominiam
1874 4711 1944 4800 in-

454 4832 582 4924 fausti
633 4834 843 4938 connubii
878 4831 1103 4951 allegeret,
1157 4829 1452 4922 transfretavit
1506 4833 1772 4928 Amerinam.
1814 4836 1943 4945 ,Qua-

457 4955 658 5046 driennio
693 4973 790 5075 post
823 4985 1021 5046 reversus
1045 4956 1088 5044 iu
1112 4953 1316 5070 patriam,
1343 4985 1521 5046 omnem
1546 4957 1758 5074 lapidem,
1796 4971 1840 5046 at
1868 4958 1933 5048 in·
1964 4957 1966 4961 ’

454 5109 638 5184 cassum,
660 5078 880 5196 permovit
896 5087 955 5168 'ut
976 5078 1315 5198 coniungeretur
1344 5096 1447 5168 cum
1480 5108 1654 5197 sponsa.
1681 5084 1767 5199 Spe
1785 5095 1828 5168 et
1843 5079 1936 5178 aui-

454 5231 528 5289 mo
564 5201 744 5292 taudem
778 5201 985 5308 deiectuS,
1024 5203 1082 5295 de
1147 5231 1299 5292 meuse
1331 5204 1788 5320 Maiol872supplex
1830 5200 1937 5294 adiit

457 5325 511 5412 H.
533 5323 579 5412 S.
604 5326 680 5426 0.,
709 5344 756 5413 ιιι
777 5359 801 5414 a
825 5327 1102 5418 matrimonio
1135 5343 1227 5416 rato
1254 5343 1299 5416 et
1320 5359 1405 5418 non
1435 5343 1737 5420 consummato
1766 5327 1942 5444 dispen-

456 5443 668 5536 sationem
703 5447 940 5540 obtineret.
