4460 6332
564 409 657 500 450
988 409 1068 500 llis
1099 411 1161 499 20
1191 406 1440 524 Septembris
1475 401 1611 492 1879.

559 532 683 654 qood
722 573 740 614 ι
776 563 824 624 se
855 535 1220 652 posteriormente
1253 529 1292 618 al
1328 525 1610 618 matrimonio
1641 521 1690 612 si
1734 515 1947 636 seuopri
1972 513 2099 635 impe-

568 699 584 734 ·
624 655 822 746 dimento
854 655 899 746 di
935 657 1112 746 lontano
1147 651 1372 772 parentela
1397 679 1540 739 venne
1561 661 1733 736 sanato
1764 639 1911 731 dallo
1937 637 2101 758 dispen-

568 819 584 856 ι
623 807 668 866 so
700 778 996 869 dell’autorit-it
1027 773 1315 866 ecclesiastica
1355 815 1394 861 ·.
1430 773 1541 862 Ciam
1563 769 1632 860 de
1677 793 1920 884 persona
1958 793 2100 880 agere·

565 916 634 990 tor
666 900 825 1019 opibus
859 899 1281 1003 destitutarum
1304 895 1361 984 de
1394 891 1602 986 mandato
1624 887 1781 985 Ssffit
1806 887 2101 976 ooeonomiee

564 1021 893 1143 disceptandam
927 1019 1123 1112 decrevi.
1161 1022 1322 1108 Votuin
1355 1017 1517 1106 exinde
1551 1046 1576 1103 a
1607 1007 2009 1104 consultoribus
2030 1011 2101 1100 Ca·

566 1145 740 1234 nonisto
773 1161 816 1234 et
848 1144 1108 1262 Theologo,
1145 1159 1277 1262 atque
1321 1136 1764 1231 Animadversionem
1824 1167 1855 1221 a
1898 1135 2100 1221 Pramnio

568 1267 738 1356 Vinculi
764 1265 1007 1357 Defensoro
1040 1266 1184 1356 emitti
1217 1263 1384 1366 onravi;
1424 1261 1563 1380 iisque
1596 1253 1849 1376 exceptis,
1884 1285 2011 1343 nune
2041 1287 2098 1342 sa-

505 1483 509 1492 ,
567 1389 837 1508 pientissimo
871 1388 1031 1479 iudicio
1063 1392 1147 1478 llll.
1187 1389 1281 1476 VV.
1318 1414 1419 1474 nemv
1443 1383 1675 1486 submitto,
1710 1397 1775 1468 ut
1808 1409 1909 1496 pro
1935 1395 2099 1466 assueta

452 1581 453 1586 a
567 1510 783 1630 sapientia
815 1541 1005 1634 sequens
1038 1511 1233 1601 enodare
1265 1507 1504 1626 dignentur

1152 1744 1156 1752 ’
1193 1753 1411 1844 DUlllUlll

690 1999 762 2090 Aa
780 2004 999 2092 settteotioe
1016 2001 1172 2090 Gorioe
1189 1998 1346 2087 Montis
1357 1995 1596 2114 Repolensis
1608 2013 1648 2086 et
1666 1997 1857 2085 Curiae
1872 1989 2088 2080 Calatoni·

474 2126 476 2138 '
571 2122 774 2212 sindensis
808 2127 891 2213 sinl
923 2123 1234 2247 confirmandae
1266 2121 1331 2210 vel
1363 2117 1645 2242 infirmandae
1676 2122 1723 2207 in
1763 2149 1909 2206 ease.

700 2459 966 2580 Expleantor
984 2473 1076 2546 aete
1095 2484 1320 2574 processus
1339 2451 1667 2572 peneanriam
1683 2450 1865 2542 Montis
1886 2445 2077 2562 Regalis.

897 3103 1079 3238 VOT
1090 3107 1216 3239 UM
1256 3100 1716 3236 THEOLOGI

1119 3399 1526 3451 w..

707 3741 710 3746 '
743 3755 745 3759 ·
851 3719 1177 3808 Eminentieeimi
1194 3749 1241 3806 oe
1274 3717 1622 3808 lleoerenclissirni
1656 3720 1890 3839 Principes

635 4275 638 4280 .
710 4073 891 4281 Causa
926 4187 1276 4294 matrimonialis,
1313 4219 1426 4310 quae
1450 4191 1544 4278 VV.
1578 4191 1661 4284 ne.
1687 4186 1878 4306 sepienti
1914 4165 2053 4306 iudicio

585 4309 834 4418 dirimenda
869 4311 1147 4428 proponitur,
1186 4313 1448 4431 plerumque
1469 4341 1494 4398 a
1519 4312 1944 4428 perturbationibus,
1969 4320 2050 4412 qm·

586 4433 670 4522 bos
701 4431 859 4551 iugiter
896 4429 1147 4552 affligimur,
1186 4435 1337 4524 effecte
1371 4432 1562 4538 videtote
1600 4436 1774 4554 respicit
1810 4431 1933 4526 enim
1963 4441 2048 4507 ooo·

587 4557 772 4648 nubium
807 4556 849 4643 in
885 4555 1026 4646 insola
1059 4557 1232 4648 Siciliae
1267 4555 1430 4648 initum.
1457 4555 1633 4675 quando
1674 4557 1918 4676 proditores
1949 4533 2048 4634 neta·

586 4679 660 4785 rii,
696 4677 809 4768 duee
841 4680 1024 4798 losepbo
1077 4680 1325 4784 Garibaldi,
1362 4709 1460 4798 eam
1492 4699 1777 4798 occuparunt,
1814 4677 1962 4770 divine
1985 4660 2046 4794 ht·

588 4831 809 4920 meosque
833 4819 1112 4922 spernentes.
1148 4807 1259 4896 Com
1294 4801 1409 4894 enim
1446 4799 1695 4921 praedictos
1727 4803 1818 4893 dux
1851 4819 1977 4915 atque
1993 4783 2048 4874 s»-

588 4925 712 5016 ciliae
749 4924 937 5017 dietator
975 4925 1155 5017 iuvenes
1187 4927 1242 5020 ad
1275 4955 1396 5018 armo
1424 4923 1639 5044 capienda
1671 4897 2045 5046 competterenstl*

590 5047 657 5138 vis
689 5047 859 5166 legibus
892 5063 995 5138 tunc
1029 5050 1293 5168 rigentibus,
1330 5073 1519 5168 quarum
1554 5047 1597 5137 vi
1630 5080 1660 5162 e
1686 5049 1876 5144 militum
1898 5035 2041 5140 delectu

590 5170 899 5266 eximebantur
931 5172 1005 5290 qui
1029 5173 1359 5266 matrimonium
1382 5163 1729 5278 celebraveran13
1758 5169 1882 5264 multi
1922 5147 2043 5253 adoll*

590 5307 761 5384 scentes
777 5292 928 5414 iugum
952 5295 1182 5414 coniugale
1204 5295 1347 5413 potius
1367 5289 1532 5400 subire,
1554 5323 1685 5416 quam
1704 5291 1923 5386 dictatoris
1937 5297 2039 5410 vell}

593 5417 734 5506 tiones
766 5418 857 5533 pati
891 5417 1143 5536 cupiebant.
1180 5415 1491 5514 llineiuvenis
1513 5419 1711 5510 Salvator
1733 5416 1887 5534 Grippi
1919 5384 2037 5524 opptdf
2154 5518 2155 5522 Ν

594 5539 789 5654 Burgetti
821 5539 1165 5632 Archidioecesis
1196 5537 1548 5663 blooregalensis,
1586 5555 1961 5664 puteosne-noete
1979 5537 2040 5607 ¹¹¹¹*
2149 5625 2150 5632 ,
