4460 6332
644 387 728 474 Dic
759 386 821 473 20
851 383 1099 500 Septembris
1133 383 1270 472 l879.
1612 398 1704 494 473

210 527 308 606 ulae
341 511 570 603 Siciliense
602 509 882 608 sententiae,
920 537 1034 625 quae
1083 505 1249 604 directo
1298 513 1563 625 praenotatis
1593 535 1695 618 san.

214 637 431 730 ctionibus
464 631 716 747 opponitur,
766 631 825 718 ita
858 629 1084 716 instructio
1108 631 1153 714 in
1174 631 1313 744 princ.
1339 633 1483 726 -ibi-
1513 679 1529 716 ι
1570 639 1615 726 8.
1640 645 1697 733 tt.

214 758 430 848 Benedicti
464 754 582 844 XIV
604 755 656 840 in
687 754 991 841 Constitutione
1035 752 1119 840 Dei
1166 753 1448 858 miseratione,
1468 789 1704 872 processum

219 879 518 1002 conficiendum
541 907 622 964 esse
641 876 857 990 proecepit
878 876 983 964 SUB
1017 875 1202 966 Poena
1237 877 1574 976 NULtl'raTts
1603 888 1704 980 (llll-

219 1007 356 1094 NlUlll
390 1002 662 1099 Actonnu
691 1039 732 1085 ι.

342 1127 418 1213 te.
455 1123 741 1234 Quaestiones
775 1120 861 1211 iam
895 1120 1001 1209 satis
1030 1151 1183 1237 graves
1216 1123 1463 1215 enunciavit
1498 1158 1705 1248 peregre-

211 1250 306 1368 gius
339 1245 570 1338 Consultor
603 1245 839 1336 Canonista
862 1274 975 1360 quae
1009 1243 1068 1330 ob
1088 1243 1306 1338 incuriam
1336 1246 1694 1364 inquirentium,

212 1388 258 1459 etc
306 1367 683 1488 imperiectionem
731 1397 954 1483 processus
997 1367 1211 1459 insolutae
1259 1368 1467 1462 hactenus
1518 1403 1702 1488 perma-

211 1493 393 1581 nontin
417 1493 660 1580 haccausa.
696 1491 876 1609 Optima
909 1490 1028 1578 enim
1051 1493 1227 1608 quaerit
1246 1492 1430 1595 ratione,
1457 1499 1701 1611 quomodo-

211 1644 312 1702 nam
347 1629 438 1702 tuto
491 1613 698 1702 constitui
742 1613 907 1730 possit,
951 1615 1071 1731 quod
1106 1612 1224 1701 nulla
1269 1614 1578 1710 intercessisset
1621 1622 1701 1710 im-

207 1736 455 1854 pedimenti
499 1736 764 1852 dispensatio
798 1738 856 1824 ob
888 1737 969 1824 hoc
1002 1765 1139 1824 unum
1164 1735 1302 1854 quod,
1340 1739 1398 1826 ita
1428 1736 1472 1858 S.
1501 1741 1699 1834 6-1ὺί-

215 1861 442 1948 «nullum
487 1859 762 1978 Rescriptum
808 1859 1143 1978 dispensationis
1188 1861 1422 1977 a·Grippo
1456 1877 1499 1950 et
1532 1865 1692 1954 Petro-

215 2023 231 2060 «
272 1983 376 2070 nilla
424 1979 575 2070 luisset
609 1981 853 2069 exhibitum
901 2011 979 2098 pro
1041 1981 1321 2070 matrimonio
1366 1984 1697 2078 contrahendo?

214 2146 232 2182 «
272 2106 388 2217 Quid
423 2103 458 2192 si
492 2105 548 2190 ab
566 2104 651 2192 alio
664 2105 873 2222 quopiam
898 2107 1050 2194 luisset
1063 2103 1347 2195 exhibitum?
1389 2105 1507 2216 Quid
1540 2107 1575 2196 si
1602 2141 1691 2228 ,pro

213 2269 229 2306 ι
272 2227 555 2314 matrimonio
599 2227 861 2316 contracto?
909 2231 1073 2316 Deesse
1117 2257 1292 2343 prorsus
1335 2229 1614 2343 Rescriptum
1651 2233 1694 2320 in

212 2391 228 2426 v
269 2349 548 2440 Carrccllaria.
582 2351 952 2466 archiepiscopali
1001 2380 1051 2436 ea
1096 2353 1230 2438 verba
1278 2351 1461 2440 minime
1505 2351 1702 2470 demon·-

210 2512 227 2548 ε
269 2488 423 2560 strant.
462 2473 549 2562 Sed
575 2472 665 2575 ¹lac,
704 2504 879 2589 prorsus
906 2473 1065 2576 ,deesse
1097 2489 1142 2563 et
1175 2474 1449 2592 Rescriptum
1473 2477 1691 2591 Apostoli·
1825 2559 1830 2570 .

212 2635 228 2671 ε
268 2624 385 2698 eum,
422 2613 467 2682 et
500 2595 720 2714 quidquid
754 2595 952 2684 aliudnd
976 2625 1070 2682 uem
1106 2615 1380 2710 praesentem
1417 2597 1561 2688 tacere
1594 2629 1693 2714 pon·

210 2757 226 2794 ι
261 2736 347 2822 set3
386 2749 438 2806 ea
474 2736 619 2806 tamen
657 2719 767 2806 ratio
800 2724 888 2806 non
921 2735 1083 2806 certam
1120 2717 1221 2808 lecit
1244 2717 1387 2808 tfidcm
1415 2717 1502 2812 tale
1524 2721 1692 2837 aliquid

208 2879 224 2916 ι
265 2870 485 2956 numquam
533 2857 657 2928 alateo
692 2841 900 2929 extitisse.
925 2841 1030 2952 Quis
1055 2841 1248 2956 ignorat,
1291 2871 1426 2957 saepe
1460 2849 1688 2936 evanuisse

198 2993 232 3039 s·
262 2964 321 3049 eb
354 2959 556 3052 archiviis
589 2963 844 3082 diplomata,
882 2964 975 3050 sive
996 2961 1252 3052 Ollicialium
1280 2965 1567 3081 indiligentia,
1594 2967 1686 3058 sive

209 3125 224 3161 ι
264 3085 530 3177 famulorum
565 3087 828 3202 corruptela,
866 3086 1166 3203 pecuniaeque
1189 3086 1431 3176 illecebra?
1466 3153 1684 3179 .....

165 3207 576 3317 '«·Quaerendum
614 3224 708 3296 erat
740 3209 910 3309 a-viro,
962 3225 1128 3325 quanto
1171 3209 1331 3297 abhinc
1380 3227 1589 3326 tempore
1615 3241 1686 3306 eo·-

206 3368 223 3406 ι
263 3329 478 3445 gnevorit,
516 3331 848 3420 matrimonium
884 3361 977 3419 esse
1001 3330 1189 3436 nullum3
1215 3331 1520 3449 quaerendum
1545 3365 1570 3426 a
1593 3363 1690 3429 mu,-

206 3491 222 3529 «
262 3449 385 3554 liere,
413 3483 466 3538 an
486 3483 638 3541 revera
671 3452 797 3541 sciret
831 3453 1198 3569 impedimentum
1234 3485 1327 3544 esse
1359 3456 1686 3559 relaxatum,.et

204 3612 220 3650 ι
261 3575 503 3690 quomodo,
531 3606 596 3661 -an
639 3576 853 3692 publice,
892 3607 947 3662 an
982 3594 1148 3666 secreto
1183 3588 1226 3664 et
1259 3578 1302 3666 in
1331 3577 1430 3666 loro
1462 3579 1684 3692 epnscien·

194 3734 219 3771 «ε
252 3697 347 3784 *line
386 3739 423 3784 s.
991 3743 994 3750 ·

317 3820 398 3908 le.
436 3824 783 3934 chaestionibus
819 3824 1115 3926 istiusmodi,
1169 3855 1275 3942 quas
1319 3855 1447 3912 nemo
1487 3825 1682 3942 ambiget

197 3969 290 4028 esse
322 3944 615 4060 gravissimas
644 3964 687 4034 et
710 3977 824 4064 quae
847 3946 1083 4035 validitatis
1106 3947 1174 4036 vel
1197 3943 1562 4036 convalidationis
1583 3979 1683 4036 con·

197 4061 300 4180 iugii
335 4065 496 4156 iudicio
527 4071 719 4158 maxime
741 4067 952 4158 auxilium
990 4088 1033 4156 et
1059 4091 1190 4188 opem
1228 4070 1472 4174 conterunt,
1510 4071 1682 4160 expul-

197 4183 239 4268 lo
272 4184 357 4272 alio
392 4188 510 4279 lonte
543 4191 814 4308 suppeditari
849 4193 923 4279 lux
958 4192 1191 4308 potuisset,
1239 4223 1369 4310 quam
1405 4209 1448 4279 et
1481 4191 1539 4278 ab
1573 4191 1679 4308 ipsis

194 4305 468 4425 coniugibus,
518 4331 652 4430 atque
701 4316 757 4403 ab
790 4314 1063 4402 corumdem
1114 4314 1373 4432 propinquis
1403 4329 1455 4402 ‚et
1496 4313 1674 4404 ‚vicinis

195 4432 340 4546 Atque
377 4449 423 4519 ut
455 4433 512 4522 de
547 4468 631 4524 nura
668 4453 834 4524 tantum
870 4437 1126 4555 quaestione
1159 4435 1325 4553 aliquid
1361 4454 1568 4552 tangam,
1594 4465 1675 4539 ¹ec·

191 4551 289 4666 quis
320 4553 557 4655 adsrrmare
590 4575 682 4646 tuto
707 4576 875 4677 posset,
914 4561 1079 4647 nnllam
1115 4589 1256 4678 vaeque
1278 4577 1387 4674 ,pust
1408 4571 1675 4672 contractum

184 4674 444 4793 coniugium
482 4681 773 4772 intercessisse
805 4683 1177 4800 dispensationem
1191 4681 1217 4768 -t
1248 4680 1501 4782 Declaravit
1550 4680 1672 4796 equi·

192 4793 293 4884 dem
328 4801 485 4889 mulier
518 4805 561 4890 in
596 4835 674 4892 suo
714 4805 862 4894 libello
897 4803 1028 4896 indici
1064 4802 1447 4894 Calatanisiadensi
1469 4801 1675 4903 ,cullibito

191 4920 311 5032 quod
346 4923 715 5040 impedimentum
749 4927 835 5019 luit
870 4929 1036 5018 iamdiu
1059 4941 1269 5039 sanatum
1311 4957 1412 5016 ·.se
1446 4923 1677 5042 posterior·

194 5079 212 5117 v
245 5045 469 5134 monloel
495 5049 854 5138 matrimonio-si
887 5051 1060 5168 scuopri
1096 5049 1414 5166 impedimentp
1435 5048 1493 5138 ,di
1526 5047 1675 5136 lonta-

193 5199 210 5237 ε
251 5193 306 5253 na
343 5172 569 5284 parentela
602 5177 919 5260 oennc'soncto
963 5172 1084 5260 dolio
1132 5171 1329 5287 dispenso
1374 5165 1670 5272 dell'autoriti

187 5323 210 5359 -·
247 5289 535 5380 ecclesiastica
574 5335 617 5381 ι.
654 5297 746 5385 Una
769 5313 929 5382 tamen
964 5293 1240 5385 desidemtur
1272 5293 1474 5413 probatio
1496 5291 1672 5407 dispen-

187 5407 363 5500 sationis
389 5413 629 5506 eiusmodi.
649 5419 789 5531 quae
825 5435 968 5522 tamen
996 5417 1183 5520 «adduci,
1220 5413 1546 5626 alquwlentlll
1568 5443 1669 5530 pve-
