4446 6330
650 349 734 437 Die
765 349 826 438 25
859 347 1056 436 Ianuarii
1090 347 1228 438 1879.
1619 349 1679 438 75

188 471 333 563 Prima
358 505 488 591 porro
505 473 634 562 buius
658 473 827 562 articuli
851 503 952 591 pars
975 469 1154 562 delendi
1180 487 1322 590 potest
1355 473 1412 560 ab
1435 471 1527 589 ipsa
1550 470 1677 562 Bulla
1825 588 1827 596 χ

188 597 302 686 Xisti
337 599 376 686 V
408 597 454 684 iu
477 628 564 714 qua
587 597 791 701 babetur,
825 597 1125 714 Praepositum
1174 611 1219 684 et
1253 596 1493 684 Canonicos
1528 595 1682 684 obesse

189 750 316 840 posse
350 750 429 838 per
461 721 674 808 bimestre
721 753 745 808 a
789 719 920 808 cboro
968 717 1170 837 quolibet
1212 748 1327 807 anno
1374 718 1462 804 ciue
1493 717 1679 806 alicuius

186 843 473 960 praeiudicio.
512 846 710 932 lamvero
753 845 787 932 si
831 875 912 963 pro
946 873 999 932 eo
1034 861 1233 960 tempore
1281 841 1483 930 absentes
1517 843 1686 932 amitte·

188 984 287 1055 rent
320 966 669 1070 distributiones,
709 963 892 1054 indubie
931 965 1252 1084 praeiudicium
1284 963 1599 1067 verificaretur,
1639 997 1687 1054 ac

187 1089 362 1178 nullum
397 1119 574 1178 sensum
605 1089 774 1180 adiecta
799 1090 934 1178 verba
969 1089 1200 1178 haberent.
1222 1089 1347 1200 Quae
1381 1087 1684 1206 interpretatio

187 1213 327 1330 magis
362 1214 588 1332 magisque
621 1213 811 1301 obtineri
859 1213 1034 1301 videtur
1066 1244 1117 1300 ex
1154 1243 1205 1300 eo
1239 1212 1342 1329 qttia
1375 1211 1464 1300 duo
1513 1227 1683 1300 tantum

187 1336 416 1426 absentiae
451 1367 621 1426 menses
654 1337 780 1426 dictis
813 1335 1042 1425 Canoniris
1075 1336 1265 1424 concessi
1300 1333 1498 1444 luerunt,
1534 1336 1592 1422 ita
1631 1355 1678 1424 ut

187 1461 219 1548 si
257 1461 373 1548 ultra
406 1458 545 1548 dictos
581 1491 752 1548 menses
789 1467 919 1548 etiam
946 1492 1031 1548 uno
1063 1475 1224 1578 {iuncto
1260 1456 1483 1560 deficiant,
1507 1475 1684 1546 tenean-

189 1601 258 1670 tur
294 1584 350 1672 ad
395 1613 549 1672 omnes
597 1601 878 1702 punctaturas
927 1583 1176 1672 solvendas.
1213 1583 1322 1671 Cum
1371 1581 1505 1697 igitur
1545 1599 1588 1669 et
1631 1611 1685 1670 ex

187 1706 341 1793 Bullae
372 1706 521 1793 verbis
555 1706 818 1808 deducatur,
843 1709 1085 1797 Canonicos
1120 1737 1197 1822 per
1234 1705 1445 1792 bimestre
1479 1737 1500 1790 a
1537 1705 1681 1795 Choro

186 1831 344 1918 abesse
388 1861 512 1946 posse
556 1833 644 1917 sine
682 1831 988 1946 praeiudicio,
1027 1859 1214 1946 eumque
1253 1843 1297 1914 et
1348 1857 1487 1944 poena
1521 1845 1680 1918 statuta

189 1956 439 2073 reperiatur
477 1953 521 2038 in
559 1985 648 2056 eoS,
686 1957 761 2072 qui
783 1951 895 2042 ultra
919 1953 1194 2041 vacationum
1237 1979 1405 2040 menses
1438 1951 1569 2038 cboro
1595 1981 1681 2038 non

191 2076 420 2177 intersint,
455 2107 555 2193 pars
589 2077 696 2164 baec
719 2077 888 2166 articuli
916 2077 1290 2166 Constitutionum
1328 2073 1584 2162 sustinenda
1620 2075 1685 2160 ri-

186 2198 387 2288 deretur.

314 2323 444 2436 Quod
478 2341 624 2411 autem
660 2323 842 2412 modum
876 2321 1146 2440 supputandi
1190 2335 1366 2438 tempus
1402 2321 1680 2410 vacationum

185 2481 207 2534 a
241 2447 381 2534 clroro
416 2477 501 2532 non
538 2477 616 2562 per
649 2445 757 2548 dies,
781 2445 857 2534 sed
878 2475 955 2564 per
977 2462 1137 2566 puncta
1158 2445 1251 2532 sive
1272 2447 1409 2532 Horas
1425 2445 1674 2551 canonicas,

186 2570 294 2658 audi
320 2599 438 2688 quae
462 2567 932 2658 traditScarluntonius
956 2569 999 2656 in
1011 2583 1132 2688 pert.
1156 2569 1173 2654 l
1209 2565 1336 2656 tina
1356 2553 1424 2654 tii.
1447 2569 1506 2656 12
1522 2599 1564 2654 ιι.
1589 2569 1669 2654 111

184 2692 376 2780 -ibi-
412 2735 430 2772 ι
470 2693 679 2781 Cuuouieo
728 2725 809 2780 non
860 2694 1120 2780 inlucescente
1153 2691 1278 2779 cltore
1317 2690 1506 2778 omuibus
1530 2691 1677 2791 Horis,

187 2817 294 2903 istae
316 2815 459 2902 Horae
492 2819 535 2902 in
569 2817 651 2936 fine
683 2818 785 2902 anni
811 2835 987 2932 possunt
1018 2816 1205 2932 collipi,
1242 2831 1280 2903 et
1312 2847 1362 2901 ere
1394 2817 1454 2900 eis
1487 2817 1685 2903 constitui

186 2937 277 3026 dies
311 2955 350 3027 et
382 2973 431 3025 ec
456 2939 607 3026 'diebus
642 2957 722 3026 tres
757 2972 906 3026 menses
930 2939 1152 3028 absentiae.
1172 2939 1252 3029 Cui
1283 2939 1525 3026 sententiae
1566 2939 1687 3056 plau·

185 3061 292 3150 sisse
344 3063 519 3151 videtur
566 3065 612 3154 S.
639 3065 692 3150 V.
722 3065 776 3152 Ο.
805 3062 848 3150 in
888 3060 1461 3150 MexicuuuSeroitiiCltori
1486 3063 1681 3150 18111111·-

188 3187 239 3273 tii
278 3187 400 3274 t85t
435 3187 476 3272 in
512 3217 598 3306 qua
632 3185 858 3305 proposito
892 3183 1028 3274 dubio
1062 3187 1145 3274 sub
1180 3215 1363 3272 numero
1398 3185 1443 3272 1.
1487 3229 1503 3262 ι
1542 3186 1613 3272 Au
1647 3203 1685 3274 et

186 3308 394 3427 quomodo
428 3308 675 3396 seruandum
708 3311 764 3398 sit
797 3325 990 3428 quartum
1026 3308 1303 3405 illaudatum,
1342 3307 1480 3424 quood
1526 3325 1684 3426 tempus

186 3433 448 3520 vocationum
484 3450 522 3520 et
556 3432 720 3519 modum
753 3465 818 3520 eos
840 3431 1112 3549 computandi
1145 3433 1189 3518 iu
1233 3463 1328 3517 casu
1366 3448 1385 3509 ἰ
1426 3462 1682 3550 responsum

187 3555 304 3644 luit:
350 3597 366 3632 ι
406 3555 479 3642 Ad
512 3574 704 3674 quartum
741 3551 1007 3680 Affirmntice
1039 3553 1095 3643 ed
1128 3573 1210 3642 tres
1240 3583 1391 3640 coenses
1423 3586 1512 3640 cum
1545 3555 1685 3676 securl-

190 3695 272 3768 tate
307 3679 395 3766 diet
429 3678 699 3800 computandi
727 3711 806 3796 per
827 3679 966 3768 Horas
986 3677 1366 3768 cononicus-Cum
1394 3677 1526 3796 igitur
1548 3695 1592 3767 et
1615 3677 1686 3767 hic

187 3803 346 3892 modus
388 3833 412 3889 a
456 3803 553 3892 iure
595 3801 778 3890 minime
810 3821 929 3892 extet
964 3804 1237 3921 reprobatus,
1293 3799 1518 3889 videretur
1561 3800 1682 3920 quod

188 3926 321 4014 etiam
363 3957 442 4044 pro
477 3927 555 4014 bac
588 3943 712 4044 parte
746 3927 1116 4015 constitutionum
1163 3921 1370 4014 articulus
1404 3925 1515 4013 loret
1550 3927 1688 4013 susti-

188 4049 379 4138 nendus.

314 4177 629 4262 Verumtamen
665 4174 698 4262 si
734 4175 818 4263 ult.
858 4175 951 4262 VV.
988 4174 1032 4260 in
1069 4174 1330 4260 contrariam
1368 4171 1446 4258 bac
1478 4205 1612 4292 super
1635 4205 1682 4260 re

190 4297 350 4384 abeant
384 4299 663 4400 sententiam,
715 4314 859 4385 tameo
906 4329 990 4384 non
1029 4297 1188 4385 desunt
1222 4295 1441 4385 rationum
1485 4325 1684 4384 momen-

190 4435 251 4524 ta,
288 4451 403 4539 quae
434 4423 630 4538 benigno
660 4419 808 4508 lavore
842 4421 1121 4540 excipiendas
1167 4451 1258 4508 esse
1302 4417 1492 4535 Capituli
1526 4449 1681 4540 preces

193 4542 394 4646 suadent,
415 4563 464 4634 ut
497 4575 658 4661 nempe
692 4575 747 4631 ex
781 4549 933 4632 Vestra
968 4543 1241 4662 benignitate
1275 4541 1440 4630 eisdem
1483 4541 1682 4658 permitti

190 4666 326 4785 possit
362 4683 450 4755 tam
485 4667 665 4758 facultas
684 4667 880 4758 lucrandi
904 4665 1238 4755 distributiones
1263 4663 1540 4754 vacationum
1569 4683 1681 4752 tem-

193 4819 315 4906 pore,
338 4821 470 4908 quam
495 4791 779 4912 computandi
806 4803 964 4908 puncta
988 4823 1073 4878 non
1100 4787 1293 4907 perdius
1317 4787 1393 4878 sed
1423 4817 1504 4906 per
1526 4789 1679 4875 Horas.

194 4916 371 5002 Praeter
403 4917 518 5002 enim
555 4915 918 5004 consuetudinem
955 4945 1068 5032 quae
1101 4915 1293 5031 ipsorum
1327 4911 1475 4999 lavore
1501 4910 1672 5014 militat,

193 5050 363 5152 praetor
378 5037 834 5127 laudabileservitium
851 5067 988 5158 usque
1000 5037 1144 5126 adbuc
1169 5036 1425 5156 praestitum
1440 5033 1525 5122 sub
1541 5049 1684 5122 eamet

192 5159 558 5249 constitutionum
593 5162 891 5278 dispositione,
929 5179 1011 5248 stat
1045 5161 1210 5248 factum
1245 5159 1364 5278 quod
1409 5159 1464 5246 ab
1500 5189 1684 5277 usurpa-

195 5298 284 5371 tore
318 5283 534 5401 gubernio
568 5285 797 5374 Canonicis
833 5281 892 5371 nil
929 5282 1047 5370 aliud
1083 5282 1283 5370 relietum
1320 5281 1417 5385 luit,
1447 5311 1578 5400 quam
1617 5281 1681 5368 vi·

196 5409 328 5494 talitia
365 5409 535 5526 pensio,
578 5409 695 5497 unde
744 5437 1051 5530 quaecumque
1104 5407 1329 5493 innovatio
1375 5403 1506 5494 modo
1554 5402 1676 5495 lacile

192 5545 333 5646 posset
368 5533 479 5636 lites,
518 5549 563 5621 et
598 5533 735 5651 iurgia
770 5531 961 5620 excitare
995 5531 1110 5618 inter
1142 5561 1232 5634 eos,
1255 5531 1329 5650 qui
1355 5531 1413 5618 nil
1437 5527 1558 5619 eliud
1583 5560 1684 5618 exo·
