4446 6330
664 319 745 408 Dic
777 319 837 410 25
869 319 1067 409 Ianuarii
1101 321 1236 410 l879.
1670 325 1700 412 5

209 441 520 535 uPurrorcbia
545 439 593 530 di
626 444 672 535 S.
709 439 873 547 Nicola,
900 443 1016 532 dove
1058 443 1092 533 si
1116 443 1294 534 verifico
1336 443 1697 552 l'avvenimento,

209 607 231 648 c
256 566 336 654 cbo
358 565 395 652 si
418 564 612 656 rilerisce
634 565 705 654 nel
727 563 936 685 giudizio,
964 566 1033 655 cui
1052 567 1080 656 il
1117 567 1357 657 medesimo
1389 567 1512 656 detto
1550 569 1695 688 luogo,

155 713 159 720 ·
208 729 226 768 ι
258 687 450 777 ascendo
482 689 630 776 subito
663 691 707 778 di
742 690 861 782 detta
884 691 1041 781 Cbiesa
1065 693 1077 778 i
1102 692 1332 780 medesimi
1355 691 1410 779 ed
1449 691 1561 780 altre
1600 723 1700 808 pcr-

205 843 364 902 «sona
398 812 577 902 riunite.
611 853 627 890 ι

224 937 228 944 ’
327 934 468 1023 Nemo
491 934 633 1025 lerme
656 935 766 1025 alius
787 953 962 1054 praeter
984 936 1089 1024 istos
1101 936 1260 1024 melius
1272 965 1325 1024 ac
1343 937 1499 1026 certius
1512 939 1701 1028 edocere

205 1073 393 1174 possunt
443 1060 488 1148 id
535 1057 656 1176 quod
696 1059 920 1146 Instructio
960 1061 1168 1178 proponit
1207 1058 1476 1178 inquisitioni
1512 1061 1697 1150 testibus

208 1177 468 1284 faciendae,
494 1183 718 1270 mimirum
755 1181 783 1306 S
816 1183 963 1269 Omnes
1007 1223 1021 1260 ι
1066 1181 1247 1300 quando
1286 1183 1442 1270 initum
1487 1182 1569 1271 luit
1607 1213 1701 1272 ma*

216 1303 556 1410 «trimonium3
619 1322 766 1393 utrum
828 1305 940 1392 inter
992 1307 1195 1424 coniuges
1250 1307 1391 1394 mutui
1449 1307 1611 1395 amoris
1654 1321 1700 1395 et

211 1427 594 1516 «benevolentiae
640 1427 761 1546 signa
802 1427 1153 1532 intercesserint3
1198 1425 1412 1547 quamdiu
1454 1428 1498 1516 in
1542 1429 1700 1517 eadem

214 1549 396 1639 «domo
429 1547 497 1638 rel
531 1549 707 1640 civitate
741 1552 1106 1656 collabitaverint3
1147 1568 1292 1639 utrum
1328 1550 1584 1648 innotuerit,
1627 1579 1702 1640 eos

212 1715 230 1752 «
261 1675 627 1762 consummationi
659 1703 840 1792 operam
875 1675 1083 1779 dedisse3
1121 1705 1175 1761 an
1222 1672 1324 1761 inde
1370 1673 1700 1760 matrimonium

207 1835 230 1876 «-
257 1817 607 1884 consummatum
623 1815 889 1901 carismatum
905 1796 1700 1915 decausiscoosummauonemtmpe-

206 1955 224 2000 ι
257 1919 498 2021 clientibus,
519 1921 577 2008 de
594 1921 995 2038 conquestionibus,
1017 1919 1538 2038 quandoetcumquibus
1554 1919 1696 2023 lactis,

210 2059 303 2130 «et
336 2075 415 2130 cur
450 2043 586 2130 nolint
618 2043 805 2160 amplius
851 2043 894 2129 in
921 2044 1255 2132 matrimonium
1277 2068 1539 2162 permanere
1569 2083 1609 2129 ».
1638 2043 1702 2129 llx
1808 2149 1810 2156 y

202 2165 308 2282 ipsis
342 2166 614 2255 ellormanda
649 2182 714 2253 est
747 2169 932 2284 septima
967 2197 1123 2254 manus
1156 2197 1211 2254 cx
1257 2181 1382 2283 parto
1428 2165 1528 2252 viri.
1577 2164 1700 2254 Nilri-

203 2288 401 2376 lominus
434 2289 489 2378 ad
523 2290 700 2378 eosdem
749 2307 904 2378 neuster
955 2289 1170 2377 Defensor
1220 2290 1417 2376 animum
1460 2289 1694 2391 convertit3

205 2427 250 2498 et
283 2442 423 2529 quum
457 2413 632 2500 omissio
667 2413 913 2502 istiusmodi
948 2441 972 2500 e
1004 2413 1222 2501 diametro
1255 2427 1418 2530 pugnet
1448 2437 1546 2499 cum
1578 2439 1704 2530 prae-

207 2534 523 2650 sariptionibus
556 2553 649 2628 tum
689 2535 926 2639 canonicis,
966 2535 1211 2651 tumipsius
1243 2535 1553 2638 instructionis,
1592 2533 1704 2632 hinc

206 2657 366 2744 ¹vitium
401 2659 537 2748 etiam
571 2689 625 2748 ex
660 2657 736 2746 bac
760 2675 885 2774 parte
906 2659 1190 2748 substantiale
1215 2659 1466 2746 nullatenus
1489 2655 1702 2773 denegari

204 2798 352 2896 potest
386 2782 431 2868 in
466 2811 684 2899 processu.

333 2904 423 2996 Sed
456 2937 538 2994 nec
570 2905 685 2994 satis.
724 2905 865 2994 Valde
898 2903 1074 3022 gravius
1107 2905 1223 2994 enim
1259 2921 1322 2992 est
1358 2901 1610 2992 huiusmodi
1640 2899 1704 2987 vi

205 3027 319 3116 tium
355 3029 475 3147 quod
511 3030 698 3144 occurrit
732 3029 774 3114 in
809 3029 1009 3116 examine
1035 3027 1208 3115 testium
1233 3026 1447 3145 septimae
1470 3053 1630 3111 manus
1648 3050 1703 3111 ex

164 3199 166 3204 ,
208 3167 336 3268 parte
360 3151 570 3252 mulieris,
592 3151 918 3361 quopraviores
939 3167 1042 3239 sunt
1062 3149 1286 3254 materiae,
1306 3179 1420 3268 quae
1438 3146 1700 3238 eorumdem

210 3271 658 3393 inquisitionisubiici
716 3275 865 3362 abent.
892 3275 1086 3390 Emergit
1125 3275 1322 3362 iamvero
1340 3303 1393 3360 cx
1422 3269 1701 3388 depositione

208 3397 392 3499 lllariae,
414 3396 534 3513 quod
558 3397 635 3484 ubi
661 3398 752 3512 ipsa
776 3398 975 3512 pervenit
999 3397 1055 3486 ad
1077 3397 1294 3514 oppidum
1320 3396 1432 3482 Motu
1473 3392 1545 3481 del
1583 3391 1702 3479 Mur·

206 3516 323 3605 elcese
341 3519 722 3638 lougedissituma
754 3521 912 3638 patria,
939 3517 1150 3608 Hemicus
1173 3519 1292 3608 baad
1327 3519 1456 3636 longo
1507 3531 1707 3634 tempore

208 3637 379 3728 ibidem
432 3643 636 3732 eamdem
684 3649 899 3760 sequutus
948 3641 1061 3745 luit;
1099 3673 1187 3730 una
1250 3657 1295 3731 et
1333 3643 1471 3728 altera
1514 3637 1608 3726 rice
1657 3635 1703 3724 ia

208 3763 387 3879 publica
421 3763 491 3852 via
524 3782 804 3854 conversatus
838 3781 903 3855 est
933 3797 1035 3855 eum
1070 3764 1178 3885 ipsa3
1220 3783 1263 3852 ot
1298 3763 1529 3852 nonnullas
1567 3759 1705 3848 etiam

207 3885 417 4002 epistolas
450 3890 616 4009 accepit
646 3889 704 3976 ab
727 3917 778 3977 ea
807 3929 824 3968 ι
854 3890 882 3978 l'
903 3889 956 3978 ba
979 3887 1139 3978 veduta
1161 3890 1201 3977 la
1241 3888 1386 4005 prima
1427 3885 1539 3974 volta
1584 3881 1704 3974 nella

212 4047 230 4088 a
265 4011 378 4097 llota
412 4013 595 4102 essendo
628 4043 721 4100 essa
754 4011 1021 4131 interrogata
1047 4013 1090 4098 in
1123 4011 1386 4129 campagnia
1410 4009 1454 4099 di
1492 4008 1580 4097 due
1624 4031 1704 4094 sua

210 4133 429 4251 «Gugine
461 4165 486 4222 e
518 4134 564 4223 di
598 4133 707 4222 altre
730 4165 931 4253 persone.
955 4139 1000 4224 ln
1033 4136 1370 4254 quell'incontro
1409 4131 1526 4222 disse
1561 4128 1705 4248 (llam

212 4254 410 4377 sricns),
448 4258 527 4345 che
561 4285 647 4346 non
681 4259 714 4345 si
770 4277 929 4375 potera
978 4259 1188 4349 dubitare
1237 4257 1310 4346 del
1356 4253 1699 4344 matrimonio...

214 4415 230 4456 ι
263 4377 577 4498 b’interrogata
593 4397 785 4500 pressata
802 4383 859 4473 da
877 4383 1033 4471 Enrico
1049 4413 1129 4471 con
1149 4382 1336 4498 ripetute
1353 4380 1507 4469 lettere
1523 4375 1709 4499 qualcbe

213 4537 233 4576 e
262 4503 382 4590 volta
416 4505 596 4620 rispose.
631 4545 647 4581 ι
677 4506 800 4594 Nunc
832 4523 978 4594 autem
1014 4533 1068 4593 ex
1099 4505 1377 4594 documentis
1402 4504 1444 4590 in
1474 4495 1708 4618 pervigilio

207 4625 510 4740 praecedentis
541 4627 819 4717 discussionis
853 4629 1052 4720 deductis
1085 4627 1370 4746 dignoscitur,
1409 4623 1530 4742 quod
1562 4618 1707 4709 Maria

215 4749 415 4863 repetitis
459 4750 626 4840 vicibus
663 4783 710 4842 se
744 4751 925 4840 corrtulit
965 4753 1021 4842 ad
1061 4750 1340 4840 invisendum
1392 4746 1628 4836 Henricnm
1664 4740 1710 4828 in

215 4866 415 4986 hospitali
452 4873 737 4978 habitatione,
773 4875 851 4963 ubi
886 4875 979 4994 ipso
1011 4873 1284 4964 morabatur.
1321 4875 1389 4960 De
1432 4871 1573 4989 prima
1617 4865 1713 4986 qul-

208 4987 315 5080 dem.
331 4995 423 5084 vica
445 4996 730 5114 dignoscitur,
751 4999 870 5116 quod
888 4998 1131 5088 conversati
1147 5011 1262 5099 sunt,
1294 4993 1570 5082 adstantibus
1594 4986 1709 5076 testi-

209 5113 309 5220 bus,
349 5119 556 5208 nimirum
590 5119 859 5209 consobrinis
894 5123 1066 5226 Mariae,
1089 5119 1280 5208 Domina
1303 5112 1585 5204 habitationis
1602 5115 1710 5200 bau·
1749 5153 1752 5156 ·

211 5239 351 5328 rentia
373 5243 481 5331 Diez
508 5261 551 5330 et
587 5243 779 5332 Parocbo
803 5243 917 5331 illius
939 5241 1093 5362 oppidi
1124 5237 1334 5358 Gregorio
1357 5237 1590 5340 Peinador,
1625 5238 1711 5324 boc

211 5382 446 5455 enarrante
479 5365 634 5456 eodem
660 5366 868 5472 Parocbo.
898 5369 964 5454 De
987 5365 1084 5455 aliis
1107 5381 1255 5453 atvero
1286 5360 1452 5450 vicibus
1482 5361 1713 5482 ignoratur

213 5487 394 5577 omniuo
432 5507 576 5579 utrum
616 5492 694 5581 suli
714 5491 881 5579 luerint
912 5487 1059 5609 sponsi
1089 5489 1156 5578 rel
1181 5487 1225 5581 in
1261 5485 1697 5575 comitatu.aliorum.·
