4516 6318
666 363 750 450 Die
781 361 842 449 45
873 359 1100 450 Februarii
1131 359 1272 450 4879.
1568 389 1573 398 ’
1630 357 1721 452 407

219 500 312 594 tem
329 501 503 602 praeter
533 484 921 575 Hebdomadarium
945 501 987 574 et
1009 483 1316 572 Communistas
1347 480 1407 570 ad
1437 513 1577 570 sacras
1613 483 1723 606 sun-

217 609 379 697 ctiones
409 608 673 726 peragrandas
705 611 751 696 in
784 641 896 698 casu.

353 859 408 942 ΙΙ.
447 855 518 943 Aa
540 871 713 944 vacante
739 857 964 959 Paroraia,
1001 855 1250 942 Oeconomus
1285 851 1521 968 deputatus,
1551 885 1619 942 seu
1650 887 1726 972 po-

219 979 308 1065 tius
340 978 707 1068 Hebdomadnrius
739 979 929 1067 succedat
955 981 1000 1066 in
1033 983 1132 1066 iura
1162 993 1202 1064 et
1227 975 1581 1092 praeeminentias
1600 1009 1724 1094 proe-
1845 1037 1850 1050 ·

218 1100 416 1223 defuncti
446 1102 635 1190 Parocbi
657 1105 702 1190 in
733 1135 844 1190 casu.

415 1353 466 1438 Et
503 1367 723 1471 quatenus
756 1348 1011 1440 affirmative
1044 1348 1100 1437 ad
1133 1345 1323 1467 primam
1346 1357 1543 1462 partem,
1588 1378 1720 1468 naga·

478 1474 568 1560 tiva
601 1473 658 1562 ad
691 1475 946 1564 secundam.

353 1719 428 1804 ΙΙΙ.
465 1717 535 1804 Aa
565 1719 611 1804 in
637 1719 855 1838 funeribus
898 1737 936 1807 et
971 1715 1299 1834 processionibus
1337 1713 1585 1804 solemnibus
1620 1750 1712 1806 cum

222 1841 463 1928 interuentu
497 1841 876 1930 Communistarum
919 1843 977 1930 ad
1010 1843 1279 1929 Oeconomum
1313 1839 1407 1927 lieet
1438 1854 1557 1926 eastra
1598 1840 1719 1930 Corn·-

222 1968 431 2050 munistos
463 1965 649 2064 electum,
685 1997 751 2052 seu
771 1967 914 2082 potins
937 1965 994 2051 ad
1026 1963 1410 2051 Hebdomadarium
1433 1978 1635 2078 competat
1660 1967 1723 2054 in·

224 2085 370 2175 cedere
396 2119 486 2174 rum
519 2088 628 2176 stobe
661 2090 706 2175 in
741 2089 829 2177 ioco
858 2089 1053 2206 diqniori
1087 2090 1132 2175 in
1164 2121 1275 2174 casu.

354 2338 428 2422 lv.
466 2337 537 2424 An
573 2341 637 2424 ius
670 2353 871 2456 competat
894 2339 1103 2455 Episcopo
1137 2335 1386 2425 resederandi
1407 2333 1600 2454 quolibet
1626 2349 1724 2422 tem·

222 2489 332 2575 pore
364 2476 519 2548 statuta
550 2461 761 2549 Ecclesiae
794 2461 1170 2550 Communistarum
1207 2461 1251 2548 in
1283 2492 1394 2547 casn.

359 2711 417 2795 V.
456 2709 524 2795 An
560 2725 598 2796 et
630 2711 746 2796 cuius
783 2711 931 2832 sorore
972 2710 1091 2799 cedat
1131 2711 1333 2827 pecuniae
1369 2737 1526 2794 sssnrma
1564 2736 1667 2821 quae
1698 2737 1725 2792 a

234 2829 459 2917 Mazareni
492 2831 793 2922 Communitate
829 2835 916 2924 loco
950 2835 1204 2922 decimarum
1237 2833 1417 2921 soluitur
1449 2833 1494 2916 iu
1526 2859 1637 2914 casu.

357 3077 435 3163 Vl.
471 3077 542 3164 An
576 3077 641 3166 ius
674 3095 876 3197 competet
907 3080 1201 3168 Communistis
1234 3072 1455 3198 deferendi
1486 3071 1725 3162 Aimutium

231 3228 358 3314 super
392 3200 556 3290 Cottam
590 3205 636 3289 in
669 3235 780 3290 casn.

419 3449 470 3534 Et
501 3465 717 3567 quatenus
750 3449 970 3567 negative.

355 3693 433 3782 Vll
469 3693 538 3782 Aa
565 3699 748 3813 praeuia
780 3698 1159 3785 Communistorum
1185 3692 1390 3810 petitione
1411 3689 1468 3776 sit
1494 3686 1604 3774 locus
1629 3719 1724 3776 oon-

230 3818 406 3906 cessioni
438 3817 647 3907 dictorum
684 3821 914 3938 insipnium
949 3822 995 3908 in
1026 3853 1138 3907 castr.

355 4179 425 4266 Ad
460 4181 492 4266 Ι.
530 4178 741 4294 Negative
774 4193 816 4267 et
850 4178 1054 4296 amplius.

357 4301 428 4392 Ad
460 4305 515 4390 ΙΙ.
552 4302 824 4392 affirmative
858 4302 912 4390 ad
939 4302 1124 4418 primam
1150 4319 1339 4420 partem,
1361 4307 1562 4425 negative
1582 4307 1640 4396 ad
1662 4337 1728 4396 se-

175 4443 179 4449 '
229 4427 421 4519 caudam
455 4428 602 4546 quoad
635 4427 733 4514 iura
765 4444 808 4514 et
842 4425 1085 4513 fonctiones
1119 4429 1388 4544 parochiales
1422 4447 1613 4518 tantum.

358 4551 426 4639 Ad
459 4553 533 4639 ΙΙΙ.
570 4555 734 4638 lterum
768 4563 1052 4668 proponatur.

246 4704 250 4715 ·
357 4672 429 4762 Ad
461 4677 536 4762 lv.
573 4677 620 4764 lo
655 4673 996 4762 accidentalibus
1030 4669 1304 4782 affirmative,
1343 4677 1384 4764 in
1418 4675 1727 4766 substantiali-

230 4799 316 4887 bus
346 4799 569 4917 negative,

356 4925 425 5012 Ad
461 4923 515 5010 V.
552 4923 821 5015 Affirmative
854 4923 1004 5014 favore
1035 4956 1202 5014 massae
1233 4923 1641 5014 Communistarum
1664 4923 1725 5012 ita

233 5061 380 5134 tamen
417 5063 463 5134 ut
496 5077 550 5136 cx
584 5049 739 5137 eadem
773 5079 945 5138 summa
978 5049 1320 5167 praelavandas]
1355 5050 1411 5138 sit
1440 5048 1724 5164 supplemen-

233 5186 329 5256 tum
363 5169 513 5258 iavore
537 5173 737 5276 Parachi,
765 5189 980 5290 quatenus
1002 5174 1200 5262 hodierni
1225 5171 1425 5261 ciusdem
1459 5171 1628 5260 reditus
1652 5170 1722 5260 iu-'

229 5293 348 5384 dicio
381 5294 583 5412 Episcopi
620 5327 707 5382 non
742 5297 827 5384 sint
859 5296 1049 5412 amplius
1082 5296 1283 5412 congrui.

359 5418 429 5506 nd
462 5419 519 5506 Vl
543 5437 585 5507 et
613 5421 705 5508 vlt.
732 5420 845 5508 Nihil
865 5419 1119 5509 innovetur:
1146 5419 1257 5507 sacto
1278 5419 1419 5508 verbo
1441 5451 1540 5510 cum
1565 5419 1720 5512 ssffio.
