4460 6332
629 375 711 462 Die
743 374 804 462 20
834 372 1084 489 Septembris
1117 371 1253 460 t879.
1594 371 1686 461 475

202 499 367 590 mentia
398 497 571 588 Summi
603 495 823 585 Pontifiois
857 497 912 584 ad
946 497 1219 583 sanationem
1253 491 1521 580 matrimonii
1548 492 1591 581 in
1614 525 1683 582 ra·

203 623 317 726 dice,
354 637 453 708 utut
486 635 697 710 renuente
730 618 842 721 viro,
880 617 1132 736 implorare,
1170 616 1251 702 hoc
1284 614 1449 732 optima
1469 616 1683 706 rationes

201 741 365 832 iustitia
396 760 541 833 vestra
575 771 689 831 nunc
722 740 910 858 postulo,
949 755 994 828 ut
1026 739 1296 830 Sacramenti
1331 767 1458 826 causa
1490 737 1602 825 iusto
1636 771 1684 829 ac

200 864 395 982 legitimo
428 865 626 968 subsidio
659 862 893 952 iuramenti
927 879 970 949 et
1015 861 1228 950 examinis
1267 861 1505 976 coniugum
1550 875 1682 979 atque

200 985 437 1075 auditionis
459 987 673 1102 septimae
696 1015 851 1072 manus
884 1015 970 1072 non
1003 984 1280 1074 destituatur.

322 1107 399 1195 23.
436 1107 565 1196 Haud
597 1107 805 1226 equidem
841 1137 908 1194 res
942 1123 1007 1194 est
1030 1107 1087 1196 de
1108 1107 1260 1222 gratia,
1287 1135 1402 1222 quae
1425 1104 1478 1192 ad
1501 1103 1678 1221 dispen-

201 1231 415 1318 sationem
448 1228 741 1346 imploratur‚
791 1245 1027 1345 utcumque
1070 1227 1307 1344 optimum,
1335 1228 1369 1314 si
1394 1226 1592 1315 adhiberi
1619 1257 1689 1316 va·

201 1354 304 1453 leat,
357 1351 585 1440 consitium
620 1352 701 1440 hoo
732 1365 843 1440 esset
879 1351 936 1441 ad
976 1350 1192 1438 medelam
1238 1350 1339 1438 huic
1383 1349 1681 1455 matrimonio,

202 1489 335 1590 atque
368 1473 617 1562 remedium
642 1473 969 1563 inevitabilibus
990 1471 1196 1591 periculis
1218 1503 1240 1558 a
1265 1471 1547 1588 praelaudato
1576 1473 1687 1560 Con-

202 1595 370 1682 sultore
403 1595 563 1684 notatis
596 1595 893 1697 afferendum
930 1597 1006 1682 sed
1042 1624 1109 1682 res
1142 1608 1207 1680 est
1240 1591 1297 1681 de
1320 1595 1472 1682 ordine
1495 1590 1688 1681 iudiciali

201 1717 505 1820 restaurando,
540 1717 776 1835 quominus
809 1716 1007 1805 eiusdem
1043 1716 1318 1833 perturbatio
1341 1717 1542 1833 graviora
1571 1715 1687 1804 mala

201 1855 245 1928 et
278 1837 471 1954 pericula
505 1837 639 1956 possit
689 1838 968 1956 prodignere,
1022 1869 1099 1926 seu
1139 1837 1257 1956 quod
1293 1837 1551 1956 litigantium
1588 1837 1684 1925 iura

170 1960 560 2076 pessumdantur,
598 1987 673 2050 seu
707 1963 827 2078 quod
862 1960 1090 2050 auctoritas
1124 1960 1231 2076 legis
1264 1975 1308 2046 et
1340 1961 1479 2048 honor
1519 1959 1686 2077 legisla-

201 2082 307 2170 toris
354 2081 614 2200 despicitur.
658 2083 783 2194 Quae
817 2084 963 2171 omnia
999 2099 1046 2171 ut
1080 2083 1122 2170 in
1157 2083 1236 2169 {rac
1268 2113 1412 2186 rausa,
1449 2084 1582 2171 etiam
1629 2080 1687 2169 ad

201 2203 386 2292 aliorum
411 2206 665 2322 exemplum
688 2205 989 2304 eliminentur,
1012 2206 1172 2293 iterum
1196 2205 1377 2293 obsecro
1403 2206 1689 2321 obtestorque

200 2324 306 2427 Vos,
334 2327 436 2413 Ena·
459 2327 623 2426 Patres,
653 2342 713 2430 ut,
739 2327 1064 2444 praedictorum
1089 2325 1556 2416 Curiorumseutentiis
1573 2341 1687 2443 post·

199 2447 374 2551 habitis,
412 2465 609 2538 actorum
644 2477 892 2566 processum
928 2448 1081 2536 debite
1114 2480 1163 2536 ao
1197 2451 1279 2536 rite
1301 2450 1510 2568 compleri
1533 2449 1681 2536 decer·

201 2587 329 2658 natis.
461 2617 462 2621 ι

324 2693 471 2804 Quare
505 2711 586 2781 etc.

819 3023 1140 3114 FLAVIANUS
1166 3023 1499 3114 stttostttscttt

696 3178 815 3266 Ado.
854 3178 1057 3299 Defensor
1083 3179 1351 3268 Matrimonii
1384 3212 1434 3268 ex
1465 3175 1619 3302 officio.

818 3593 1066 3614 ——c—fl-n
