4530 6336
741 343 823 428 Dic
855 343 916 430 26
948 343 1055 430 tatii
1081 345 1226 434 4879.
1643 353 1733 439 347

247 485 393 558 actum
425 463 557 552 luerit
594 480 731 552 totum
768 496 848 582 pro
880 481 1096 554 attentato
1141 467 1396 558 babendum
1446 472 1743 593 nullitatisque
1806 539 1812 546 -
1920 447 1923 456 ³

246 591 356 680 vitio
390 587 599 674 iniectum
634 619 727 676 esse
762 590 861 676 [m.
884 619 970 676 una
1007 589 1143 678 veluti
1176 592 1282 679 echo
1305 591 1498 681 tradunt.
1526 596 1659 714 Atqui
1684 628 1739 686 ex

174 738 180 746 ‘
246 713 463 802 factorum
498 710 609 798 serie
642 725 809 799 constat
859 709 967 797 banc
1009 713 1261 801 canonicam
1309 713 1497 802 sormam
1537 719 1741 808 aCuria

248 835 424 955 penitus
459 833 809 949 praetermissam
843 830 973 920 luisse
1006 834 1049 920 in
1073 834 1246 924 edendo
1268 853 1546 927 controverso
1569 869 1748 958 suspen-

249 957 381 1047 sionis
413 955 602 1044 dccreto.
644 957 759 1071 Ergo
793 953 912 1042 idem
947 955 1158 1046 nullitatis
1192 961 1290 1046 labe
1326 959 1529 1050 intectum
1568 993 1747 1051 manere

250 1077 486 1170 concludit.
509 1081 569 1166 Eo
593 1079 661 1166 vel
688 1076 849 1192 magis,
876 1079 980 1194 quia
1013 1109 1138 1166 causa
1163 1083 1220 1168 ob
1243 1113 1379 1200 qnam
1413 1115 1595 1173 censura
1631 1084 1748 1172 infli-

250 1203 437 1323 gebatur
477 1200 523 1288 in
567 1200 658 1320 ipso
707 1197 884 1288 decreto
927 1195 1204 1290 reticita‘est
1241 1223 1389 1292 contra
1423 1205 1527 1294 iuris
1562 1207 1748 1322 disposi-

250 1325 415 1414 tionem
452 1323 495 1410 in
530 1353 623 1439 cap.
648 1325 694 1410 2.
723 1323 785 1408 De
815 1321 981 1410 Excess.
1013 1323 1205 1412 Proclat.
1241 1343 1284 1413 et
1317 1329 1421 1445 qnia
1455 1359 1599 1446 neque
1635 1329 1747 1418 inira

252 1475 450 1536 mensem
487 1435 695 1536 traditum
731 1443 871 1534 lucrat
904 1449 1130 1564 exemplar
1161 1449 1371 1566 scriptum
1397 1481 1549 1567 ,super
1585 1451 1745 1554 causiS,

252 1572 312 1659 ob
352 1599 461 1686 quas
499 1599 681 1656 censura
718 1567 836 1654 venit
869 1567 1033 1657 inllicta
1065 1587 1213 1658 contra
1248 1565 1516 1660 sanctionem
1550 1573 1672 1688 Cap...
1699 1573 1744 1660 l.

252 1695 317 1781 Dr
349 1705 449 1778 scot.
492 1722 689 1780 excomm.
728 1691 772 1776 io
805 1691 850 1776 6.

377 1817 429 1900 Et
462 1814 569 1902 baec
612 1811 796 1931 quidem
844 1812 991 1930 quoad
1040 1816 1273 1906 canonicae
1303 1816 1471 1920 formae
1508 1817 1746 1922 delectum,

253 1937 510 2026 intrinsecus
543 1951 690 2024 autem
725 1935 916 2022 examini
951 1937 1228 2030 subiicienda
1252 1937 1496 2044 decretum,
1535 1941 1653 2030 idem
1690 1941 1749 2026 oh

255 2060 391 2147 iustae
435 2089 588 2147 causac
622 2057 840 2146 delectum
889 2057 1058 2146 nullum
1102 2062 1448 2178 renuntiandum
1488 2093 1581 2151 esse
1623 2080 1749 2180 urget

252 2186 429 2271 Orator.
466 2180 596 2294 Quod
633 2196 679 2266 ut
712 2178 910 2268 conficiat
936 2181 1097 2268 ‘recolit
1140 2184 1182 2270 in
1228 2183 1321 2272 inre
1372 2184 1526 2273 iustam
1573 2213 1744 2274 causam

251 2304 438 2422 requiri,
467 2321 513 2391 nt
546 2302 737 2394 Clericus
772 2303 827 2390 ab
861 2302 1079 2392 Ordinum
1120 2305 1325 2394 exercitio
1358 2307 1567 2424 suspendi
1593 2308 1744 2424 possit,

236 2426 657 2545 tqnemadmodnm¹
685 2439 782 2543 post
833 2423 942 2542 Gap.
978 2427 1080 2514 Cam
1134 2461 1215 2514 noa
1259 2428 1310 2516 ab
1350 2429 1512 2518 homino
1547 2431 1612 2517 De
1649 2430 1748 2518 lod.

254 2548 433 2638 tradunt
471 2549 598 2670 Reiff.
636 2548 721 2634 lus.
781 2547 886 2635 Con.
917 2539 993 2634 lib.
1015 2551 1061 2638 5.
1083 2554 1151 2638 n't.
1182 2552 1256 2640 39.
1293 2583 1342 2644 n.
1370 2554 1415 2642 8.
1454 2571 1497 2640 et
1535 2554 1582 2644 S.
1619 2555 1670 2646 C.
1707 2554 1751 2640 ia

254 2671 509 2760 Derthoaea.
537 2671 715 2758 Constit.
743 2669 888 2786 Capit.
912 2673 971 2760 l2
993 2672 1107 2789 Sept.
1131 2675 1252 2763 l829
1268 2673 1312 2794 3.
1337 2675 1549 2793 Deniqne;
1573 2704 1747 2766 causam

255 2809 398 2883 autem
434 2827 521 2883 non
554 2795 598 2881 in
633 2822 912 2912 quocumque
944 2793 1055 2884 lacto
1091 2814 1186 2885 utut
1219 2796 1465 2886 clericalem
1489 2797 1748 2916 dignitatem

255 2919 516 3007 adversante
549 2914 785 3005 consistere
819 2931 955 3020 tenet,
993 2918 1069 3007 sed
1106 2921 1148 3006 in
1186 2919 1236 3008 iis
1270 2936 1456 3025 tantum,
1483 2952 1595 3038 (luae
1628 2920 1746 3008 ordi·
1836 2985 1838 2988 ·

255 3041 392 3129 nibus
424 3039 528 3158 ipsis
580 3037 835 3129 intrinsecus
885 3040 1112 3158 perpensis
1156 3041 1429 3130 inhaereant.
1466 3046 1574 3132 Cum
1626 3043 1751 3132 enim

254 3161 449 3250 llonorio
482 3164 558 3250 lll.
596 3161 785 3250 relatum
820 3160 952 3251 luisse
987 3163 1219 3252 nonnullos
1261 3163 1450 3254 Clericos
1483 3166 1628 3283 potins
1660 3196 1754 3254 sae-

256 3285 481 3374 cularibus
516 3283 715 3402 negotiis,
746 3313 880 3402 quam
916 3283 1075 3374 divinis
1109 3281 1256 3375 officiis
1288 3287 1532 3394 intendere,
1568 3289 1639 3376 hic
1671 3288 1754 3376 mi-

256 3407 379 3495 nime
412 3406 456 3494 in
492 3407 607 3525 ipsos
625 3406 1067 3496 animadvertendum
1090 3439 1182 3498 esse
1205 3408 1433 3498 mandavit
1455 3409 1750 3528 suspensionis
1799 3450 1803 3459 ¹

253 3561 415 3648 poena,
442 3530 520 3618 scd
556 3546 727 3618 tantum
760 3529 957 3618 decrevit
991 3532 1167 3621 eosdem
1202 3531 1390 3621 clericali
1415 3533 1649 3652 privilegio
1672 3532 1752 3622 de-

252 3652 389 3756 stitui,
415 3653 588 3770 quoties
622 3653 679 3742 ab
697 3652 911 3771 Episcopo
942 3667 1008 3741 tcr
1030 3655 1184 3742 moniti
1208 3685 1296 3742 non
1322 3655 1584 3773 resipuerint
1607 3686 1701 3772 cap.
1723 3658 1754 3744 6

252 3773 328 3862 tib.
349 3778 395 3866 3.
412 3777 481 3866 tit.
498 3779 515 3862 l
533 3807 651 3892 .cop.
670 3776 743 3862 t6.
761 3775 1346 3866 Deoilaethoaestatcclcric.
1366 3780 1429 3868 lta
1443 3779 1606 3896 pariter
1618 3777 1751 3866 Reni-

253 3898 386 3988 lacius
420 3901 534 3988 Vlll.
572 3899 618 3986 ia
661 3930 754 4016 cop.
807 3899 852 3985 l.
890 3897 1085 3986 cod.'tit.
1128 3901 1173 3986 ia
1206 3901 1250 3988 6.
1302 3902 1544 4006 statuitut
1586 3900 1751 3990 Clerici

254 4021 532 4125 histrionum,
558 4021 887 4140 mimorumque
921 4021 1149 4110 vilissimas
1171 4037 1287 4112 artes
1310 4041 1564 4113 exercentes
1597 4023 1635 4110 si
1667 4055 1752 4140 per

255 4175 405 4233 canum
441 4160 572 4230 artem
603 4141 725 4230 illam
758 4144 1076 4261 iqnomim'osam
1110 4148 1385 4250 exercuerint,
1407 4149 1499 4264 ipso
1533 4148 1626 4234 iare
1661 4146 1749 4234 siat

255 4266 447 4386 infames.
467 4266 514 4354 Si
531 4283 662 4355 aulem
680 4281 861 4382 tempore
873 4266 1059 4355 breviori
1081 4286 1119 4355 et
1132 4271 1255 4358 terlio
1278 4269 1525 4370 monitione
1564 4271 1755 4384 resapere·

256 4390 360 4493 rint,
382 4405 550 4477 careant
566 4389 923 4507 omniprivileqio
941 4391 1147 4480 clericali.
1168 4393 1367 4480 lanrvero
1386 4389 1577 4483 dubitari
1593 4391 1750 4509 nequit

208 4521 210 4526 ’
254 4511 595 4630 negotiationem
631 4515 764 4606 ass.
800 4515 1050 4605 Canonibus
1084 4513 1259 4604 Clericis
1290 4513 1575 4630 'prohibitam
1623 4543 1745 4616 csse,
1824 4607 1829 4616 ,

254 4652 297 4722 et
331 4633 589 4724 histrionum
641 4635 967 4758 mimorumque
1010 4652 1146 4725 artem
1199 4653 1286 4725 tam
1335 4635 1657 4724 odiosissimum
1691 4635 1750 4722 ab

254 4757 344 4874 ipsa
378 4757 472 4875 lege
499 4757 619 4846 'civili
670 4761 891 4876 reputari,
931 4777 977 4848 ut
1026 4757 1230 4850 eamdem
1280 4775 1533 4852 exercentes
1583 4755 1749 4846 nedum

251 4877 460 4976 infamiae
492 4897 593 4972 nota
626 4883 951 5001 plectebantur,
980 4882 1057 4971 scd
1090 4882 1287 5001 legitime
1320 4911 1345 4967 a
1378 4900 1502 5000 patre
1534 4881 1746 4971 exhaere·

253 5001 348 5092 dari
383 5017 583 5124 poterant
610 5007 742 5094 lloo.
780 5005 884 5092 tte.
927 5005 1036 5121 C'op.
1078 5007 1123 5094 3.
1164 5009 1369 5092 Attamen
1410 5003 1461 5092 iis
1510 5002 1751 5104 ,lactismi-

253 5125 374 5214 nime
406 5128 684 5222 obstantibus
715 5127 888 5220 Summi
923 5124 1184 5230 Pontifices,
1210 5123 1338 5216 sicuti
1362 5125 1465 5246 ¹ipsa
1497 5126 1626 5216 sacris
1659 5127 1745 5215 01·-

248 5245 445 5341 dinibus
472 5250 965 5366 intrinsecusspectatis
988 5264 1193 5343 extranea
1229 5247 1401 5366 penitus
1435 5263 1748 5367 ¹erantutpote

252 5383 347 5465 re'm
391 5373 663 5490 spiritualem
710 5373 894 5463 minime
926 5369 1171 5474 afficientia,
1195 5373 1251 5470 ab
1285 5371 1542 5492 infligendis,
1558 5371 1752 5472 censuris

256 5521 351 5586 sese
382 5494 559 5614 penitus
591 5495 861 5600 abstinuere,
880 5495 958 5588 sed
995 5495 1089 5586 aliis
1109 5497 1259 5616 poenis
1277 5497 1518 5586 multarunt
1549 5495 1745 5622 eosdem.
