4446 6330
624 333 706 420 Die
737 333 798 421 25
832 331 1029 420 Ianuarii
1062 329 1200 419 1879.
1527 257 1529 263 Ι
1593 332 1645 420 81

172 458 300 550 etiam
335 487 436 545 cum
469 473 717 546 exterorum
749 455 1022 559 interventu,
1059 455 1220 546 dicbus
1252 451 1416 544 lestinis
1449 454 1507 544 dc
1541 487 1668 574 prae-

170 597 294 700 cepto
328 579 543 669 celebrari
578 593 880 682 consueverat,
908 577 951 666 in
986 577 1179 666 tenebris
1202 575 1435 666 delitescit.

294 707 380 792 Res
405 703 553 821 itaque
573 701 751 820 pacifice
773 719 1074 818 processerunt
1099 699 1314 818 usquead
1338 728 1503 788 annum
1525 701 1663 806 l870,

172 861 258 948 quo
292 842 492 916 vertente
524 841 569 914 ct
607 825 820 944 Episcopo
868 855 1035 912 sacrum
1082 843 1124 912 ct
1173 825 1360 911 salutare
1409 821 1668 912 visitationis

171 983 279 1069 opus
302 965 542 1067 peragente
559 950 770 1068 querelae
793 949 1031 1066 praecipue
1053 978 1104 1032 ex
1129 963 1254 1063 parte
1276 947 1458 1036 Parocbi
1484 950 1530 1039 S.
1549 951 1668 1036 Mau-

17 1121 18 1186 3
170 1074 257 1162 ritii
292 1073 468 1162 delatae
500 1089 601 1160 sunt
648 1089 827 1189 propter
850 1069 1141 1160 deficientiam
1168 1069 1320 1190 populi
1354 1069 1409 1158 ad
1447 1070 1671 1187 parocbia·

169 1199 253 1285 lem
289 1193 523 1284 Ecclesiam
561 1227 644 1282 non
680 1195 924 1284 accedentis
957 1196 1016 1282 ob
1049 1193 1391 1282 celebrationem
1427 1195 1582 1282 Missae
1617 1195 1660 1282 iu

17 1323 18 1332 ‘
170 1321 285 1410 dicto
308 1319 510 1408 Oratoriu
529 1319 633 1406 bora
650 1335 818 1420 octava,
835 1316 952 1406 unde
970 1317 1062 1435 ipsc
1082 1315 1138 1404 ab
1156 1315 1447 1432 explicatione
1464 1319 1512 1406 S.
1528 1321 1668 1407 Evan-

171 1443 270 1564 gelii
305 1443 556 1530 arcebatur.
583 1441 888 1530 Necessitatem
913 1460 1058 1530 autem
1082 1437 1225 1530 dictae
1262 1439 1410 1526 Missae
1445 1439 1669 1530 inficiaba-

173 1585 257 1669 tur,
286 1597 367 1684 pro
400 1597 489 1685 qua
519 1565 781 1680 Capelianus
813 1563 996 1654 binandi
1021 1594 1119 1648 usus
1145 1561 1287 1650 luerat
1320 1555 1539 1666 lacultale,
1563 1565 1669 1682 quia

172 1692 215 1778 in
252 1689 456 1809 proxima
511 1688 710 1804 paroecia
746 1689 791 1776 S.
830 1687 1014 1776 Dionisii
1065 1681 1221 1774 eudem
1260 1703 1459 1801 tempore
1492 1717 1664 1776 sacrum

170 1845 250 1933 pro
284 1811 482 1899 ruricolis
506 1810 762 1926 praesertim
787 1809 899 1900 litari
930 1826 1141 1898 statutum
1176 1807 1255 1896 luit
1289 1839 1374 1896 una
1404 1839 1501 1897 cum
1537 1811 1665 1900 brevi

17 2045 18 2052 p
171 1934 440 2056 expositione
488 1933 533 2024 S.
572 1933 796 2050 Evangelii
827 1965 907 2053 pro
942 1929 1185 2024 erudienda
1222 1961 1399 2053 quoque
1431 1932 1504 2019 illa
1539 1952 1664 2049 parte
1798 1965 1800 1968 ·

171 2057 327 2176 gregis.
357 2059 415 2144 Ea
447 2075 629 2176 propter
649 2059 898 2173 expetebat,
926 2075 973 2144 ιιι
998 2056 1230 2172 Episcopus
1263 2084 1431 2144 sacrum
1470 2055 1513 2142 in
1546 2056 1664 2146 dicto

17 2169 18 2212 ³
170 2181 326 2271 sacello
362 2181 664 2298 peragendum
695 2181 973 2270 interdiceret
1006 2179 1115 2268 bora
1134 2195 1301 2282 octava,
1328 2179 1471 2266 etvoti
1490 2211 1670 2298 compos

17 2319 18 2324 ‘
171 2305 309 2394 lactus
343 2304 421 2392 luit
453 2304 575 2393 edito
605 2303 781 2392 decreto
814 2305 858 2392 in
893 2333 1043 2392 mense
1077 2302 1337 2390 Decembris
1372 2301 1507 2404 1870,
1545 2303 1666 2422 quod

171 2461 250 2518 sex
283 2444 380 2544 post
415 2457 584 2514 menses
616 2425 698 2515 tuit
730 2428 968 2546 (lapellanu
1003 2423 1290 2514 notificatum.

295 2553 384 2637 Hac
417 2547 913 2670 probibitioncperculsi
939 2548 1324 2638 Administratores
1342 2549 1657 2670 Hospitiorum‚

17 2751 18 2754 ι
173 2691 260 2762 tam
300 2691 484 2790 propter
517 2674 793 2791 repentinam
829 2674 1106 2772 novitatem,
1145 2703 1278 2790 quam
1323 2690 1500 2792 propter
1532 2673 1663 2763 dam·

173 2827 276 2887 num
313 2795 525 2914 Hospitiis
547 2797 786 2886 adveniens
820 2829 875 2886 cu
906 2797 1077 2886 sedium
1105 2795 1319 2886 locutione
1351 2797 1394 2884 in
1431 2797 1592 2886 annuis
1618 2799 1669 2886 li·

168 2921 295 3010 bellis
317 2921 409 3007 700
430 2919 617 3022 circiter,
655 2921 848 3040 benigne
866 2920 1120 3010 Praesutem
1139 2935 1393 3024 exorarunt,
1425 2939 1470 3006 ιιι
1497 2919 1667 3010 editum

170 3044 397 3133 decretum
431 3060 676 3132 revocaret.
712 3047 1025 3136 Verumtamen
1062 3041 1302 3162 Episcopus
1334 3043 1479 3132 renuit
1514 3044 1669 3132 Admi-

171 3167 456 3255 nistratorum
491 3197 688 3256 annuere
720 3169 926 3286 precibus
961 3167 1220 3286 permittens
1253 3165 1410 3272 solum,
1440 3183 1485 3256 ut
1507 3167 1664 3256 clausis

169 3288 307 3378 ianuis
342 3303 387 3376 ct
419 3321 499 3408 pro
546 3289 736 3410 bospitio
785 3291 970 3382 addictis
1018 3320 1190 3380 sacrum
1238 3291 1355 3380 dicta
1400 3291 1508 3380 bora
1550 3291 1665 3380 litari

168 3413 318 3532 possit,
348 3443 434 3500 urta
456 3411 677 3531 spondeus
700 3445 748 3502 se
770 3430 1040 3535 promptum,
1064 3431 1354 3532 paratumque
1376 3445 1470 3502 csse
1503 3413 1559 3502 ad
1596 3445 1668 3503 re·

17 3627 18 3638 N
168 3535 356 3624 ficieuda
389 3566 492 3624 aere
527 3538 704 3657 proprio
734 3536 893 3628 damna
928 3535 1135 3652 Hospitiis
1168 3569 1223 3626 ex
1259 3537 1329 3624 tali
1363 3536 1665 3657 prohibitione

169 3659 600 3772 obventuraQuare
633 3691 734 3750 cum
766 3693 837 3750 res
868 3660 1159 3752 amicabiliter
1190 3659 1306 3750 baud
1340 3659 1547 3778 componi
1585 3693 1661 3776 po·
1782 3707 1784 3712 ·

170 3781 316 3884 tuerit,
337 3799 467 3900 atquc
483 3814 564 3902 per
580 3783 973 3874 Administratores
1006 3814 1177 3872 recursu
1214 3783 1271 3872 ud
1286 3783 1666 3901 Metropolitanum

167 3903 510 4022 Lugdunensem
560 3907 745 4013 habito,
802 3909 871 4000 bic
918 3907 991 3998 die
1021 3907 1082 3996 20
1117 3907 1374 3997 Decembris
1407 3907 1529 3996 1871
1567 3905 1661 3996 edi·

169 4041 262 4120 tum
307 4029 368 4116 ab
408 4029 620 4148 Episcopo
656 4033 1065 4150 Gratianopolittmo
1103 4029 1380 4120 confirmavit
1414 4031 1659 4120 decretum.

170 4151 297 4240 Unde
320 4183 389 4239 res
412 4153 468 4242 ad
490 4156 817 4245 Sanctissimum
843 4157 990 4252 delata
1011 4155 1108 4260 luit,
1131 4155 1204 4278 qui
1231 4153 1433 4244 camdem
1469 4157 1525 4242 V.
1542 4155 1661 4244 s.0.

172 4273 472 4364 dirimendam
506 4277 732 4368 remittere
766 4281 948 4368 censuit.

292 4398 492 4515 Supplex
522 4401 591 4488 bic
639 4401 828 4505 libellus,
885 4404 945 4492 uti
992 4402 1085 4492 ficri
1142 4401 1269 4502 solet,
1314 4401 1386 4490 die
1437 4401 1469 4486 8
1521 4399 1661 4518 Apri-

169 4519 218 4608 lis
268 4519 396 4610 1876
432 4523 637 4614 remissus
668 4525 755 4614 tuit
795 4526 1005 4646 Episcopo
1035 4557 1118 4644 pro
1142 4525 1445 4645 informatione
1485 4539 1522 4610 ct
1561 4539 1656 4608 coto

172 4641 320 4732 audito
358 4643 544 4761 pararito
586 4648 631 4734 ιἰι
679 4649 989 4766 scriptisstui
1023 4654 1069 4741 S.
1107 4651 1159 4736 Η.
1198 4649 1250 4736 0.
1291 4677 1457 4734 morem
1507 4675 1663 4763 gerens

170 4767 252 4856 sub
273 4767 348 4857 die
380 4769 409 4854 1
440 4769 644 4860 Octobris
667 4771 788 4862 1876
812 4773 1146 4864 transmittendo
1178 4771 1326 4860 literas
1361 4769 1442 4887 ipsi
1476 4769 1599 4858 deitas
1634 4799 1660 4858 a

171 4889 216 4978 S.
254 4891 798 5008 Mauritiil'arocbolacta
837 4900 1132 5018 potiusquam
1169 4895 1235 4984 ius
1270 4893 1547 5012 attingentes,
1587 4891 1662 4980 ad·

173 5011 234 5102 dit
274 5054 289 5090 e
329 5015 533 5104 Fateor.
574 5083 583 5104 .
626 5085 641 5108 .
674 5051 746 5108 me
778 5053 863 5109 uon
899 5053 1024 5139 passe
1069 5020 1313 5110 sententiae
1345 5014 1660 5106 praedecesso-

180 5177 195 5211 ·
234 5137 294 5224 ris
328 5137 433 5243 mei,
467 5143 682 5230 sententia
712 5141 962 5236 officialatus
997 5141 1314 5261 Metropolitani
1354 5139 1660 5258 Lugdunensis

177 5299 198 5338 ι
232 5259 535 5369 confirmatae,
571 5283 702 5384 utque
735 5265 917 5356 adnexis
963 5267 1136 5387 parocbi
1181 5266 1318 5354 literis
1350 5263 1499 5352 denuo
1533 5293 1696 5349 com-1

179 5423 196 5458 ι
233 5385 443 5502 probatae
482 5389 794 5480 contradicere.
833 5393 965 5481 Certe
997 5391 1154 5478 nimius
1189 5387 1414 5478 Missaruru
1451 5415 1662 5474 numerus

178 5541 199 5580 ι
236 5507 278 5592 in
312 5507 499 5626 Capellis
531 5511 719 5624 diversis
748 5545 881 5632 gaave
915 5513 1143 5616 damnum,
1180 5541 1278 5601 cum
1314 5511 1563 5720 animarppo
1586 5509 1662 5600 de·
