4530 6336
540 360 632 452 378
1035 355 1212 446 niano
1245 353 1350 447 Iulii
1384 357 1522 447 l879.

538 475 686 574 mento
720 479 872 572 decem
906 509 1163 585 uncearum,
1199 481 1321 602 quod
1353 483 1589 600 Episcopus
1622 482 1744 600 Pape
1765 511 1844 572 sun
1890 499 2039 574 marte

539 604 741 727 pensioni
775 603 922 694 eidem
955 603 1278 724 superaddidit.

662 731 781 816 Dum
816 727 958 818 adbuc
988 729 1224 844 superbae
1263 729 1475 848 petitione
1508 744 1626 818 actus
1645 745 1788 817 essent
1808 734 2037 850 complen-

537 855 601 960 di,
628 849 794 942 instetit
817 851 1134 940 Canonicorum
1164 851 1379 942 Defensor
1412 883 1492 970 pro
1536 851 1885 968 repropositione
1930 885 2036 946 cau·

537 1007 629 1068 sae.
664 979 727 1064 Ex
749 1004 836 1092 quo
858 974 917 1062 oh
940 1003 1098 1062 novam
1121 975 1376 1092 petitionem
1398 975 1515 1064 haud
1550 973 1863 1064 remorandum
1906 977 2030 1070 vide-

538 1117 662 1191 retur
677 1096 905 1198 iudicium,
928 1095 1143 1186 instantiis
1155 1098 1331 1186 Patroni
1349 1099 1671 1190 Canonicorum
1690 1127 1884 1188 annuere
1901 1099 2024 1192 duxi.

650 1223 814 1310 Verum
826 1251 964 1338 quum
978 1219 1174 1338 lngianni
1191 1219 1397 1310 delensnr
1413 1220 1470 1310 de
1493 1220 1742 1308 imminenti
1759 1219 2031 1316 discussione

541 1346 691 1436 luisset
708 1340 974 1446 admonitus,
994 1343 1214 1460 Collegam
1234 1345 1431 1433 exoravit
1446 1375 1526 1464 pro
1544 1343 1756 1432 dilatione
1790 1360 1838 1431 ut
1870 1345 2031 1436 delon-

534 1471 702 1560 sionem
720 1485 912 1584 pararet.
928 1466 1490 1556 Renuentetlanonicorum
1508 1484 1693 1583 patrono
1707 1465 1896 1583 idipsum
1917 1501 2030 1561 nunc

536 1581 740 1711 implorat
758 1591 816 1678 ab
833 1589 1107 1678 humanitate
1126 1591 1208 1678 En.
1232 1591 1326 1678 VV.
1347 1593 1493 1710 Atque
1505 1590 1585 1678 hoc
1596 1590 1797 1678 obsecrat
1813 1592 1872 1678 ob
1884 1589 2026 1712 dupli·

538 1746 633 1806 cem
651 1713 883 1816 rationem3
906 1713 1051 1829 primo
1071 1711 1321 1831 quicquum
1336 1743 1446 1802 nova
1467 1713 1622 1830 petitio
1641 1711 1840 1800 intimam
1866 1713 2026 1807 babeat

541 1837 861 1928 connexionem
894 1865 995 1924 cum
1030 1833 1190 1924 iudicio
1214 1835 1535 1924 contributiouis
1560 1867 1744 1938 onerum,
1771 1841 2028 1952 praesertim

536 1993 590 2052 ex
624 1957 892 2048 discussione
945 1959 1081 2046 Tertii
1130 1958 1277 2061 Dubii,
1315 1957 1416 2050 binc
1450 1990 1535 2046 nna
1582 1959 1676 2046 sine
1715 1958 1798 2047 alia
1841 1959 2020 2051 definiri

540 2115 627 2172 non
663 2099 829 2199 potest3
867 2080 1074 2184 secundo,
1107 2081 1208 2202 quia
1241 2111 1379 2199 quum
1414 2081 1471 2172 ad
1513 2081 1752 2170 curandam
1802 2079 1919 2172 filiae
1955 2117 2028 2174 va-

537 2204 781 2295 letudinem
820 2205 863 2291 in
914 2203 1084 2292 balneis
1141 2205 1261 2291 Antii
1306 2207 1569 2293 commorari
1602 2219 1773 2293 coactus
1805 2204 1887 2308 sit,
1945 2239 2023 2325 pro

539 2328 816 2446 inexpectata
849 2325 1114 2415 discussione
1148 2326 1264 2415 haud
1300 2327 1434 2414 valuit
1468 2358 1514 2414 se
1550 2358 1723 2444 parare.

648 2449 864 2538 Defensor
882 2479 985 2536 vero
1000 2449 1430 2568 Capitulilllazaricn.
1445 2481 1523 2567 pro
1546 2447 1879 2539 confirmatione
1903 2471 2030 2570 urget

540 2573 672 2662 trium
708 2573 1036 2691 Rescriptorum
1069 2601 1170 2662 eum
1204 2573 1329 2660 unico
1362 2572 1663 2662 additamento
1697 2573 1844 2690 quoad
1877 2576 1913 2660 ll
1937 2577 2027 2664 Du·

539 2697 664 2785 bium
688 2695 800 2784 circa
824 2694 1118 2784 redditionem
1142 2697 1364 2783 rationum
1388 2725 1663 2784 summarum
1684 2693 2021 2810 inexigibilium.

539 2822 630 2909 llnc
664 2850 795 2937 porro
829 2817 1111 2936 praecipuum
1148 2817 1239 2908 lere
1271 2847 1365 2906 esse
1397 2819 1504 2908 dicit
1538 2817 1868 2907 contentionum
1892 2839 2025 2937 caput

536 2942 650 3032 inter
681 2941 1053 3030 Archidiaconum
1086 2957 1218 3062 atque
1251 2940 1509 3047 Canonieos,
1531 2967 1630 3030 eum
1666 2968 1842 3058 semper
1874 2942 2025 3032 Archi·

534 3066 760 3164 diaconus,
800 3079 845 3150 ut
879 3093 924 3152 sc
958 3064 1117 3155 liberet
1149 3097 1171 3153 a
1205 3064 1444 3168 solutione,
1482 3063 1630 3154 dicere
1666 3091 1842 3182 semper
1880 3083 2025 3180 posset

534 3219 622 3277 non
658 3186 871 3306 exegisse.

659 3311 831 3398 Fortius
866 3327 971 3398 vero
1010 3309 1381 3401 Archidiaconum
1427 3311 1470 3398 in
1513 3307 1764 3399 redditione
1800 3309 2024 3400 rationum

537 3461 730 3523 summas
765 3435 983 3522 inexactas
1030 3454 1376 3551 repraesentare,
1424 3461 1523 3521 cum
1559 3433 1706 3551 aliqua
1738 3431 1896 3521 saltem
1921 3465 2023 3522 can·

538 3557 683 3660 tione,
725 3587 834 3673 opus
876 3555 1040 3644 habere
1079 3557 1252 3661 subdit,
1295 3557 1400 3674 quia
1444 3587 1497 3644 ex
1542 3587 1711 3675 nupero
1754 3553 2023 3644 documento

533 3677 869 3769 Ratiocinatcris
901 3679 1089 3796 Capituli
1124 3679 1370 3768 miserrima
1404 3695 1469 3765 est
1501 3679 1822 3770 Canonicorum
1847 3679 2026 3768 actualis

535 3802 747 3892 conditio.
793 3801 1163 3920 Quandoquidem
1204 3809 1336 3922 super
1383 3833 1529 3891 annuo
1575 3800 1752 3890 redditu
1797 3801 2025 3890 efformata

536 3957 561 4013 a
605 3923 783 4012 duobus
827 3923 1033 4026 cumulis,
1071 3925 1314 4043 legatorum
1355 3925 1517 4014 scilicet
1559 3939 1603 4012 et
1641 3923 2021 4026 distributionum,

536 4047 679 4135 libero
710 4048 767 4133 ab
800 4046 1003 4134 omnibus
1035 4047 1258 4154 oneribus,
1298 4049 1341 4135 in
1377 4048 1537 4136 libellis
1573 4047 1714 4152 nt3t,
1753 4047 1896 4164 ipsum
1934 4051 2025 4135 De-

534 4167 684 4258 manio
717 4172 863 4260 Status
897 4169 1042 4258 adbuc
1083 4171 1221 4260 debet
1262 4171 1433 4260 libellas
1454 4173 1531 4274 23,
1560 4170 1775 4275 7:20.·57,
1819 4200 1900 4287 pro
1938 4200 2028 4288 qua

535 4321 710 4381 summa
744 4292 831 4380 iam
866 4293 1067 4411 incoepta
1099 4309 1200 4383 sunt
1233 4308 1325 4384 acta
1360 4293 1598 4382 iudicialia.
1636 4291 1767 4405 Quod
1802 4293 1921 4382 idem
1955 4307 2020 4381 cst

538 4446 587 4504 ac
620 4415 769 4504 dicere
802 4415 1053 4533 Capitulum
1090 4419 1346 4536 perplures
1389 4447 1526 4506 annos
1564 4415 1686 4504 omni
1729 4445 1905 4532 prorsus
1945 4445 2024 4504 suo

538 4537 715 4628 redditu
747 4538 968 4658 privatum
1004 4540 1073 4626 iri.
1513 4645 1515 4648 ι

657 4660 738 4751 Cui
772 4662 955 4765 accedit,
982 4663 1117 4780 quod,
1145 4661 1376 4752 duodecim
1402 4675 1572 4750 tantum
1595 4693 1620 4748 a
1643 4661 1870 4751 Guberuio
1895 4661 2025 4750 modo

533 4783 690 4903 agnitis
724 4784 969 4888 Canonicis,
1006 4815 1197 4903 quorum
1236 4785 1502 4874 Demanium
1548 4785 1691 4902 primo
1729 4785 1814 4872 sibi
1851 4783 2024 4874 addixit

531 4907 725 5025 reliquas
760 4906 1038 5024 praebendas
1071 4926 1113 4996 et
1147 4907 1283 4997 hodie
1316 4922 1428 4996 ratas
1455 4937 1633 5026 quoqne
1656 4907 2022 4996 distributionum

532 5030 804 5132 Choralium,
841 5029 1038 5150 quinque
1070 5031 1243 5120 circiter
1275 5059 1388 5120 asses
1422 5031 1466 5118 in
1500 5029 1690 5150 singulos
1722 5029 1818 5120 dies
1851 5031 2022 5120 eisdem

531 5153 761 5261 Canonicis
793 5154 927 5244 modo
961 5154 1117 5272 reliqui
1151 5171 1268 5256 sunt,
1313 5183 1392 5270 pro
1432 5152 1683 5241 interventu
1726 5152 1785 5243 ad
1824 5153 2022 5243 divinam

535 5275 912 5393 psalmodiam.ln
944 5275 1249 5366 Arclridiaconi
1282 5308 1386 5395 ergo
1420 5277 1604 5365 arbitrio
1638 5305 1731 5364 esse
1755 5307 1841 5364 non
1864 5277 2017 5382 debet,

532 5427 632 5486 cnm
665 5398 934 5520 quaudoque
968 5429 1056 5487 non
1078 5401 1223 5518 exigat
1246 5399 1313 5488 vel
1348 5429 1402 5488 ex
1425 5398 1671 5500 oscitantia,
1697 5399 1767 5488 vel
1790 5429 1845 5486 ex
1868 5398 2021 5490 lavore

530 5547 634 5640 erga
663 5523 835 5642 aliquos
869 5522 1106 5626 debitores,
1127 5521 1326 5641 pusillam
1347 5521 1579 5642 pecuniam
1596 5521 1717 5610 statis
1743 5523 2017 5641 temporibus
