4460 6332
557 327 649 418 [120
1023 325 1105 414 Die
1135 325 1196 412 23
1236 326 1413 440 Artprrsti
1447 327 1584 418 1879.

679 447 826 560 Quare
860 445 983 534 unica
1017 447 1127 534 ratio
1160 445 1561 538 dismembrationis
1604 449 1662 538 ad
1718 446 1879 536 solam
1925 443 2073 532 utilita-

496 661 501 670 ,
557 589 645 662 tem
682 572 981 672 reduceretur,
1018 599 1132 686 quae
1156 569 1346 686 praecisa
1368 571 1548 661 evidens
1571 589 1713 690 atque
1733 567 1958 658 absoluta
1990 595 2072 654 esse

556 696 744 784 deberet
762 693 878 780 iuxta
899 723 992 806 cop.
1021 692 1038 776 l
1069 691 1133 778 Dc
1151 692 1281 781 Retro
1303 691 1460 780 Euclea.
1482 727 1564 783 nou
1582 693 1720 783 alien.
1747 692 1800 777 in
1831 690 1864 776 6
1888 704 1935 774 et
1957 687 2066 776 Lotlr.

555 819 619 904 De
650 817 709 904 Re
742 815 875 934 denes.
914 813 944 898 l.
983 814 1001 898 l
1044 843 1138 930 cup.
1176 817 1235 903 28
1268 847 1314 900 n.
1350 817 1426 904 30.
1464 819 1567 922 Ast,
1606 816 1641 905 si
1700 843 1853 903 unam
1891 811 2072 926 excipias

553 940 595 1026 in
631 969 732 1030 casn
768 936 1021 1026 viciniorem
1057 937 1236 1026 Parochi
1272 941 1579 1056 praesentiam,
1616 937 1749 1028 nulla
1788 932 1883 1022 alia
1920 931 2071 1022 utilitas
2174 1016 2175 1023 Ν

553 1060 816 1152 Oratoribus
851 1058 1004 1147 incolis·
1035 1060 1247 1148 obvenire
1295 1076 1453 1176 potest.
1505 1063 1628 1149 Nunc
1677 1055 1920 1174 temporis
1965 1055 2070 1144 enim
2173 1079 2174 1130 1

553 1185 662 1272 nihil
696 1181 805 1299 ipsis
837 1182 880 1269 in
918 1181 1223 1298 spiritualibus
1256 1181 1394 1284 deest,
1433 1213 1649 1302 nusquam
1686 1191 1963 1299 queruntur
1993 1177 2071 1262 ali·
2173 1205 2174 1212 ¹

555 1336 690 1424 quem
725 1307 894 1422 absque
926 1307 1207 1392 sacramentis
1240 1303 1486 1415 decessisse.
1525 1307 1571 1392 ln
1606 1305 1705 1392 loco
1743 1297 1930 1389 Bessolo
1955 1297 2068 1386 adest

552 1427 742 1515 Ecclesia
778 1455 876 1513 cum
910 1423 1172 1512 beneficiato
1206 1425 1281 1542 qui
1315 1427 1488 1516 Missam
1510 1425 1709 1516 celebrat
1732 1424 1913 1512 diebus
1936 1419 2063 1524 lestis,
2174 1500 2175 1527 ,

555 1569 688 1667 atque
723 1547 921 1636 fidelium
957 1546 1257 1636 Conlessiones
1291 1548 1431 1637 audit.
1474 1551 1523 1637 ln
1559 1549 1698 1636 altero
1740 1547 1923 1634 Masero
1963 1542 2067 1657 pari·

555 1687 621 1761 ter
668 1669 958 1760 beneficiatus
1007 1667 1184 1773 residet,
1237 1667 1314 1788 qui
1373 1699 1429 1758 ex
1473 1669 1736 1760 fundatione
1798 1679 1986 1756 tenetur
2028 1679 2064 1750 et

553 1795 723 1881 Missam
760 1793 802 1879 in
837 1790 1003 1882 Sacello
1037 1793 1094 1878 D.
1122 1793 1311 1880 Eusebio
1333 1791 1480 1883 dicato
1503 1793 1662 1882 diebus
1683 1789 1818 1880 lestis
1842 1787 2064 1876 celebrare

552 1931 597 2004 et
628 1913 886 2002 catechesim
936 1913 1082 2030 pueris
1115 1915 1304 2004 tradere.
1342 1915 1428 2027 Qui
1462 1947 1593 2034 porro
1625 1909 1900 2004 beneficiati
1939 1907 2060 1996 etiam

554 2037 598 2126 in
634 2069 733 2125 casu
769 2039 963 2154 urgentis
997 2037 1263 2126 necessitatis
1298 2037 1493 2124 valerent
1526 2035 1708 2126 Paroclri
1737 2033 1903 2122 munia
1923 2029 2053 2136 obire,

556 2159 666 2280 quin
702 2189 874 2246 necesse
907 2159 959 2246 sit
995 2159 1049 2247 ad
1094 2157 1294 2248 odiosum
1342 2157 1760 2247 dismembrationis
1811 2151 2057 2243 remedium

554 2279 838 2371 deveniendi.
876 2283 1157 2400 Quapropter
1189 2311 1288 2369 enm
1324 2281 1522 2372 utilitatis
1546 2281 1654 2368 ratio
1679 2309 1839 2398 neque
1860 2273 2051 2372 evidens,

553 2433 699 2522 neque
734 2403 943 2520 praecisa,
984 2433 1127 2521 neque
1160 2403 1361 2491 absoluta
1408 2433 1502 2493 esse
1556 2401 1767 2490 videatur
1821 2402 2054 2488 Oraturum

553 2555 705 2642 preces
739 2527 782 2610 in
833 2541 972 2612 totum
1019 2525 1281 2614 reiiciendae
1314 2523 1706 2628 viderentur‚cnm
1748 2527 1883 2641 ipsae
1923 2516 2054 2605 ambi·

554 2647 707 2736 tiosam
743 2647 952 2762 pietatem
988 2647 1257 2764 praeseferre
1280 2645 1516 2736 videantur
1547 2645 1604 2735 ad
1636 2647 1737 2750 hoc,
1781 2662 1834 2734 nt
1872 2654 2048 2730 matrem

552 2769 759 2859 deserant
792 2769 1041 2856 Ecclesiam.

674 2894 817 3005 Quam
852 2893 1131 2980 ambitiosam
1164 2892 1374 3012 pietatem
1408 2925 1460 2984 eo
1484 2893 1552 2982 vel
1575 2891 1729 2982 lortius
1753 2883 2042 2978 coercendam

551 3032 772 3132 putarem,
794 3013 914 3132 quia,
937 3013 1207 3132 experientia
1241 3016 1335 3136 ipsa
1359 3033 1483 3122 teste,
1506 3011 1962 3104 dismembrationum
1981 3032 2043 3120 pe·

435 3195 439 3204 ·
553 3137 723 3226 titiones
745 3135 950 3226 continuo
975 3138 1193 3252 pullulant
1216 3169 1315 3227 rum
1340 3137 1605 3228 detrimento
1635 3169 1685 3226 uc
1707 3135 1938 3225 dedecore
1961 3157 2043 3213 ma·

550 3258 668 3349 tricis
691 3259 918 3364 Ecclesiam
945 3261 1478 3366 subindcaemulationes,
1517 3257 1685 3348 invidia
1707 3275 1755 3345 et
1780 3252 2041 3375 populorum

550 3397 754 3470 mutuum
778 3381 930 3470 odium
955 3413 1003 3470 ac
1025 3383 1199 3470 bellum·
1215 3401 1359 3472 ortum
1383 3385 1562 3488 hubent3
1590 3413 1703 3502 quae
1737 3379 1894 3468 omnia
1930 3367 2042 3458 mini·

547 3535 620 3594 me
642 3503 846 3607 luvenda,
867 3520 930 3592 ast
952 3520 1094 3592 essent
1118 3505 1302 3596 indubie
1325 3505 1581 3596 coercenda.
1604 3507 1651 3594 ln
1677 3506 1879 3592 themate
1903 3509 2036 3582 autem

550 3625 990 3716 dismembrationum
1035 3625 1077 3714 in
1129 3628 1318 3716 matricis
1366 3627 1579 3717 Ecclesiae
1626 3623 1952 3716 detrimentum
2001 3623 2037 3698 61

549 3749 738 3838 dedecus
770 3747 1018 3836 redundare
1052 3763 1173 3867 patet
1206 3781 1259 3838 ex
1303 3750 1366 3838 eis
1410 3781 1525 3872 quae
1572 3749 1792 3838 Parochus
1840 3733 2031 3854 exponit:

553 3910 572 3949 ι
612 3873 629 3956 l
662 3871 835 3987 Signori
869 3869 1125 3988 Cappellani
1159 3871 1274 3961 delle
1291 3874 1377 3962 mie
1402 3875 1585 3990 Burgate
1608 3871 1777 3959 Bessolo
1814 3897 1839 3956 e
1875 3860 2027 3948 Mattro

555 4031 573 4068 «
613 4021 719 4079 suno
755 3993 892 4078 tennti
925 3993 980 4080 ad
1015 3993 1213 4081 assistere
1247 3996 1331 4083 ulle
1364 4026 1485 4086 sacre
1518 3995 1707 4083 lunzioni
1741 3993 1824 4080 che
1872 3989 1901 4074 il
1937 3986 2028 4069 Par·

560 4154 576 4190 ι
615 4144 715 4201 roco
742 4143 827 4229 pro
862 4129 1041 4231 tempore
1074 4115 1117 4202 di
1142 4117 1407 4236 Scarmagno
1431 4117 1543 4207 deve
1566 4113 2029 4233 disinrpegnaretratto

556 4276 572 4312 ι
613 4249 742 4323 tratto
778 4235 893 4324 nelle
926 4237 1143 4327 solennitir
1178 4241 1415 4328 occurrenti
1439 4241 1482 4326 in
1506 4241 1607 4358 ogni
1633 4229 1762 4340 anno,
1798 4216 2027 4324 altrimenti

556 4397 573 4436 α
613 4358 656 4445 in
692 4357 784 4445 loro
818 4357 988 4461 diletto,
1025 4361 1216 4450 sarebbe
1250 4363 1489 4452 necessario
1524 4363 1562 4451 al
1586 4367 1773 4450 Parroco
1800 4357 1918 4446 toties
1940 4372 2026 4465 quo·

555 4519 573 4558 ι
614 4482 689 4569 ties
713 4479 958 4599 (ipsiusmet
980 4483 1249 4606 sumptibus)
1269 4487 1480 4573 ricnrrere
1504 4485 1544 4574 ai
1566 4485 1680 4604 paesi
1699 4469 2021 4571 circonvicini..·

555 4642 573 4680 ι
612 4601 823 4719 erigendo
857 4635 942 4692 una
978 4635 1121 4694 nuova
1156 4607 1407 4695 Parroccbia
1442 4611 1510 4698 nel
1557 4607 1748 4708 Bessolo,
1798 4604 1838 4690 la
1880 4593 2021 4688 Cbietfl

557 4765 573 4802 v
613 4727 756 4813 antica
789 4727 1089 4815 Parrocclriale
1122 4731 1312 4832 sarebbe
1346 4760 1424 4848 per
1456 4760 1628 4847 sempre
1663 4729 1833 4848 privata
1866 4720 1909 4809 di
1943 4710 2015 4800 talc

557 4886 573 4924 ι
612 4847 794 4935 servizio
828 4879 853 4934 c
887 4847 931 4936 di
967 4850 1052 4938 tale
1075 4851 1310 4940 comodita.
1337 4851 1561 4965 Quindi...
1588 4853 1627 4940 la
1646 4845 1896 4939 Parroechia
1915 4834 2020 4958 prin·

558 5008 572 5046 ι
612 4969 750 5086 cipale
785 4971 1066 5086 perderebbe
1097 4972 1168 5061 del
1218 5005 1295 5064 suo
1339 4977 1479 5064 antico
1526 4975 1761 5094 splendore
1806 5003 1830 5060 6
1876 4965 2018 5054 decoro

556 5130 573 5168 ε
612 5093 693 5182 che
726 5091 767 5179 le
801 5107 1001 5209 compete
1035 5125 1159 5184 come
1192 5097 1345 5187 Chiesa
1380 5097 1575 5187 matrice.
1620 5141 1634 5177 ι

674 5213 840 5304 Sedet
875 5215 1054 5305 ulterius
1088 5249 1174 5307 non
1222 5221 1394 5308 minora
1443 5238 1614 5338 urgent.
1651 5219 1896 5338 Siquidem,
1939 5197 2015 5290 dls'

548 5337 795 5424 membrata
809 5339 1026 5443 l'aroecia,
1044 5338 1257 5430 damnum
1274 5361 1316 5432 61
1333 5341 1443 5432 lorte
1462 5343 1758 5462 irreparabile,
1796 5324 2008 5456 obveniret

552 5459 735 5550 Parocbi
769 5489 987 5577 congruae
1019 5493 1132 5582 quae
1154 5463 1304 5572 hodie,
1330 5465 1590 5556 Oratoribus
1624 5465 1872 5563 latentibus,
1890 5469 2011 5541 const·
