4460 6332
630 357 712 444 Die
743 359 805 446 20
835 355 1083 475 Septembris
1118 359 1253 447 4879.
1593 369 1685 456 479

326 475 401 565 His
444 479 631 598 acceptis
666 480 804 570 literis
842 482 925 571 sub
957 481 1030 573 die
1063 484 1123 570 23
1155 482 1427 600 Septembris
1462 485 1585 574 tera
1618 521 1686 580 re·

18 591 22 710 ζ
166 595 413 715 seriptum
450 601 627 719 prodiit.
661 643 676 678 ι
706 603 1018 693 Goasliuucutur
1049 603 1100 692 ab
1122 603 1372 692 Oratoribus
1402 607 1685 720 probationes,

18 737 20 766 ¹
169 732 219 804 et
280 721 533 810 coebibeatur
577 725 702 840 eopia
764 726 1003 842 Apostolici
1049 727 1197 813 Breuis
1245 725 1335 813 ‹liei
1384 727 1445 842 24
1501 729 1692 846 Septem-

18 847 20 900 ῑ
54 901 66 918 .
171 837 285 928 bris
327 845 464 932 t875.
487 885 503 922 ι
526 846 697 958 Quibus
729 849 949 940 mandatis
981 849 1093 938 iussa
1127 847 1331 937 iacientes
1363 849 1543 940 Sodales
1566 855 1689 944 exbi-

171 962 397 1054 buerunt
434 968 592 1054 Actum
641 971 973 1087 Aggregationis
1022 969 1500 1060 Archiooniraternitati
1537 975 1682 1084 Urbis,

170 1114 277 1175 nec
319 1119 404 1176 non
441 1088 666 1180 laudatum
692 1094 991 1210 Apostolicum
1027 1096 1185 1180 Breve.
1222 1092 1442 1182 Omnibus
1466 1095 1612 1214 itaque
1635 1101 1690 1187 ri·

177 1223 231 1298 te
273 1209 505 1327 perpensis
553 1211 640 1301 sub
679 1213 753 1304 die
804 1216 865 1304 20
917 1215 1109 1304 ianuarii
1158 1215 1260 1303 anni
1295 1215 1415 1304 1877
1453 1220 1689 1338 rescripsi:

183 1369 205 1407 e
256 1332 458 1419 Ponatur
494 1333 539 1419 iu
576 1333 702 1452 solio,
739 1354 777 1424 ct
807 1338 1044 1458 notificetur
1074 1336 1421 1452 ArabicpisoupO,
1440 1341 1512 1456 qui
1529 1360 1691 1435 moueat

19 1475 20 1528 ἕ
173 1470 360 1567 partes,
396 1486 558 1542 oausam
593 1456 906 1572 disceptandam
938 1492 1020 1548 esse
1052 1461 1097 1546 ia
1117 1459 1312 1575 plenario
1334 1460 1427 1546 ΕΕ.
1456 1461 1550 1548 ΡΡ.
1578 1465 1687 1552 Goa-

20 1605 26 1658 =
182 1605 327 1682 sessu,
364 1579 499 1693 cisque
528 1579 740 1698 praefigat
770 1613 994 1696 congruum
1039 1583 1257 1668 terminum
1307 1581 1364 1668 acl
1406 1581 1690 1674 deducendam

21 1751 25 1769 ι
183 1697 303 1784 iura
318 1732 392 1786 sua
409 1699 601 1788 coramS.
618 1703 963 1820 Gouprepatiouc,
985 1735 1032 1790 ao
1050 1703 1100 1790 tle
1121 1701 1417 1791 resultantibus
1432 1706 1640 1795 certioret.
1666 1727 1682 1786 ἰ

326 1821 545 1910 Omnibus
579 1822 635 1911 de
670 1855 790 1913 more
824 1825 1005 1940 expietis
1037 1825 1082 1914 in
1106 1824 1319 1916 hodierno
1342 1843 1562 1916 conventu
1584 1861 1684 1918 cau·

25 1996 29 2019 .
187 1971 296 2029 sam
331 1942 658 2061 disceptandam
690 1949 894 2064 proposui
929 1950 1013 2036 sub
1046 1947 1193 2038 dubiis
1226 1948 1269 2036 in
1304 1947 1420 2036 calce
1456 1951 1680 2068 exeriptis,

190 2062 305 2152 hinc
337 2096 496 2184 operae
551 2068 744 2184 pretinm
790 2069 895 2158 duxi
944 2071 1150 2159 nonnulla
1184 2103 1238 2160 ex
1287 2068 1424 2159 officio
1471 2070 1686 2161 adnotare

191 2215 319 2302 quae
350 2220 431 2306 pro
466 2205 650 2309 utraque
683 2209 806 2310 parte
838 2191 1057 2298 militant,
1096 2209 1142 2282 ut
1174 2193 1371 2312 quaestio
1404 2192 1574 2282 facilius
1605 2196 1687 2284 de·

191 2305 323 2396 finiri
358 2311 508 2426 possit.

331 2433 381 2518 Et
415 2435 457 2520 in
491 2437 644 2551 primis
677 2435 900 2528 Sodalium
935 2435 1084 2524 lavore
1118 2437 1224 2525 baec
1264 2437 1582 2554 perpendenda
1629 2439 1694 2527 vi-

195 2550 380 2642 dentur.
418 2558 702 2676 Compertum
729 2557 771 2644 in
794 2557 905 2648 lauto
939 2559 1156 2674 estquod
1190 2590 1214 2646 a
1247 2589 1454 2674 suprema
1506 2560 1691 2674 auctori·

198 2687 295 2762 tate
327 2673 543 2768 Ecclesiae
575 2713 656 2799 per
679 2685 818 2769 Breve
839 2678 1142 2770 Confratribns
1175 2679 1256 2768 loci
1289 2685 1430 2771 Tucca
1465 2681 1691 2770 indultum

197 2794 287 2883 tuit
320 2799 376 2886 ad
409 2799 673 2892 decennium
708 2803 992 2920 privilegium
1025 2801 1278 2891 asservandi
1313 2803 1357 2890 in
1383 2804 1561 2922 proprio
1583 2806 1694 2893 Ora·

101 2925 107 2936 '
198 2918 315 3007 torio
349 2924 715 3037 Angustissimum
749 2929 1077 3015 Sacramentum
1110 2942 1154 3012 et
1188 2923 1307 3042 qnod
1331 2927 1567 3044 Episcopus
1589 2957 1691 3015 eon·

198 3040 383 3131 stitutus
416 3046 556 3134 iuerat
579 3049 712 3166 ipsius
735 3049 886 3136 Brevis
903 3063 1162 3164 exequutor.
1184 3045 1319 3164 Atqui
1354 3078 1441 3135 non
1472 3049 1616 3135 minus
1647 3048 1692 3136 in

196 3159 300 3249 inre
333 3183 499 3255 eertum
534 3171 748 3289 estquod
784 3200 904 3258 mero
926 3170 1184 3288 exequutori
1209 3169 1691 3262 committituunudum

199 3313 281 3371 sea
316 3315 484 3378 merum
519 3293 826 3410 exequutionis
859 3289 1044 3380 officium
1081 3293 1246 3410 absque
1279 3292 1484 3380 exercitio
1518 3290 1691 3381 iurisdi-

200 3407 359 3498 ctionis
390 3413 588 3501 Ferraris
619 3415 825 3504 Bibliotb.
850 3427 955 3502 'earu
992 3447 1064 3502 itu.
1101 3415 1213 3502 uerb.
1250 3415 1491 3531 Exequutor
1525 3417 1685 3504 aaut

203 3531 294 3618 Hac
342 3563 447 3650 orgo
496 3551 635 3626 stante
682 3538 941 3629 definitione
985 3538 1074 3625 iam
1107 3565 1483 3654 supervacaneum
1519 3537 1694 3625 videre·

204 3653 365 3743 tarde
398 3657 441 3745 vi
474 3689 688 3776 quaerere
720 3660 941 3752 clausulae
967 3688 1053 3775 pro
1088 3676 1155 3747 tuo
1188 3657 1371 3746 arbitrio
1405 3657 1599 3746 correedas
1650 3660 1693 3746 in

205 3777 457 3893 Apostolieo
489 3784 619 3871 brevi
653 3787 852 3902 apposita
886 3813 1000 3900 quae
1035 3783 1094 3869 nil
1128 3781 1248 3869 aliud
1291 3797 1355 3869 est
1402 3811 1535 3898 quam
1584 3811 1687 3874 eon·.

203 3901 469 3991 ventionalis
501 3905 688 3994 formula
722 3909 780 3996 ob
813 3904 1107 3994 reverentiam
1141 3904 1186 3992 in
1218 3919 1552 4020 exequutorem,
1606 3935 1692 3991 non

207 4021 501 4112 substantialis
535 4061 583 4116 ac
618 4029 846 4118 intrinseca
879 4027 1069 4117 conditio
1094 4027 1153 4115 ita
1177 4041 1223 4134 nt
1246 4026 1288 4111 in
1315 4026 1401 4112 vim
1422 4025 1536 4112 iliius
1561 4027 1696 4144 possit

208 4142 399 4233 Antistes
432 4179 630 4240 recusare
685 4152 880 4268 rescripti
915 4149 983 4236 vel
1017 4149 1168 4236 Brevis
1203 4147 1562 4265 exequutionem.
1612 4149 1696 4236 No-

209 4277 300 4348 tum
337 4295 528 4386 namque
560 4289 624 4360 est
657 4276 775 4392 quod
811 4273 880 4362 iila
914 4271 1106 4360 clausula
1142 4271 1317 4388 ponitur
1350 4270 1417 4357 vei
1465 4299 1519 4358 ne
1558 4271 1693 4358 inscio

208 4383 464 4493 Ordinario‚
502 4397 640 4510 gratia
672 4395 878 4484 sortiatur
909 4393 1225 4496 abactumve!
1261 4421 1317 4479 ne
1352 4390 1484 4479 modo
1531 4419 1692 4510 parum

208 4506 382 4599 decenti
417 4518 653 4634 exequutio
678 4519 757 4634 ipsi
782 4518 1050 4634 iniungatnr,
1078 4515 1213 4604 veluti
1238 4511 1475 4630 perpendit
1498 4515 1544 4602 S.
1571 4515 1620 4602 C.
1649 4513 1695 4601 in
1736 4547 1739 4552 ¹

209 4630 396 4721 Roraoua
444 4670 512 4724 scu
559 4637 803 4728 Aaoeimaua
834 4639 1131 4730 Sudsicliorum
1179 4634 1396 4724 Dotaliaur
1446 4636 1476 4720 6
1523 4635 1691 4722 Decem·

212 4751 299 4840 bris
334 4758 455 4848 4845
488 4760 533 4882 3.
575 4763 682 4873 Qua.
902 4811 907 4822 ,
1598 4813 1601 4818 ι

334 4883 477 4970 Posito
533 4884 664 5002 igitur
710 4884 929 4974 Pontificii
984 4883 1136 4972 Brevis
1185 4879 1481 4999 exequutione
1532 4877 1695 4968 nedum

209 4997 457 5094 Conlratres
489 5007 555 5096 ins
588 5008 670 5096 sibi
707 5007 980 5097 contendunt
1014 5005 1229 5094 retinendi
1263 5004 1307 5091 in
1344 5004 1522 5122 propria
1555 5001 1696 5088 Eccle-

209 5119 272 5209 sia
304 5126 673 5244 Angustissimum
706 5133 1055 5233 Sacramentum
1095 5125 1417 5240 verumetiam
1453 5126 1518 5212 ins
1554 5153 1696 5216 sacras

211 5252 451 5366 peragendi
487 5253 731 5342 lunationes
773 5252 830 5340 ad
878 5253 1151 5342 Statutorum
1203 5248 1413 5350 tramites,
1467 5247 1602 5364 idque
1652 5244 1694 5332 in

208 5365 299 5454 vim
350 5374 683 5494 Aggregationis
731 5372 1209 5463 Arabiouniraternitati
1261 5368 1407 5457 Urbis.
1454 5373 1694 5484 Memorato

211 5490 328 5581 enim
363 5499 682 5618 aggregationis
716 5497 956 5616 diplomate
990 5497 1047 5586 de
1080 5525 1197 5584 annu
1230 5493 1351 5582 4653
1400 5492 1614 5582 sancitum
1636 5490 1698 5589 le:-
