4350 6326
723 372 1154 468 CONGLUSlONUlll
1591 377 1682 466 583

111 567 113 570 ·
189 540 348 632 idonea
367 531 502 620 verba
526 531 595 618 vel
619 530 741 648 sigua
769 530 905 619 maui-
1060 529 1217 619 Limita
1251 530 1293 620 in
1328 531 1595 622 cadaverum
1621 565 1681 622 aa·

193 665 488 773 lestataepap.
511 652 655 776 1633.
671 653 900 742 Sententia.
965 651 1204 742 sociatione
1230 653 1273 742 iu
1297 685 1387 774 qua
1409 654 1573 746 delatio
1595 671 1682 745 sto·

281 781 327 873 Si
352 778 555 894 impubes
579 775 622 864 in
651 777 906 866 contraben·
965 775 1034 863 lae
1068 791 1131 863 est
1163 776 1338 894 signum
1362 777 1680 868 iurisdictione-

189 910 247 999 do
283 917 435 993 utatur
467 898 613 988 verbis
645 898 904 1018 pertinenti·
965 895 1007 986 le
1035 929 1139 1014 pap.
1177 901 1266 988 103
1300 900 1345 1022 3.
1381 901 1500 990 Post.

191 1033 276 1122 bus
301 1026 357 1120 ad
380 1021 709 1112 matrimonium
733 1037 905 1111 coutra-

190 1149 406 1250 bendum,
443 1144 658 1235 contrabit
686 1144 904 1262 sponsalia
1132 1145 1511 1238 sucstttttrtts

186 1307 293 1394 pap.
331 1267 481 1390 1633.
518 1269 839 1356 Auctoritatem.

287 1395 405 1484 Licet
437 1406 610 1480 servata
658 1389 788 1478 luerit
821 1387 906 1478 lor·
1059 1388 1127 1475 De
1160 1389 1255 1479 iure
1302 1391 1496 1480 succedit
1531 1393 1573 1480 in
1608 1393 1680 1481 lo-

193 1551 265 1608 ma
295 1549 319 1607 a
340 1513 603 1605 Tridentino
637 1513 905 1631 praescripta
966 1541 1064 1598 cum
1102 1509 1215 1599 illius
1237 1514 1309 1602 cui
1331 1515 1595 1631 subrogatus
1613 1534 1679 1604 est

187 1673 296 1759 pop.
333 1639 422 1726 165
456 1634 501 1756 3.
542 1633 777 1752 Quidquid.
967 1632 1012 1720 iu
1051 1635 1293 1724 commodis
1338 1653 1469 1753 atqua
1511 1638 1678 1730 incom-

71 1869 74 1874 ,
295 1767 358 1850 Ex
403 1759 676 1878 sponsalibus
726 1759 905 1848 occultis
967 1757 1126 1860 modis,
1154 1757 1377 1846 eteodcm
1403 1760 1497 1846 iure
1520 1792 1569 1850 ac
1589 1765 1682 1877 pri-

192 1917 279 1975 666
335 1885 474 1972 oritur
533 1881 904 1998 impedimentum
969 1877 1682 2002 1116ςί66111611169.1033116·

190 2009 396 2130 publicae
413 2007 653 2096 honestatis
671 2035 776 2119 pap.
815 2006 905 2094 180
964 2001 1172 2114 scandens.
1286 2113 1288 2121 y

192 2131 237 2254 3.
281 2128 419 2241 Quod,
445 2143 483 2216 ct
509 2159 613 2245 pap.
637 2127 726 2214 l82
744 2125 789 2247 3.
815 2125 906 2214 Ad·

191 2253 437 2372 stipulatur.
799 2282 802 2291 ·
1164 2250 1481 2340 SUCCESSOR

299 2373 527 2494 Sponsaliu
589 2402 676 2462 nou
731 2373 903 2460 irritant

193 2497 525 2586 matrimonium
542 2492 905 2615 pap.3288.Vu·
1059 2495 1331 2614 Negligeutia
1369 2496 1674 2612 praedecesso·
1784 2526 1785 2536 ¹

195 2619 430 2708 liditutem.
967 2650 1065 2708 rum
1100 2619 1251 2735 nequit
1283 2649 1522 2738 gravamen
1547 2618 1680 2708 inler-

286 2742 399 2831 Vide
466 2741 797 2828 Matrimonium.
967 2774 1013 2830 re
1036 2741 1356 2830 successoribus
1378 2743 1558 2859 proprio
1583 2743 1678 2830 iure

966 2863 1244 2952 venientibus
1264 2895 1366 2980 pap.
1406 2865 1494 2952 153
1519 2866 1564 2987 3.
1592 2865 1639 2952 V
1635 2897 1675 2952 c·

397 2983 700 3073 STATUTUM
965 3019 1074 3091 rrum,
1096 3017 1200 3102 pap.
1227 2988 1319 3075 269
1341 2987 1385 3108 3.
1411 2987 1624 3075 Tandem.

1035 3112 1261 3200 Successor
1284 3109 1327 3196 iu
1346 3109 1565 3198 beneficio
1583 3139 1672 3196 666

286 3235 381 3324 Non
410 3229 650 3320 sustinetur
671 3247 899 3333 statutum,
964 3247 1263 3349 repraesentat
1297 3261 1527 3347 personum
1553 3263 1677 3348 prae·
1729 3264 1734 3282 ¹

190 3357 316 3446 cuius
349 3353 390 3438 vi
434 3351 645 3442 haeredes
678 3353 902 3443 defuncto·
966 3353 1203 3444 decessoris
1235 3354 1446 3458 deluucti,
1484 3355 1559 3442 sed
1596 3355 1680 3442 ba-

192 3474 907 3592 rumadstringunturadconvo-
965 3477 1042 3566 bet
1076 3477 1142 3564 ius
1187 3507 1351 3564 novum
1397 3479 1440 3564 in
1490 3507 1677 3592 persona

191 3601 355 3690 candos
387 3599 442 3686 ad
482 3598 690 3688 funebres
725 3630 906 3716 proces-
966 3601 1145 3717 propria
1168 3632 1191 3689 a
1215 3602 1334 3716 Papa
1355 3615 1546 3688 creatum
1569 3630 1673 3716 pap.

190 3726 337 3813 sioues
360 3721 548 3810 Clericus
571 3752 678 3837 quos
713 3722 793 3840 ipsi
817 3753 903 3809 uon
967 3723 1057 3810 267
1091 3722 1138 3844 3.
1179 3724 1226 3814 V
1223 3737 1489 3812 crumtumcu.

193 3844 413 3963 elegerint
448 3873 552 3958 pap.
579 3845 670 3932 522
688 3842 733 3965 3.
764 3843 902 3954 Quod.

288 3971 559 4058 Statutorum
585 3968 797 4084 longaeva
831 3967 907 4054 ob·
1175 3967 1471 4060 SUSPENSlO

190 4089 415 4178 servantia
468 4117 750 4206 praesumere
804 4087 907 4178 lacit

194 4211 489 4330 Apostolicam
524 4211 904 4300 confirmationem
1062 4213 1239 4303 Nonnisi
1274 4243 1405 4334 quam
1432 4243 1512 4330 pro
1546 4242 1682 4300 enor—

185 4365 295 4452 pcq.
332 4335 423 4423 527
456 4331 501 4454 3.
538 4333 621 4421 Ex.
970 4337 1031 4424 mi
1064 4335 1246 4425 crimine
1278 4335 1459 4425 ferenda
1492 4349 1556 4422 661
1571 4365 1696 4451 669.Δ

970 4461 1060 4548 317
1131 4458 1249 4548 .Et.

445 4579 627 4669 STOLA
1062 4459 1202 4672 61666
1219 4579 1514 4697 suspensionis
1532 4609 1618 4668 uon
1636 4577 1680 4666 iu
1761 4619 1765 4624 ·

969 4733 1254 4822 quocumque
1287 4703 1401 4792 lacto
1435 4717 1483 4790 ut
1518 4716 1563 4790 61
1597 4702 1704 4790 cla··

288 4823 461 4914 Dalatio
485 4824 619 4912 stolae
643 4839 708 4914 est
733 4841 904 4914 tantum
970 4826 1146 4914 riualem
1170 4825 1431 4945 dignitatem
1449 4823 1704 4914 adversar·

196 4947 370 5066 signum
404 4947 704 5051 Sacerdotale,
742 4961 907 5036 utnon
974 4964 1015 5037 16
1049 4947 1284 5038 consistere
1317 4947 1453 5036 debet
1486 4945 1595 5037 ibid.

194 5069 273 5158 dut
295 5069 639 5158 iurisdictionem
661 5085 704 5158 et
730 5099 906 5184 praero-
1063 5073 1149 5161 Sed
1183 5070 1228 5158 in
1261 5071 1312 5158 iis
1347 5086 1532 5176 tautum,
1570 5099 1683 5192 quae

194 5193 519 5310 gativampnp.
557 5189 906 5312 9831161616-
971 5191 1214 5285 Ordinibus
1264 5193 1367 5312 ipsis
1421 5193 1681 5282 intrinsecus

198 5331 346 5404 tamen.
972 5317 1199 5435 perpensis
1232 5315 1459 5404 inhaerent
1492 5315 1600 5406 itit.
