4460 6332
675 389 759 476 llis
790 389 851 478 23
884 389 1068 504 Auqusti
1101 387 1239 478 1878.
1606 394 1698 483 409

212 555 232 596 ι
271 531 317 604 te
350 513 408 606 ed
441 511 612 602 intanto
646 542 735 600 non
770 511 893 601 voler
924 512 1003 601 che
1037 512 1174 600 coetui
1228 511 1410 631 godesse
1452 510 1525 600 dei
1557 517 1699 634 privi-
1801 627 1805 633 .

218 680 235 719 ι
275 637 377 756 legii
409 637 490 726 che
522 635 635 754 gode
668 665 727 722 un
761 635 981 725 Canonico
1013 635 1214 736 Parrooo,
1234 649 1401 752 quanto
1425 633 1616 725 all'esser
1637 652 1701 729 ts·

219 799 238 840 .
281 777 386 848 nuto
420 771 623 878 presente
656 757 698 845 al
727 759 844 847 Coro
873 756 1065 847 secondo
1084 757 1113 843 il
1133 756 1286 847 diritto
1318 786 1523 846 comune.
1550 801 1566 836 .

340 882 466 971 Hisce
498 880 709 968 absolutis
742 897 875 1000 atque
907 879 1117 968 mandato
1152 893 1199 966 nt
1230 910 1357 968 causa
1389 879 1446 967 de
1478 911 1602 970 more
1627 914 1705 1000 po-

219 1023 403 1094 neretur
437 1004 478 1090 in
514 1001 634 1105 lolio,
672 1017 918 1120 statutaque
972 1003 1195 1119 praesenti
1224 1000 1313 1105 die,
1351 1003 1558 1092 omnibus
1599 1005 1703 1093 actis

218 1125 461 1244 completis,
500 1155 581 1240 pro
614 1121 812 1212 eiusdem
849 1123 1113 1216 discussione
1149 1124 1234 1212 mei
1267 1126 1466 1214 muneris
1497 1127 1608 1214 ratio
1631 1159 1706 1244 po·

224 1251 355 1338 stulat
380 1262 683 1364 utantequam
717 1249 775 1337 ad
807 1245 946 1336 dubia
980 1247 1250 1338 enucleanda
1272 1243 1555 1350 descendam,
1582 1279 1702 1337 sum·

222 1372 377 1460 metim
412 1369 598 1460 coleram
632 1401 743 1488 quae
776 1403 800 1458 a
831 1369 1205 1460 contendentibus
1249 1369 1562 1486 prolatarluere
1586 1402 1695 1458 non-

220 1493 352 1582 nullis
386 1492 611 1582 interdum
646 1523 698 1578 ex
733 1491 873 1582 officio
906 1492 1142 1606 adnotatis.

343 1614 740 1703 Distributionibus
757 1617 815 1705 ab
836 1617 1018 1704 absente
1042 1613 1261 1703 lucrandis
1279 1615 1450 1703 obicem
1473 1645 1629 1731 parare
1643 1615 1707 1702 vi·

220 1739 350 1828 detur
384 1767 491 1854 prae
523 1737 676 1856 primis
709 1752 831 1854 caput
863 1735 1455 1826 natantianatantia.
1485 1739 1529 1822 in
1552 1739 1598 1824 6.
1641 1739 1709 1827 Si-

225 1860 407 1980 quidem
433 1860 477 1946 in
493 1860 872 1948 bocceleberrimo
896 1860 1107 1949 Bonitaeii
1126 1860 1413 1950 Vllldecreto
1431 1859 1536 1947 haec
1555 1861 1709 1976 legun-

224 1997 322 2071 tur:
348 2026 379 2056 =
408 1981 636 2069 Statuintus
683 2003 728 2068 ut
777 1983 1092 2072 distributiones
1137 1985 1252 2098 ipsae
1304 1981 1604 2100 quotidianae,
1666 1984 1709 2068 in

3 2102 26 2160 “l
168 2147 169 2150 ¹
218 2103 536 2223 quibuscumque
566 2104 685 2191 rebus
708 2108 948 2204 consistant,
985 2107 1207 2195 Canonicis
1240 2105 1406 2192 acaliis
1439 2105 1707 2224 Beneficiatis

220 2244 257 2314 et
293 2225 473 2314 Clericis
494 2226 780 2314 Ecclesiarum
802 2229 1007 2342 ipsarum,
1029 2231 1101 2344 qui
1123 2227 1278 2316 eisdem
1311 2223 1462 2350 officiis
1484 2225 1706 2346 adfuerint

226 2349 493 2438 tribuuntur.
516 2417 526 2436 .
547 2417 556 2436 .
576 2349 706 2462 Quod
723 2350 935 2439 Bonilacii
970 2353 1063 2440 Vlll
1099 2352 1326 2441 decretum
1361 2351 1405 2438 in
1430 2379 1554 2436 usum
1590 2380 1715 2436 revo-

224 2490 372 2561 catum
406 2503 428 2557 a
465 2472 658 2562 Concilio
681 2472 945 2562 Tridentino
964 2473 1006 2559 in
1024 2474 1249 2562 notissimo
1271 2473 1422 2588 Capite
1447 2471 1506 2560 12
1523 2503 1621 2559 sess.
1649 2471 1710 2558 24

225 2593 280 2682 de
313 2594 500 2714 Reform.
524 2625 610 2683 non
648 2595 921 2684 obstantibus
952 2597 1307 2714 quibuscumque
1328 2595 1515 2696 statutis,
1542 2610 1586 2684 et
1607 2625 1713 2682 con»

220 2717 536 2806 suetudinibus
566 2715 801 2804 indubiam
835 2736 967 2836 atque
1002 2719 1357 2808 indeclinabilem
1395 2719 1535 2832 legem
1562 2716 1712 2803 firma-

218 2839 285 2928 vit
320 2839 363 2926 in
397 2839 789 2928 distributionibus
823 2840 1120 2960 percipiendis
1174 2881 1190 2918 ι
1232 2839 1561 2928 Distributioues
1593 2871 1709 2936 uero,

219 2962 282 3050 ita
315 2961 567 3052 Tridentini
603 2965 768 3065 Patres,
796 2965 869 3080 qui
901 2967 1068 3051 statutis
1103 2962 1220 3050 boris
1253 2963 1563 3083 interfuerint,
1606 2963 1714 3048 reci-

213 3085 361 3202 piant,
398 3085 557 3202 reliqui
587 3086 736 3200 quavis
769 3084 1011 3185 collusione,
1036 3103 1108 3173 aut
1140 3086 1381 3173 remissione
1413 3085 1601 3182 exclusa,
1645 3083 1713 3171 lus

219 3223 391 3294 careant
431 3249 470 3294 ι.
497 3210 548 3294 ta
581 3206 676 3293 iure
708 3208 892 3323 optimo.
921 3209 1262 3297 Distributiones
1286 3207 1404 3296 enim
1429 3207 1609 3299 Clericis
1632 3205 1710 3294 de-

218 3330 388 3417 bentur
419 3330 588 3416 ratione
620 3330 787 3416 servitii
822 3331 1076 3448 personalis,
1106 3361 1200 3417 non
1233 3347 1384 3419 autem
1419 3345 1622 3446 respectu
1658 3327 1718 3416 ti».

220 3451 319 3555 tuli,
345 3481 423 3541 nec
445 3451 609 3540 dantur
632 3464 856 3570 tamquam
880 3453 1100 3542 Canonico
1122 3451 1200 3540 sed
1222 3469 1446 3570 tamquam
1469 3451 1717 3540 inservien-

222 3574 258 3660 ti
293 3573 470 3663 divinis.

345 3695 476 3810 Quod
492 3699 525 3784 si
549 3696 656 3785 baec
675 3697 723 3786 S.
740 3699 790 3786 C.
810 3695 1088 3818 quotidianas
1110 3695 1441 3784 distributiones
1454 3697 1504 3785 iis
1517 3697 1715 3818 aliquan—

217 3817 280 3908 do
313 3821 525 3924 attribuit,
572 3819 652 3938 qui
687 3851 711 3907 a
744 3821 873 3908 choro
907 3819 1112 3908 abessent
1145 3836 1325 3935 propter
1347 3817 1600 3908 animarum
1641 3850 1716 3908 cu·

220 3972 298 4029 ree
331 3941 604 4046 exercitium,
643 3941 1014 4062 perpendendum
1049 3942 1202 4030 sedulo
1235 3957 1299 4028 est
1322 3941 1378 4030 de
1406 3943 1491 4060 illis
1535 3956 1709 4030 tantum

221 4064 361 4184 loqui,
387 4093 575 4182 quorum
610 4067 882 4154 canonicatui
916 4095 1044 4152 corae
1078 4065 1323 4158 animarum
1358 4095 1469 4152 onus
1491 4081 1602 4152 esset
1634 4061 1708 4151 ad·

225 4213 390 4273 reorum
408 4189 467 4273 uti
485 4187 647 4278 docent
662 4187 849 4276 Burbosa
866 4187 918 4274 dc
938 4187 1044 4274 Gan.
1070 4202 1107 4274 ot
1127 4187 1292 4304 Diqnit.
1314 4217 1408 4303 cap.
1429 4187 1506 4276 24.
1533 4219 1576 4272 n.
1601 4186 1651 4273 ll
1668 4251 1701 4289 .,

228 4305 394 4396 Moneta
416 4307 467 4396 de
487 4310 669 4398 Distrib.
696 4326 809 4427 quot.
828 4325 945 4425 part.
966 4311 1012 4398 2.
1034 4327 1189 4426 quaest.
1212 4309 1261 4395 11
1278 4375 1287 4396 .
1307 4342 1351 4396 n.
1374 4309 1450 4412 69,
1476 4309 1707 4426 tenuitqut'l

225 4433 272 4524 S.
294 4433 580 4550 Congregetio
604 4433 647 4518 in
674 4433 828 4519 Montis
846 4429 1013 4550 Repoiis
1029 4431 1386 4520 Distributionum
1408 4433 1438 4518 6
1456 4433 1555 4518 Dec.
1579 4433 1705 4522 1732

224 4552 435 4644 Permina
466 4555 527 4642 25
560 4553 677 4642 lunii
716 4557 846 4644 1765.
884 4559 931 4644 ln
966 4557 1158 4645 themate
1191 4571 1339 4643 autem
1388 4553 1436 4642 id
1482 4554 1566 4642 dici
1617 4583 1702 4642 non

229 4706 357 4793 posse
391 4677 581 4766 videtur.
604 4679 975 4798 Quandoquidem
1011 4709 1211 4767 excausa
1233 4707 1367 4793 penes
1389 4679 1435 4766 S.
1464 4679 1517 4766 V.
1543 4679 1598 4767 0.
1625 4679 1718 4794 agi-

230 4813 319 4888 tata
343 4801 428 4890 sub
449 4800 521 4890 die
545 4803 574 4888 6
594 4801 714 4889 Iunii
731 4803 852 4892 1874
875 4802 943 4891 cui
969 4802 1118 4890 titulos
1134 4800 1349 4888 Andrien.
1390 4801 1610 4917 Conpruaa
1632 4799 1718 4886 Pa-

229 4920 436 5010 roclrialis
462 4923 595 5045 (quae
617 4925 828 5014 concinne
849 4941 1072 5042 resumpta
1093 4926 1282 5013 habetur
1304 4923 1347 5009 in
1368 4922 1478 5012 loliis
1503 4954 1582 5040 pro
1606 4926 1719 5014 Con·

229 5047 483 5162 gregatione
518 5047 607 5135 diei
628 5049 691 5136 26
714 5043 887 5164 Aprilis
926 5049 1048 5136 1879
1087 5045 1359 5165 distributis)
1391 5063 1509 5166 patet
1541 5047 1718 5162 Capitu-

231 5167 324 5254 lum
350 5184 441 5256 tum
465 5169 695 5274 habituali,
722 5187 814 5258 tum
838 5171 998 5260 actuali
1023 5169 1269 5260 animarum
1291 5199 1392 5258 cura
1411 5201 1466 5256 ex
1488 5165 1719 5256 Pontificio

228 5289 518 5409 dispositione
552 5294 759 5382 orbatum
793 5293 949 5384 luisse:
981 5293 1161 5410 insuper
1184 5323 1257 5381 ser
1288 5291 1567 5410 praebendas
1589 5321 1719 5380 cano

232 5414 400 5504 nicales
422 5417 633 5505 extinctas
666 5447 761 5506 esse
798 5447 880 5534 pro
903 5415 1173 5506 ellormanda
1196 5445 1273 5504 sex
1303 5415 1596 5504 Perochorurs
1621 5444 1722 5503 con-

234 5560 359 5654 grus.
401 5539 512 5628 Cum
544 5538 677 5658 igitur
700 5539 891 5629 extincta
913 5539 1043 5628 luerit
1077 5537 1313 5627 habitualis
1343 5555 1387 5626 et
1416 5537 1599 5626 actualis
1618 5565 1721 5627 cura

233 5659 486 5751 animarum
509 5660 555 5748 in
575 5663 784 5782 Capitale
815 5661 900 5752 dici
935 5693 1021 5752 non
1045 5679 1190 5782 posset
1222 5660 1344 5780 quod
1370 5661 1462 5780 ipsa
1485 5661 1724 5875 arqlqipres·
