4460 6332
574 311 667 402 480
998 311 1079 398 Die
1108 309 1172 398 20
1202 305 1452 424 Septembris
1487 308 1504 394 f
1515 309 1622 396 879.

569 433 687 554 gitur
717 431 1133 526 confraternitatem
1168 429 1252 520 loci
1281 433 1425 520 'l'occo
1457 429 1529 518 aab
1559 431 1816 546 protectione
1855 439 2069 546 perpetrm

566 587 812 672 permonere
842 555 1047 646 Urbanas
1080 551 1579 644 Arcbiconfrateruitatis
1626 553 1756 671 eique
1803 550 2067 669 aggregari.

571 679 657 766 Per
683 707 820 805 quam
856 695 1004 768 autem
1037 677 1394 794 aggregationem
1427 704 1481 764 ex
1520 673 1646 763 Bulla
1692 673 1941 764 clementis
1978 671 2076 756 Vlll

571 797 695 892 onius
728 797 901 890 initium
934 799 1002 886 Ec
1024 797 1162 886 debito
1191 797 1475 916 «aggregatis
1494 795 1817 901 confratribus,
1841 827 1893 886 ac
1918 825 2075 884 earum

579 961 596 1000 ι
635 920 854 1025 Ecclesiis,
891 921 1129 1039 cappellis,
1167 919 1393 1023 Oratoriis,
1429 935 1474 1008 ot
1491 917 1802 1014 confratribus
1834 933 1881 1007 et
1904 947 2077 1033 -perso-

581 1083 598 1120 e
638 1043 722 1148 nis,
761 1043 909 1132 omnia
940 1058 985 1132 et
1015 1041 1186 1160 singula
1221 1041 1465 1158 privilegia,
1504 1039 1858 1158 indulgentias...
1887 1038 2075 1128 faculta-

581 1207 597 1243 ι
639 1180 718 1270 tos,
755 1183 1034 1284 caeterasque
1086 1163 1245 1281 gratias
1294 1163 1543 1282 praedictae
1590 1161 2076 1257 Arrhiconfraternitati

576 1327 595 1366 ι
638 1287 818 1405 eiusque
851 1286 1147 1378 confratribus
1182 1317 1349 1376 necnon
1381 1285 1597 1374 Ecclesiae
1630 1315 1708 1374 seu
1743 1285 1954 1402 capellae
1998 1284 2075 1371 hu-

580 1450 597 1488 «
638 1409 826 1496 iusmodi
858 1439 1080 1498 concessas
1105 1406 1332 1526 (facultate
1350 1407 1542 1522 eligendi
1566 1407 1871 1497 confessorem
1899 1436 2072 1493 necnon

577 1569 596 1608 ι
638 1530 905 1648 aggregandi
940 1549 983 1620 et
1017 1533 1174 1647 gratias
1207 1530 1457 1620 huiusmodi
1480 1529 1837 1619 communicandi
1862 1529 2071 1650 excepta)

578 1690 596 1728 ι
637 1655 964 1741 communicare
996 1684 1045 1742 ac
1077 1653 1319 1742 concedere
1352 1667 1397 1742 et
1431 1652 1516 1740 alia
1562 1653 1709 1740 omnia
1758 1653 1800 1738 iu
1850 1651 2071 1740 similibus

579 1813 596 1852 ι
638 1803 716 1890 per
748 1775 850 1864 alias
884 1773 1026 1864 dictae
1069 1775 1200 1868 Urbis
1242 1773 1767 1878 Archiconlrateruitates,
1819 1804 2068 1890 earumque

580 1935 596 1972 r
635 1897 873 1986 confratres
908 1895 1000 1986 fieri
1036 1914 1080 1986 et
1112 1898 1336 1988 observari
1370 1897 1497 1986 solita
1531 1896 1685 2000 facere,
1725 1894 1853 1984 libere
1886 1911 1928 1982 et
1961 1895 2071 1982 licite

579 2058 596 2096 ι
635 2017 816 2117 uulsout,
851 2017 1035 2135 plenam,
1073 2017 1265 2120 liberum,
1301 2035 1340 2110 et
1389 2018 1669 2106 orrrm'modum
1722 2017 1955 2120 licettiom,
2004 2017 2068 2136 fo·

583 2179 600 2216 ι
641 2141 833 2230 cultatem
866 2160 903 2230 et
935 2141 1229 2232 authoritatem
1262 2143 1410 2230 borram
1432 2143 1538 2230 serie
1562 2141 1844 2257 impertimur.
1889 2183 1906 2216 ι

695 2265 869 2375 Quibus
904 2264 1122 2384 privilegii
1158 2265 1304 2352 verbis
1339 2262 1475 2350 innixi
1510 2263 1618 2352 illud
1664 2262 1749 2352 sibi
1800 2261 2066 2352 attributum

573 2385 844 2474 contendunt
866 2383 1063 2489 Sodales,
1102 2403 1149 2474 ut
1181 2386 1300 2506 quod
1333 2385 1651 2476 constitutione
1699 2384 1938 2474 clementis
1974 2389 2066 2476 Vlll

571 2505 799 2595 decretum
835 2521 899 2596 est
931 2509 987 2596 ab
1022 2509 1231 2626 Episcopo
1266 2507 1398 2598 modo
1434 2506 1608 2626 infringi
1643 2539 1727 2596 nun
1756 2509 1916 2594 valeat.
1944 2508 2061 2598 Licet

570 2627 690 2719 cuim
725 2628 781 2716 dc
816 2628 909 2718 iure
941 2629 1121 2747 aliquod
1155 2631 1354 2748 Episcopi
1390 2630 1433 2720 in
1468 2629 1729 2720 Sodalitates
1763 2628 1985 2733 obtinent,
2024 2633 2063 2720 id

570 2749 847 2840 solummodo
882 2751 924 2838 in
961 2781 1074 2840 nova
1106 2753 1345 2844 Sodalitate
1379 2751 1659 2856 instituenda,
1697 2751 1879 2868 eiusque
1915 2783 2064 2869 aggre-

569 2873 748 2991 gatione
782 2871 1011 2989 probanda
1046 2875 1366 2965 attendendum
1400 2891 1480 2978 est,
1519 2906 1607 2962 non
1644 2904 1744 2962 vero
1768 2872 1951 2989 quando
1975 2877 2063 2966 edi·

571 3010 665 3084 tum
698 2997 785 3083 iam
818 2995 873 3086 sit
907 2996 965 3086 ab
995 2999 1208 3114 Episcopo
1231 2998 1288 3088 de
1302 2996 1619 3116 aggregationis
1643 2995 1969 3114 approbatione
1993 2997 2060 3086 de·

570 3131 756 3224 cretum,
792 3116 901 3236 quin
933 3117 1163 3238 privilegia
1196 3119 1364 3212 ibidem
1397 3119 1544 3209 delata
1562 3118 1803 3222 moderari,
1842 3118 1911 3206 vel
1947 3150 2060 3210 coru·

568 3259 742 3330 mutare
775 3241 1007 3330 censuerit.
1045 3241 1091 3334 Si
1124 3243 1244 3330 onim
1277 3242 1475 3360 quolibet
1509 3259 1727 3358 ternpore,
1763 3255 1806 3328 et
1850 3271 1932 3358 pro
1974 3248 2058 3334 Aa·

571 3363 755 3454 tistitum
797 3363 942 3452 lubitu
977 3365 1111 3479 possit
1142 3363 1368 3484 quidpiam
1404 3363 1459 3452 de
1500 3363 1741 3482 privilegiis
1789 3362 2058 3480 iampridem

565 3487 768 3604 probatis
800 3486 941 3574 libere
972 3487 1189 3605 derogari,
1244 3488 1312 3578 vel
1361 3487 1491 3584 etiarn
1535 3487 1631 3603 ipsa
1683 3485 1818 3578 adimi
1853 3488 2051 3592 omniuo,

568 3607 744 3698 inutiles
759 3625 905 3700 esseut
928 3611 1203 3726 Apostolicac
1221 3611 1389 3714 Bullae,
1411 3609 1624 3698 inutiliter
1641 3607 1807 3725 pariter
1821 3607 2055 3728 ,privilegia

566 3747 769 3844 perpetuo
798 3731 1009 3820 attributa
1043 3733 1200 3825 forent.

694 3853 893 3941 lamvero
929 3855 1259 3971 Aggregatiouis
1292 3856 1514 3947 decretum
1551 3855 1607 3944 ab
1641 3885 1693 3940 co
1717 3852 1792 3970 qui
1817 3869 1921 3940 tunc
1951 3872 2051 3944 tem·
2177 3857 2178 3860 ‘

569 3973 687 4090 poris
718 3974 958 4064 Tlreatinao
993 3991 1192 4093 praeerat
1223 3977 1454 4082 Ecclesiae,
1481 3975 1598 4064 nulla
1626 3976 1784 4064 iniecta
1807 3975 2053 4066 conditione

569 4095 865 4210 approbatum
901 4097 995 4186 fnit.
1035 4099 1147 4214 Ergo
1180 4099 1223 4188 in
1259 4100 1440 4192 actualis
1473 4099 1691 4188 Antistitis
1727 4116 1942 4216 potestate
1965 4129 2053 4188 am·

568 4217 686 4334 plius
720 4247 806 4306 nou
841 4237 906 4308 est
939 4253 988 4308 ea
1023 4221 1250 4337 privilegia
1285 4223 1533 4314 moderare.
1570 4222 1659 4312 Sed
1692 4221 2053 4340 iuterprivilegia

566 4338 679 4430 illud
715 4359 978 4441 recensetur,
1015 4341 1135 4461 quod
1159 4345 1407 4436 confratres
1427 4342 1553 4434 solito
1573 4343 1712 4465 [acere
1731 4341 1857 4432 libere
1879 4363 1917 4436 et
1941 4343 2053 4432 licite

566 4459 748 4550 ualeant.
786 4467 896 4556 Cum
930 4498 1033 4582 crgo
1068 4465 1304 4582 Episcopus
1340 4482 1536 4558 teneatur
1569 4467 1869 4584 Apostolicum
1910 4473 2050 4558 Ercre

568 4583 625 4673 de
658 4585 795 4680 SSJiro
827 4591 1111 4684 Sacramenta
1145 4587 1189 4676 in
1224 4591 1405 4707 propria
1440 4587 1628 4684 Ecclesia
1658 4591 1927 4685 asservando
1950 4619 2047 4680 exe·

569 4708 769 4826 quntioni
804 4710 1028 4812 mandare,
1066 4741 1253 4830 cumque
1286 4713 1403 4802 licite
1436 4731 1480 4800 et
1529 4711 1667 4800 libero
1715 4713 1888 4801 valcant
1921 4715 2043 4803 cons·

561 4827 718 4926 fratres
751 4831 874 4920 solita
894 4831 1097 4924 exercitia
1116 4865 1323 4952 peragere
1346 4836 1401 4932 in
1427 4833 1514 4926 vim
1537 4833 1884 4954 Aggrcgationis,
1913 4863 2048 4952 prono

558 4953 699 5044 ueluti
734 4958 860 5044 alveo
891 4953 988 5046 fluit
1022 4958 1139 5072 qnod
1182 4957 1270 5072 ,ipsi
1313 4957 1566 5058 enunciatus
1613 4987 1756 5044 sacras
1807 4956 2048 5048 functiones

565 5103 775 5193 peragere
809 5077 973 5193 possint
1006 5077 1211 5168 Praesule
1236 5081 1312 5168 .vel
1335 5080 1538 5168 Parocbo
1573 5079 1674 5170 licet
1706 5081 2044 5173 contradicente.

582 5233 587 5238 ·
688 5199 816 5313 Quod
842 5198 989 5317 ‚magis
1033 5200 1258 5319 magisque
1289 5203 1552 5297 obfirmatur
1585 5233 1640 5297 ex
1674 5233 1726 5290 eo
1759 5199 2045 5320 quodPouti-

559 5317 650 5424 fex,
687 5353 800 5438 quae
836 5323 973 5420 voluit
1006 5325 1223 5442 excipere,
1260 5325 1487 5442 expressit,
1526 5324 1642 5414 unde
1674 5323 1901 5426 mandavit
1932 5321 2042 5426 exci-

556 5441 772 5560 piendam
796 5475 899 5544 :osse
931 5447 1372 5548 communicationem
1401 5445 1619 5544 facultatis
1650 5445 2040 5568 eligcudi.Confes·
