4446 6330
618 323 702 412 Dic
734 323 794 412 25
827 325 1024 414 Ianuarii
1057 323 1195 414 l879.
1584 327 1645 418 57
1726 427 1730 436 ,

161 455 242 543 hus
264 449 417 570 viginti
441 449 586 538 adhuc
619 448 755 536 millia
786 449 956 537 solvere
978 447 1127 550 debet,
1148 446 1257 536 dum
1292 447 1493 538 nondum
1527 481 1643 540 com·

163 575 332 694 pletum
366 573 687 662 restaurationis
709 601 817 690 opus
841 573 1092 690 expostulat
1123 571 1207 660 alia
1232 571 1453 690 sexaginta
1476 572 1647 664 libella·
1702 621 1707 630 ·

163 727 259 786 rum
301 696 456 784 millia.
478 698 759 814 Quapropter
791 695 994 800 instabat,
1038 725 1094 783 ne
1129 694 1462 784 dismembratio
1482 727 1648 787 conce-

161 821 356 923 deretur,
394 819 464 908 vel
481 821 633 907 saltem
658 821 761 936 ipsis
787 819 1109 938 Augustiniauis
1133 847 1270 906 novae
1292 819 1519 934 paroeciae
1537 851 1640 910 cura

163 941 529 1032 demandaretur.

286 1067 440 1156 Stante
474 1065 691 1182 igiturex
725 1082 847 1182 parte
880 1064 1297 1182 Augustiniunorum
1341 1065 1649 1154 contradictio·

162 1220 233 1292 ne,
276 1217 451 1276 causam
486 1189 594 1277 hanc
618 1187 660 1274 in
685 1186 787 1276 lolio
823 1187 998 1276 inscribi
1041 1187 1265 1302 mandavi,¹
1303 1203 1432 1306 atque
1466 1191 1656 1308 comple-

161 1315 214 1402 tis
249 1311 309 1399 de
346 1341 468 1400 more
501 1312 603 1398 actis
637 1310 836 1398 eamdem
874 1309 1096 1398 hodiernis
1130 1311 1172 1398 in
1196 1311 1383 1399 comitiis
1406 1311 1654 1430 disceptan-

160 1436 266 1526 dam
305 1435 513 1554 proposni
532 1435 615 1522 sub
639 1433 788 1522 dubiis
825 1435 865 1520 in
900 1435 1015 1522 calce
1049 1433 1175 1523 huius
1200 1431 1335 1522 libelli
1361 1433 1523 1539 relatis,
1546 1465 1659 1554 qnae
1687 1425 1691 1432 ¹

161 1559 218 1648 de
253 1559 478 1645 communi
513 1587 722 1645 consensu
758 1557 819 1644 ab
861 1557 1040 1646 adlectis
1090 1558 1293 1674 utrinque
1332 1559 1526 1674 patronis
1560 1589 1660 1646 con·

159 1681 337 1770 cinnatu
358 1680 551 1782 luerunt,
574 1681 651 1802 qui
684 1681 965 1797 allegationes
989 1681 1169 1769 seorsim
1193 1679 1520 1770 distribuendas
1544 1681 1653 1768 mihi

161 1803 479 1894 exhibuerunt.
518 1811 766 1922 Antequam
802 1823 946 1892 autem
990 1803 1249 1922 progrediar
1290 1803 1345 1891 ad
1397 1803 1658 1892 eartrmdem

162 1957 384 2016 summam
421 1926 724 2044 exponendam
759 1927 1205 2040 animadvertendum
1229 1945 1308 2029 est,
1336 1929 1450 2046 quod
1485 1955 1540 2014 ex
1559 1955 1655 2044 gra-

157 2050 288 2170 phica
313 2049 502 2136 civitatis
523 2050 833 2169 descriptione,
861 2051 1039 2138 seorsim
1064 2051 1120 2138 ab
1140 2049 1463 2168 archiepiscopi
1498 2063 1647 2170 patro·

157 2205 215 2261 no
249 2170 577 2274 distribuenda,
615 2172 791 2262 duobus
824 2172 1023 2262 distincta
1056 2173 1226 2262 circulis
1250 2173 1395 2260 lulvco
1438 2191 1481 2262 et
1513 2171 1653 2260 rubro

158 2295 286 2384 lacile
324 2297 564 2415 percipient
599 2297 684 2383 EE.
725 2299 816 2400 VV,
854 2314 1073 2414 quatenus
1117 2295 1553 2385 dismembrationem
1578 2296 1652 2384 dc·

157 2435 358 2522 cernant,
385 2421 567 2535 quinam
590 2437 733 2507 essent
758 2419 981 2540 utriusque
1006 2421 1230 2538 paroeciae
1247 2419 1409 2508 limites
1433 2420 1656 2536 assignan-

156 2543 221 2646 di,
261 2573 363 2630 cum
383 2541 956 2632 Fulvusdismembrandae
990 2545 1208 2632 Ecclesiae
1241 2543 1455 2632 ditionem
1501 2541 1650 2659 perhi-

155 2666 281 2768 beat,
321 2666 475 2754 Ruber
508 2695 613 2753 vero
650 2665 903 2783 erigendae.

288 2788 485 2876 Primum
513 2789 771 2908 aggrediens
796 2787 981 2877 dubium
1008 2789 1207 2908 Episcopi
1231 2787 1438 2877 delensor
1471 2785 1656 2876 necessi·

160 2926 300 2999 tatem
324 2911 735 3000 dismembrationis
761 2911 1017 3030 parochialis
1039 2917 1083 3003 S.
1105 2911 1265 3002 hlariae
1299 2909 1355 2998 de
1389 2911 1656 3000 Consolatio-

158 3065 213 3122 ne
252 3033 472 3122 conficere
505 3034 654 3124 studet
687 3066 741 3124 ex
777 3033 908 3124 nimis
941 3053 1065 3125 aucto
1104 3033 1467 3152 parochianorum
1503 3063 1659 3120 nume·

155 3189 235 3260 ro,
283 3157 376 3276 qui,
417 3187 518 3246 cum
557 3189 631 3246 sex
671 3187 803 3277 supra
848 3160 1003 3280 viginti
1049 3158 1187 3250 millia
1236 3155 1407 3244 animas
1454 3185 1657 3274 compre·

156 3279 343 3384 hendat,
388 3280 428 3368 in
472 3293 591 3369 tanta
617 3280 795 3371 ditionis
819 3281 1116 3402 amplitudine
1143 3312 1225 3401 per
1262 3309 1402 3368 unum
1431 3295 1655 3398 pastorem

159 3404 330 3522 absque
364 3403 609 3492 animarum
645 3435 778 3494 curae
801 3405 1056 3495 discrimine
1087 3405 1178 3522 regi
1201 3403 1373 3524 nequit.
1400 3401 1530 3515 Quod
1555 3431 1651 3490 om·

158 3556 233 3615 nes
271 3531 315 3614 in
340 3527 517 3644 Liguria
545 3543 719 3644 praeter
751 3527 1024 3618 adversarios
1042 3558 1221 3618 noscere
1247 3541 1385 3629 tenet,
1412 3525 1545 3614 relata
1567 3555 1648 3612 uu·

159 3647 362 3738 ctoritate
380 3651 580 3768 Episcopi
597 3651 937 3770 albinganensis
975 3669 1019 3740 et
1036 3648 1396 3754 Ventimilicnsis,
1424 3646 1656 3738 lannensis

158 3772 384 3891 llunicipii
418 3791 462 3861 et
495 3774 854 3894 Metropolitanus
888 3775 1102 3866 Ecclesiae
1142 3773 1347 3896 Capituli:
1386 3771 1551 3892 quihus
1577 3769 1654 3859 ad-

157 3893 295 3984 dendi
329 3915 429 3985 snut
463 3927 665 4016 proceres
699 3898 741 3985 in
777 3898 943 4017 populo
976 3913 1226 4016 querentes:
1260 3939 1276 3974 ι
1305 3899 1339 3984 E
1373 3893 1652 4014 impossibile

165 4059 182 4096 ι
225 4017 306 4107 che
339 4019 396 4108 ad
434 4019 517 4110 essi
551 4020 662 4109 hasti
697 4019 738 4108 la
762 4021 1014 4140 parroechia
1036 4021 1150 4110 della
1173 4017 1485 4112 Consolazione
1509 4047 1533 4104 a
1556 4045 1652 4104 mo·

165 4181 181 4218 ι
228 4142 316 4231 tivo
350 4141 463 4232 della
498 4141 694 4232 distanza
727 4175 752 4231 e
785 4143 902 4233 della
936 4143 1211 4232 eccentricita
1234 4143 1347 4233 della
1371 4140 1526 4233 Ghiesa
1551 4169 1652 4256 par·

165 4305 182 4341 ι
220 4265 438 4355 rocchiale
476 4297 500 4355 e
537 4265 653 4355 della
687 4269 886 4386 quantita
911 4267 1025 4358 della
1059 4266 1364 4386 popularione.
1391 4265 1477 4379 Qui
1500 4263 1536 4352 ci
1562 4279 1652 4349 tro·

167 4427 182 4464 ·
221 4389 372 4477 viamo
407 4419 533 4478 senza
569 4389 818 4492 istrnzione‚
856 4421 981 4478 senza
1003 4390 1253 4479 catechismi
1276 4421 1301 4479 e
1323 4421 1402 4478 con
1428 4417 1534 4506 gran
1569 4383 1651 4472 dil-

14 4607 15 4612 Ν
168 4549 185 4587 r
224 4508 370 4600 ficolta
404 4543 484 4630 per
517 4513 942 4602 l'amministrazionc
972 4511 1043 4600 dci
1067 4511 1337 4601 Sacramenti
1367 4541 1392 4599 e
1422 4509 1656 4598 l’assisten-

168 4671 185 4712 ι
223 4665 273 4720 za
308 4635 634 4754 agl’inlermi.·
668 4639 778 4726 Cum
807 4635 940 4756 igitur
976 4635 1127 4756 populi
1159 4634 1391 4726 celebritas
1426 4647 1545 4720 tanta
1578 4629 1648 4734 sit,

164 4772 209 4843 ut
242 4757 301 4845 uh
335 4790 422 4847 uno
458 4775 627 4848 tantum
649 4775 823 4877 pastore
854 4777 1040 4879 nequeat
1064 4757 1319 4882 gubernari,
1338 4785 1418 4874 per
1443 4755 1655 4846 dismem-

162 4879 413 4970 brationem
447 4881 675 5002 paroeciae
725 4883 1052 5001 providendum
1102 4911 1195 4972 esse
1244 4878 1482 4971 corrcludit:
1515 4879 1650 4964 Prae·

163 5003 312 5090 sertim
347 5004 449 5124 quia
483 5003 588 5094 nihil
625 5007 750 5096 deest
785 5004 1021 5126 erigendae
1054 5005 1309 5126 paroeciae,
1350 5003 1546 5120 nihilque
1579 4995 1655 5086 de-

164 5127 278 5240 perit
312 5129 535 5250 antiquae.
573 5129 687 5219 Nihil
721 5129 845 5220 deest
877 5129 1112 5248 erigendae
1146 5129 1398 5246 paroeciae,
1434 5121 1654 5242 siquidem

163 5249 350 5340 Ecclesia
384 5251 601 5370 Deiparae
639 5253 946 5342 lmmaculatae
978 5281 1114 5356 sacra,
1140 5253 1227 5345 iarn
1269 5279 1370 5340 aere
1408 5248 1565 5337 collato
1599 5245 1655 5334 ad

163 5371 244 5460 hoc
275 5391 473 5464 extructa
507 5377 617 5480 luit,
658 5393 703 5464 ut
737 5376 791 5466 ad
825 5375 1089 5466 saecularem
1133 5403 1281 5465 curum
1325 5371 1571 5478 inserviat,
1610 5385 1655 5460 et

166 5523 353 5614 congrua
375 5496 478 5588 dote
516 5501 572 5588 ab
606 5499 946 5618 Archiepiscopo
984 5499 1039 5588 ad
1072 5497 1278 5588 eumdem
1313 5493 1447 5586 finem
1483 5495 1650 5602 ditatat

14 5647 15 5654 Ν
1020 5645 1028 5660 “
1490 5646 1520 5733 8
