4446 6330
642 375 816 466 111625
848 377 1045 468 Ianuarii
1077 381 1213 471 1879.
1606 389 1660 478 31

186 504 330 592 monio
355 498 639 589 inservientes
683 499 854 591 audire.
873 502 1075 593 Nicolaus
1116 504 1252 594 irater
1278 535 1463 626 sponsae
1497 506 1564 628 (l)
1589 512 1672 603 ait:
1771 581 1775 590 -

193 667 211 706 ι
245 623 392 711 Probe
418 621 505 710 scio
534 622 875 714 celebrationem
912 624 1069 715 laetam
1099 626 1232 716 fuisse
1270 628 1364 716 talis
1401 629 1671 724 matrimonii

193 792 209 829 ι
245 773 390 835 coram
417 747 463 838 S.
493 747 627 834 llatre
663 747 869 852 Ecclesia,
916 749 985 836 cui
1018 748 1137 838 adfui
1171 764 1399 872 tamquam
1442 754 1576 859 testiS,
1623 773 1673 846 et

191 913 208 952 ι
245 885 343 988 post
374 867 730 974 celebrationem,
771 899 994 990 quemque
1030 901 1290 988 sponsorum
1329 873 1479 963 abiisse
1518 878 1562 963 ia
1592 877 1682 966 do-·

192 1035 208 1074 a
246 1023 355 1080 mum
393 1022 525 1090 mmm,
559 1006 598 1078 ct
628 1023 834 1110 uunquam
867 992 1018 1081 eciade
1050 994 1176 1082 simul
1207 995 1475 1085 cohabitasse.
1524 1039 1540 1076 ι

309 1116 385 1203 30.
423 1117 475 1202 R.
502 1117 552 1202 P.
588 1115 743 1231 loseph
776 1117 940 1205 Morteo
973 1115 1031 1206 ab
1054 1117 1209 1206 Alexio
1246 1149 1301 1206 ex
1336 1119 1443 1208 lllin.
1480 1120 1678 1213 Observ.

188 1238 262 1362 (ad
295 1240 325 1326 5
357 1237 553 1359 interr.):
585 1278 601 1314 ι
630 1239 733 1325 Post
760 1237 970 1356 praedicti
1013 1240 1276 1328 Matrimonii
1306 1241 1663 1354 celebrationem,

192 1403 209 1444 ι
246 1359 406 1452 eodem
439 1358 519 1446 die
552 1387 624 1448 me
657 1359 887 1449 invitatum
927 1358 1059 1452 luisse
1091 1395 1116 1451 a
1151 1379 1344 1451 conteste
1382 1364 1515 1452 lratre
1545 1398 1672 1484 prae·

192 1526 208 1566 ι
246 1484 390 1574 dictae
411 1482 688 1571 Violautinae
725 1480 782 1570 ad
814 1483 1022 1602 poculum
1066 1485 1154 1574 viui
1177 1483 1421 1573 bibendum
1446 1486 1566 1576 domi
1590 1521 1673 1608 pa-

30 1703 33 1714 ,
192 1649 209 1686 ι
249 1621 417 1710 ternae,
446 1636 534 1692 una
563 1634 664 1697 cum
703 1606 887 1724 sponsis.
924 1607 1042 1694 Hoac
1073 1606 1238 1694 domam
1266 1606 1385 1695 illico
1412 1611 1559 1724 petii.
1600 1680 1610 1700 .
1656 1681 1667 1702 .

195 1771 211 1808 ι
249 1731 492 1847 haustoque
524 1727 626 1817 vino
665 1795 675 1816 .
716 1791 726 1816 .
766 1793 777 1814 .
812 1727 869 1816 de
901 1729 1220 1818 circumstantia
1250 1727 1402 1818 audivi
1436 1763 1462 1819 a
1499 1734 1672 1848 praedi·

193 1893 210 1933 ι
245 1870 315 1942 cto
337 1853 393 1939 ll.
422 1850 597 1940 Nicolao
618 1851 767 1955 fratre,
804 1880 1019 1968 sponsum.
1039 1853 1151 1940 illico
1169 1857 1449 1940 reversurum
1470 1854 1662 1962 Saleam,

195 2017 212 2055 ι
247 1993 293 2064 et
323 1989 695 2062 commoraturum
727 1971 848 2064 domi
891 2005 993 2064 suae
1036 1975 1092 2063 ad
1133 1973 1347 2063 curandas
1390 1977 1664 2067 necessitates

194 2139 210 2178 ι
246 2096 454 2202 familiae,
490 2127 617 2214 nepae
645 2127 726 2212 pro
749 2097 918 2185 interim
947 2128 1037 2185 cam
1059 2129 1209 2214 sponsa
1239 2097 1553 2186 matrimonium
1585 2131 1685 2189 essc-

194 2263 210 2300 ‹
247 2234 684 2308 consummaturam.-

314 2342 390 2431 31.
428 2343 550 2458 Opus
576 2341 758 2431 demum
798 2360 977 2432 coronat
1010 2343 1246 2464 Episcopus
1268 2343 1564 2462 Albinganen.
1603 2343 1671 2468 (2)

191 2467 315 2556 -ibi
348 2515 379 2530 -
415 2463 718 2554 «Huiusmodi
753 2481 902 2554 autem
935 2466 1264 2583 persuasionem
1306 2463 1397 2585 (de
1428 2465 1675 2556 inconsum-

195 2631 212 2672 «
250 2586 451 2677 matione
483 2586 780 2708 matrimonii)
814 2587 945 2706 vulgo
968 2589 1305 2694 conuincimcnto,
1341 2585 1677 2679 inexaminatis

195 2753 212 2792 ι
251 2709 439 2800 testibus
471 2739 526 2796 ex
556 2739 759 2830 processu
793 2711 994 2830 apprime
1027 2741 1241 2830 exurgere
1282 2710 1518 2800 clarissime
1553 2727 1677 2829 pate·

198 2877 214 2915 a
251 2833 360 2937 scit3
397 2831 587 2951 ideoque
615 2831 834 2923 declaravi
868 2834 910 2920 in
948 2833 1103 2953 primis
1138 2832 1248 2922 meis
1271 2833 1425 2923 litteris
1468 2830 1677 2924 informa-

198 3000 213 3037 «
250 2955 369 3060 tivis,
394 2954 591 3045 testando
625 2956 784 3046 scilicet
805 2955 917 3045 hanc
949 2956 1274 3076 persuasionem
1309 2956 1555 3075 generalem
1581 2987 1674 3046 csse

198 3123 213 3160 ι
250 3082 297 3169 in
330 3077 510 3198 populo,
535 3109 636 3166 cum
670 3078 874 3167 omnibus
907 3079 1119 3197 probatae
1151 3077 1256 3168 fidei
1278 3077 1547 3182 homiuibus,
1576 3078 1673 3199 qui·

197 3245 213 3283 a
247 3205 435 3292 buscum
470 3201 552 3289 bac
584 3201 642 3290 de
675 3233 722 3291 re
754 3229 1004 3292 sermonem
1039 3201 1206 3290 ratione
1246 3199 1371 3292 officii
1406 3199 1492 3290 mei
1513 3200 1670 3307 habui,

196 3367 213 3407 ι
252 3323 430 3414 insitam
463 3323 725 3431 invenerim,
766 3325 826 3412 ob
863 3355 997 3444 quam
1029 3355 1204 3414 causam
1243 3325 1287 3411 in
1318 3323 1551 3446 praedictis
1584 3324 1675 3411 Lit-

197 3488 214 3528 «
255 3445 480 3537 torisdiei
514 3447 703 3535 l51ulii
747 3447 885 3553 1872,
929 3478 1016 3536 non
1052 3447 1194 3537 solum
1243 3477 1315 3535 me
1353 3476 1529 3568 quoque
1571 3477 1677 3563 per·

199 3612 215 3652 ι
255 3599 434 3659 suasum
474 3599 765 3691 securumque
798 3571 998 3677 asserui,
1040 3569 1312 3688 praedictum
1344 3567 1678 3657 matrimonium

200 3732 217 3771 a
258 3691 446 3780 minime
483 3691 613 3782 luisse
667 3707 1050 3799 consummatum,
1090 3692 1167 3782 sed
1209 3691 1485 3782 tantumdem
1527 3703 1678 3778 ratum

198 3857 214 3894 ι
254 3843 379 3921 esse3
417 3812 494 3902 sed
537 3815 718 3934 insuper
749 3815 919 3921 addidi,
946 3813 1004 3904 ab
1040 3815 1245 3904 omnibus
1280 3815 1364 3902 tale
1401 3811 1513 3902 illud
1546 3842 1679 3932 gene·

197 3979 215 4018 ι
253 3937 386 4026 ratim
430 3935 644 4042 retineri,
691 3968 835 4060 neque
868 3937 977 4026 banc
1018 3965 1297 4026 communem
1348 3935 1681 4055 persuasionem

197 4099 215 4138 ι
251 4057 453 4178 indigere
485 4060 747 4180 probatione
778 4063 899 4151 iuxta
933 4059 1086 4150 tritum
1122 4059 1233 4150 illud
1266 4059 1473 4178 adagium
1516 4055 1681 4175 -quod

198 4221 220 4262 r
254 4183 466 4270 notoriam
488 4199 561 4282 cst,
577 4215 658 4272 aaa
682 4181 844 4302 indiget
859 4183 1124 4300 probatione.
1141 4223 1158 4261 ι
1173 4185 1234 4271 Et
1252 4181 1339 4306 (3):
1368 4223 1383 4259 ι
1407 4179 1534 4269 Dalla
1556 4179 1681 4271 Cbie·

199 4343 216 4384 «
254 4335 302 4394 sa
333 4303 405 4394 del
427 4305 670 4412 Conventa,
707 4336 790 4397 ove
826 4305 1046 4396 celebrato
1078 4335 1244 4396 aveano
1289 4305 1320 4394 il
1352 4301 1676 4407 matrimonio,

82 4527 85 4536 ‚
169 4463 217 4532 „r
256 4427 292 4516 si
330 4426 564 4518 ritirarono
598 4427 628 4515 li
665 4430 794 4548 Sposi
831 4443 1185 4547 separatamente
1215 4427 1300 4516 alla
1336 4457 1433 4517 casa
1470 4423 1676 4530 Arduini,

202 4589 220 4628 ι
259 4547 374 4640 dove
407 4549 642 4670 gl’invitati
677 4551 1009 4641 alla⁴relczione
1040 4563 1370 4652 constatarouo,
1412 4547 1681 4666 edeposero

203 4709 221 4748 c
262 4671 347 4793 agli
387 4673 463 4762 atti
496 4704 585 4764 non
618 4675 771 4763 essersi
796 4685 950 4792 potuto
983 4673 1237 4763 combinare
1272 4701 1332 4759 un
1353 4667 1485 4759 modo
1508 4669 1554 4758 di
1576 4696 1687 4758 con«

202 4829 220 4869 ι
260 4797 427 4901 vivere,
463 4827 488 4886 e
525 4793 571 4886 di
601 4797 826 4886 eoabitare
864 4811 932 4886 tra
966 4794 998 4884 li
1039 4795 1182 4918 Sposi.
1217 4795 1252 4885 ll
1293 4791 1434 4914 padre
1486 4787 1680 4882 Arduini

203 4951 222 4994 ι
261 4941 349 5006 ηοη
382 4919 414 5008 li
442 4916 567 5009 volea
606 4949 719 5025 seco,
757 4918 798 5008 la
831 4920 968 5038 Sposa
1003 4949 1089 5008 uon
1127 4919 1253 5008 volea
1283 4914 1502 5008 recarsi‘a
1534 4913 1677 5019 Salea,

203 5075 221 5116 r
260 5037 374 5129 dove
407 5073 433 5131 a
464 5041 537 5132 dir
563 5069 686 5147 vcro,
721 5043 910 5132 sarebbe
950 5057 1061 5130 stato
1103 5041 1394 5130 imbaraaaato
1426 5037 1468 5125 lo
1500 5037 1680 5156 Sposo,

345 5285 392 5407 l)
428 5285 614 5375 Process.
651 5287 780 5375 Pars.
817 5287 862 5376 3.

345 5409 394 5530 2)
428 5410 568 5527 Epist.
605 5409 664 5498 ad
695 5408 846 5500 Emum
877 5407 1143 5530 Praefectum
1175 5403 1295 5496 aaa
1320 5405 1432 5496 lanii
1465 5406 1604 5495 1873.

331 5527 398 5652 (3)
432 5532 573 5651 Epist.
610 5533 670 5621 15
703 5531 856 5622 Martii
889 5533 1026 5622 t878.
1683 5592 1688 5602 ι
