4530 6336
514 277 607 368 356
1010 267 1187 356 utens
1219 266 1324 358 Iulii
1358 265 1497 358 1879.

509 397 706 502 omnino,
725 421 870 514 neque
901 390 994 496 illa,
1031 405 1271 510 utcumque
1293 387 1527 508 diligenter
1551 389 1783 508 exquisita,
1804 388 2004 480 inveniri

546 521 674 612 otnit.

513 553 543 641 p
636 647 721 736 Per
753 636 1152 730 immemorabilem
1201 667 1252 726 ac
1295 662 1524 754 nunquam
1568 637 1853 754 interceptam
1887 665 2005 726 cnu-

512 764 791 858 saetndinem
830 753 959 852 suurn
1006 759 1071 846 ins
1105 758 1264 848 Vinarii
1304 777 1455 877 patere
1485 757 1776 862 contendunt,
1812 788 1864 846 ac
1898 787 2009 875 prae

512 889 708 992 caeteris,
745 883 1011 1004 perducire
1054 881 1367 986 attestationes,
1411 911 1490 970 nec
1531 879 1665 972 obiici
1706 881 1766 970 ab
1798 881 2006 972 adversa-

398 1091 405 1098 .
515 1014 581 1104 rio
616 1040 757 1130 posse,
794 1021 965 1098 mutato
999 1004 1194 1107 nomine,
1227 1018 1441 1094 mutatam
1473 1001 1681 1094 beneficii
1713 1004 2005 1094 curati'natn·

515 1165 611 1226 ram
644 1132 794 1224 luisse.
830 1127 1063 1248 Siquidem
1098 1127 1267 1244 primus
1297 1125 1372 1216 ille
1403 1143 1554 1231 actus,
1602 1127 1677 1245 qui
1715 1127 1892 1246 parochi
1922 1156 2006 1214 no·

516 1287 619 1348 men
649 1256 728 1346 uni
762 1250 1158 1370 Archipresbytero
1192 1248 1361 1350 tribuit,
1398 1249 1537 1340 nivilis
1571 1265 1738 1338 tantum
1775 1249 2008 1338 anctorita-

518 1380 571 1470 tis
605 1377 702 1480 luit,
751 1406 829 1464 nec
862 1371 1005 1494 quoad
1041 1372 1289 1461 animarum
1322 1401 1489 1476 curam,
1526 1371 1771 1492 quidquam
1796 1372 2003 1460 mutavit.

517 1499 928 1619 compertissimum
961 1523 1159 1614 namque
1191 1495 1236 1582 in
1272 1493 1367 1584 iure
1410 1513 1474 1584 est
1506 1495 1643 1586 laicae
1675 1526 1724 1584 ac
1762 1495 1903 1584 civilis
1924 1527 2008 1584 nn-

516 1623 730 1714 ctoritatis
768 1619 1074 1737 dispositiones
1117 1617 1236 1706 nullo
1276 1617 1409 1708 modo
1456 1617 1691 1709 Ecclesiam
1732 1617 2007 1736 adstringere

518 1747 587 1836 vel
617 1743 829 1863 obligare.
865 1739 967 1832 Solo
1001 1739 1136 1860 igitur
1169 1739 1489 1828 &clesiastmae
1522 1741 1745 1858 potestatis
1774 1739 1893 1828 iussu
1927 1742 2004 1828 bc·

521 1865 727 1962 aeficium
761 1893 888 1954 sunm
921 1863 1083 1954 Vicarii
1127 1863 1311 1952 Parochi
1355 1861 1559 1952 amittere
1600 1863 1857 1980 potuissent.
1894 1863 2005 1952 Cum

518 1981 730 2082 varo'hie
763 2003 883 2076 nctus
921 2015 1007 2074 non
1047 1984 1179 2075 modo
1219 1987 1303 2074 huc
1339 2015 1475 2106 usqne
1501 2017 1588 2076 non
1629 1985 1891 2089 interfuerit,
1928 1983 2009 2076 sed

518 2117 636 2208 Cura
668 2109 915 2200 animarum
949 2134 1122 2225 semper
1155 2140 1179 2196 a
1212 2109 1641 2226 quatuorParoclaiS,
1684 2108 1791 2226 quin
1837 2106 2007 2227 aliquid

523 2237 826 2336 innovaretur,
868 2247 985 2350 gesta
1020 2232 1091 2334 sit,
1130 2247 1263 2350 atque
1300 2229 1358 2319 ad
1393 2261 1600 2347 praesens
1625 2231 1757 2321 etiam
1792 2247 2005 2350 geratur.

518 2355 792 2474 apertissime
840 2369 993 2469 patere
1034 2353 1271 2442 ostendunt
1320 2353 1665 2444 Ecclesiasticam
1706 2353 2010 2445 auctoritatem

469 2493 471 2496 ’
521 2479 710 2584 nullam,
753 2475 898 2596 quoad
921 2475 1027 2564 iuris
1070 2473 1248 2569 elleotns
1281 2474 1396 2566 civili
1431 2475 1514 2597 legi
1547 2476 1639 2564 rim
1677 2477 1892 2598 praebere
1925 2505 2012 2564 vn-

520 2600 669 2692 luisse.

644 2723 733 2812 Nec
766 2721 899 2810 relert
931 2720 1052 2838 qnod
1085 2721 1145 2811 sio
1183 2721 1419 2812 haberetur
1464 2721 1529 2810 ins
1573 2719 1911 2838 parochialitntis
1943 2717 2009 2808 in·

523 2863 592 2934 ter
633 2845 780 2963 plures
815 2843 860 2932 in
893 2843 1099 2932 solidum.
1147 2845 1299 2964 Neque
1332 2844 1452 2934 enim
1484 2843 1532 2932 in
1566 2845 1662 2934 iure
1696 2871 1879 2946 novum,
1927 2871 2009 2930 ne-

522 2997 610 3088 que
644 2967 689 3056 in
724 2967 847 3086 praxi
881 2965 1099 3054 insuetum
1145 2983 1211 3054 est
1255 2965 1320 3054 ins
1366 2965 1705 3084 parochialitatis
1741 2967 1785 3054 in
1818 2964 2004 3054 solidum

523 3089 696 3195 haberi,
723 3089 982 3208 praesertim
1004 3089 1149 3210 siqua
1172 3089 1443 3180 rationabilis
1465 3105 1507 3175 at
1533 3089 1726 3207 legitima
1750 3089 1860 3178 ratio
1885 3105 2010 3205 prout

529 3213 573 3302 in
610 3212 977 3330 praesentiarum,
1014 3211 1061 3300 id
1093 3215 1357 3330 expostulet.
1395 3211 1592 3298 Pitonius
1635 3213 1945 3305 constitutiones
1973 3225 2012 3299 ct

522 3333 754 3426 decisiones
787 3365 867 3454 pro
901 3333 1101 3452 parochis
1134 3337 1186 3422 N.
1214 3337 1336 3424 1101
1368 3349 1412 3422 et
1444 3365 1555 3452 seqq.
1588 3335 1755 3426 3lnnii
1776 3335 1915 3424 t678:
1940 3363 2011 3422 ne·

526 3489 615 3578 que
650 3457 775 3550 aliter
803 3457 938 3546 sentit
963 3457 1009 3548 S.
1035 3459 1088 3544 ll.
1121 3458 1171 3544 C.
1203 3457 1246 3544 in
1286 3456 1509 3546 Tiburtina
1562 3459 1621 3547 18
1658 3459 1773 3546 lanii
1819 3455 2015 3546 01915-

527 3579 582 3670 lii
622 3581 762 3684 1757,
787 3597 922 3698 atque
956 3578 999 3669 in
1038 3580 1233 3668 Brinicn.
1271 3581 1332 3667 71
1366 3579 1475 3670 lotii
1504 3581 1643 3678 t875,
1681 3597 1725 3670 et
1758 3582 1801 3670 in
1835 3579 2016 3670 Aretinn

530 3705 580 3790 ll
623 3700 861 3792 Decembris
893 3699 1072 3789 at'nsdem
1104 3703 1224 3788 unni.
1262 3705 1360 3820 lpse
1395 3705 1529 3796 ctiam
1551 3701 1804 3794 Tridentino
1823 3701 2011 3822 Synodns

527 3855 618 3916 nnn
649 3824 784 3916 modo
822 3823 1121 3916 cumulativae
1167 3853 1300 3914 curae
1342 3854 1428 3916 nnn
1464 3827 1737 3931 adversatur,
1785 3825 1863 3918 sed
1897 3826 2016 3914 illam

527 3946 722 4036 admittit
760 3976 808 4032 ac
838 3945 1095 4066 praesumit,
1122 3966 1253 4068 prout
1268 3947 1425 4040 videre
1457 3949 1584 4038 estin
1619 3981 1715 4068 cop.
1752 3952 1812 4040 18
1833 3979 1929 4038 scas.
1956 3949 2016 4040 nt

528 4068 582 4162 de
614 4067 806 4190 Reform.

653 4193 802 4310 Atque
836 4193 916 4284 hue
948 4206 1069 4289 tanto
1106 4194 1245 4312 magis
1267 4193 1592 4287 admittendum
1625 4195 1787 4286 Vicarii
1812 4193 2014 4296 tradunt,

534 4313 731 4435 quando,
772 4331 905 4432 prout
937 4315 982 4404 in
1015 4345 1130 4420 casu,
1167 4317 1316 4434 plnres
1347 4317 1530 4437 quidem
1563 4319 1739 4436 parochi
1768 4335 1905 4421 sunt,
1942 4313 2019 4406 sed

527 4469 661 4531 unam
695 4433 888 4534 efficiunt
921 4452 1054 4559 atque
1089 4437 1279 4530 induunt
1309 4471 1546 4556 personam.
1593 4445 1708 4533 'l'nm
1757 4441 1878 4534 enim
1913 4469 2017 4533 cura

518 4561 803 4664 animarum,
841 4559 942 4650 licet
975 4575 1068 4650 actu
1099 4561 1216 4680 apud
1249 4563 1440 4681 singulos
1462 4565 1532 4670 sit,
1559 4563 1707 4656 habitu
1736 4582 1880 4654 tamen
1907 4559 2023 4680 opud

534 4715 672 4776 omncs
704 4684 752 4770 in
784 4682 967 4774 solidum
1000 4699 1244 4802 permanet,
1280 4687 1386 4804 qnia
1418 4717 1507 4776 nno
1541 4689 1584 4776 in
1615 4718 1817 4806 corpore,
1854 4687 1897 4774 in
1934 4683 2021 4776 col-

518 4806 668 4926 legio,
705 4803 932 4922 pluralitas
964 4805 1151 4899 existere
1184 4838 1270 4898 non
1303 4825 1459 4926 potest,
1487 4827 1617 4930 prout
1640 4811 1768 4905 docet
1789 4810 1947 4901 Lnttcr.
1974 4805 2026 4898 ‹tr

533 4959 583 5018 re
617 4925 750 5047 intes.
790 4927 866 5016 tit.
904 4929 923 5014 l
965 4959 1103 5049 quaes.
1139 4931 1202 5020 20
1233 4962 1348 5022 unm.
1399 4933 1490 5020 116
1528 4965 1640 5052 seqq.
1675 4935 1797 5054 atqui
1830 4933 1875 5022 in
1905 4963 2019 5020 num.

536 5051 630 5142 112
664 5080 795 5167 seqq„
838 5051 945 5142 Rutu
978 5051 1104 5144 dreis.
1141 5053 1233 5144 225
1279 5087 1381 5173 par.
1419 5055 1477 5144 t9
1511 5061 1665 5146 torn'l
1714 5055 1810 5148 Rea.
1845 5055 2025 5144 ΜΗ

533 5205 652 5437 ”ll
667 5296 841 5438 ludenlit
857 5313 903 5386 nt
922 5297 1113 5416 plnrimn
1130 5301 1171 5388 in
1189 5299 1435 5392 animarum
1458 5331 1564 5392 cura
1601 5301 1850 5394 huiusmodi
1887 5298 2029 5392 admi·

545 5422 1236 5538 nastrntrnnrsexemplapateant,
1255 5439 1385 5543 prout
1403 5424 1631 5516 vidercest
1644 5425 1685 5512 in
1700 5425 1901 5542 paroecia
1923 5453 2029 5542 qua·
