4530 6336
150 831 203 920 de
221 828 412 950 Reform.

571 329 662 435 aes
913 267 920 276 ⁸
1069 335 1552 430 nonantulam.

149 705 449 822 senatcap.
481 705 543 794 l!
700 597 1074 800 DREPANEN.
1112 709 1354 800 snnvmtt
1387 709 1578 800 cnont.
1614 755 1645 785 =
1677 713 1804 799 Extat
1828 711 1871 800 in
1896 717 2075 834 Drepa·
2236 810 2237 817 Ν

576 835 703 928 nensi
720 832 896 922 civitate
918 831 1107 922 Ecclesia
1130 832 1215 921 sub
1237 832 1513 922 invocatione
1534 836 1580 925 S.
1609 834 1826 922 Laurentii
1852 839 1927 941 ll„
1947 869 2073 930 nunc

578 954 854 1059 cathedralis,
886 955 988 1044 olim
1038 953 1292 1073 simpliciter
1315 955 1589 1073 parochialis,
1615 988 1728 1074 quae
1751 989 1775 1046 a
1799 958 1976 1050 duobus
2001 994 2073 1052 re-

578 1080 774 1172 ctoribus
796 1107 944 1166 curam
971 1077 1236 1166 habentibus
1255 1079 1501 1168 animarum
1525 1079 1774 1197 regebatur.
1791 1081 1958 1173 Eximia
1981 1087 2078 1202 pie·

580 1207 668 1293 late
690 1215 915 1320 permotus
938 1199 1119 1320 quidam
1145 1204 1296 1290 Petrus
1314 1202 1496 1292 Messina
1518 1201 1575 1290 dc
1594 1233 1707 1290 anno
1728 1204 2077 1328 trtocottegia-

578 1345 668 1417 tam
692 1327 735 1413 in
762 1355 813 1412 ea
836 1319 1002 1412 institui
1015 1323 1239 1414 mandavit
1258 1323 1302 1411 in
1321 1357 1399 1413 suo
1419 1337 1694 1430 testamento,
1710 1341 1806 1413 octo
1824 1328 2070 1422 Canonieos

582 1450 711 1540 asnis
734 1447 1001 1537 haeredibus
1025 1447 1316 1536 nominandos
1348 1448 1405 1538 de
1428 1478 1619 1565 congrua
1642 1451 1896 1564 praebenda
1915 1483 1968 1541 ex
1991 1487 2073 1544 suo

581 1605 673 1662 asse
697 1570 990 1660 haereditario
1018 1569 1268 1688 providens,
1296 1601 1350 1657 ex
1383 1570 1545 1690 quibus
1568 1571 1679 1658 alter
1700 1602 1754 1660 ex
1777 1574 1977 1666 Parochis
2000 1611 2075 1668 su-

2235 588 2237 717 l

583 1693 837 1816 perstitibns
866 1723 1107 1812 eorumque
1140 1693 1458 1784 successoribus
1491 1693 1633 1810 prima
1670 1693 1868 1814 Dignitas
1892 1717 2003 1790 esset
2027 1701 2075 1789 in
2235 1789 2236 1806 Ν

581 1819 771 1938 capitulo
801 1858 817 1895 ι
846 1817 907 1902 mi
930 1817 1065 1904 londo
1100 1847 1185 1904 una
1217 1815 1443 1934 collegiata
1477 1817 1520 1906 di
1553 1817 1843 1908 Canonici....
1865 1820 1906 1908 la
1940 1823 2073 1940 quale

588 1985 604 2021 ι
644 1941 748 2029 abbi
768 1938 824 2028 da
850 1953 1015 2028 costare
1033 1937 1077 2026 di
1097 1971 1281 2029 numero
1300 1955 1391 2027 otto
1410 1940 1618 2030 Canonici
1639 1940 1791 2030 inclusi
1809 1943 1840 2031 li
1860 1943 1947 2033 due
1969 1949 2075 2034 Par-

586 2105 603 2142 «
644 2061 762 2151 roclsi
788 2061 832 2150 di
856 2061 974 2150 detta
993 2063 1265 2151 Parrochiale
1285 2060 1466 2151 Basilica
1493 2061 1537 2154 di
1560 2065 1604 2154 S.
1632 2065 1904 2154 Lorenzo....
1925 2069 2075 2158 volen-

588 2227 604 2262 ι
646 2183 752 2274 doe
785 2182 1089 2273 comandando
1114 2185 1193 2274 che
1214 2184 1260 2274 di
1294 2185 1404 2273 detti
1426 2185 1633 2276 Canonici
1669 2187 1708 2274 vi
1733 2187 1794 2276 sia
1828 2187 1869 2276 la
1902 2189 2074 2308 dignita

591 2351 606 2384 ι
646 2309 675 2396 il
712 2311 895 2396 Parroco
925 2306 1000 2426 piir
1023 2307 1224 2396 antico...
1254 2307 1308 2396 od
1329 2309 1341 2395 i
1360 2307 1469 2396 detti
1488 2309 1588 2400 Biisi
1612 2311 1836 2416 canonici,
1861 2311 1942 2402 che
1965 2343 2078 2402 sem-

591 2471 608 2508 «
647 2460 726 2548 pre
760 2430 814 2520 ed
848 2431 892 2516 in
927 2431 1026 2548 ogni
1064 2447 1211 2550 tempo
1244 2429 1391 2520 lutoso
1425 2430 1512 2520 due
1546 2432 1592 2522 di
1625 2433 1736 2522 detti
1758 2434 1965 2524 Canonici
1998 2439 2070 2526 ab

591 2591 607 2629 ι
647 2551 781 2640 biano
815 2583 839 2640 o
872 2551 1083 2642 debhano
1117 2555 1175 2642 da
1223 2584 1367 2642 essere
1400 2553 1429 2640 li
1463 2553 1553 2643 dne
1603 2555 1805 2646 Parrochi
1854 2557 1901 2646 di
1956 2557 2076 2649 detta

591 2713 608 2754 c
647 2677 1088 2766 Veml'arrocclsiale
1132 2676 1380 2766 Basilica.»
1418 2677 1637 2768 Omnibus
1684 2693 1831 2768 autem
1876 2679 2074 2770 indiscri-

586 2797 787 2887 minatim
812 2799 1039 2892 Canonicis
1063 2799 1173 2888 hanc
1218 2815 1397 2888 testator
1419 2798 1560 2917 legem
1587 2802 1808 2920 imposuit,
1828 2835 1951 2922 ¹quac
1972 2806 2074 2893 hnic

585 2921 830 3038 quaestioni
856 2922 1061 3039 praebuit
1084 2923 1318 3042 originem:
1351 2965 1366 3000 ι
1401 2923 1573 3043 Vnglio,
1600 2924 1679 3012 che
1701 2956 1877 3042 ogunno
1894 2927 1940 3015 di
1964 2927 2075 3016 detti

594 3085 608 3120 ι
649 3045 856 3134 Canonici
890 3043 939 3133 sii
975 3060 1126 3136 tenuto
1159 3046 1215 3136 ed
1249 3046 1475 3164 obbligato
1509 3047 1609 3166 ogni
1644 3048 1797 3166 giorno
1840 3050 2020 3139 recitare
2053 3082 2078 3140 e

592 3207 608 3245 ι
649 3182 821 3256 cantare
856 3167 883 3256 il
917 3167 1068 3259 divino
1101 3169 1246 3260 ollrcio
1280 3169 1348 3257 nel
1382 3171 1493 3260 Coro
1526 3170 1569 3258 di
1605 3169 1723 3258 detta
1773 3172 2072 3262 Parrocchiale

595 3331 610 3364 «
650 3290 832 3379 Basilica
867 3290 912 3379 di
946 3291 992 3382 S.
1018 3296 1227 3394 Lorenno‚
1262 3293 1514 3414 consessore,
1544 3291 1742 3382 assistere
1775 3293 1891 3383 nelle
1940 3299 2073 3385 Messe

595 3453 611 3491 ι
653 3427 823 3502 cantate
856 3415 1131 3534 quotidiane,
1153 3450 1177 3506 e
1211 3434 1364 3536 questo
1384 3450 1407 3504 a
1425 3417 1513 3504 mia
1549 3415 1813 3522 intenzione,
1842 3449 1866 3506 e
1889 3449 1969 3536 per
1991 3419 2016 3506 l’
2035 3451 2076 3508 a·

591 3577 608 3615 ι
648 3535 765 3626 nima
800 3537 888 3626 mia
922 3567 946 3625 e
980 3540 1236 3628 remissione
1270 3539 1343 3628 dci
1376 3539 1476 3628 miei
1510 3537 1692 3656 peccati.
1726 3580 1742 3617 ι

652 3682 654 3691 ·
711 3659 967 3780 Apostolicis
1001 3662 1135 3750 Bullis
1168 3661 1301 3750 dieil
1342 3662 1484 3751 Martii
1520 3662 1640 3750 t737
1673 3679 1816 3751 erecta
1865 3662 1946 3752 luit
1980 3665 2076 3755 Gol-

587 3785 748 3902 legiata
781 3800 878 3873 octo
912 3783 995 3873 illis
1029 3784 1257 3876 Canonicis
1290 3783 1474 3906 aliisque
1508 3785 1742 3874 duodecim
1777 3785 1833 3875 de
1877 3785 1971 3875 iure
2006 3788 2082 3875 iti-

588 3907 693 3996 dem
728 3922 986 4027 patronatus
1020 3908 1302 3998 nominandis
1335 3923 1551 4012 constans,
1580 3909 1692 3996 inter
1737 3941 1845 4028 quos
1879 3908 1970 3998 duo
2005 3911 2079 3998 Di·

590 4028 757 4149 gnitate
791 4029 989 4119 Cantoris
1022 4047 1065 4118 et
1097 4032 1262 4121 Decani
1297 4031 1493 4150 insigniti
1518 4049 1633 4136 sunt,
1660 4048 1704 4120 et
1726 4031 1973 4121 animarum
2008 4066 2079 4122 eu·

589 4183 666 4241 rae
698 4151 956 4274 praepositi.
979 4153 1135 4266 Quoad
1169 4154 1409 4244 Canonicos
1443 4185 1546 4243 vero
1580 4187 1604 4242 a
1638 4155 1821 4244 Messina
1863 4155 2079 4244 institutos

589 4275 695 4366 haec
728 4275 853 4368 Sum.
881 4276 1081 4394 Pontifex
1114 4277 1312 4366 sancivit:
1343 4316 1359 4354 ι
1392 4279 1442 4365 Bt
1475 4279 1836 4397 quotiescumque
1860 4277 1942 4396 ipsi
1975 4280 2080 4369 Can·

591 4441 606 4476 ι
649 4415 790 4488 toret
823 4400 1026 4488 Decanus
1061 4400 1104 4488 in
1138 4399 1344 4490 exercitio
1377 4432 1506 4490 curae
1540 4399 1789 4490 animarum
1825 4399 2079 4490 huiusmodi

481 4557 482 4560 ¹
592 4564 607 4598 ι
648 4538 722 4610 aut
754 4525 1139 4616 sacramentorum
1172 4523 1385 4613 Ecclesiae
1407 4523 1802 4628 administratione,
1831 4555 1880 4613 ac
1902 4554 1979 4613 sex
2000 4525 2077 4615 Ca·

590 4683 607 4721 ι
649 4644 794 4733 nonici
828 4677 903 4734 sex
936 4647 1224 4736 Canonicatus
1258 4645 1530 4766 totidemque
1564 4646 1813 4766 prebendas
1859 4647 1979 4736 iuxta
2014 4647 2078 4737 di-

590 4775 612 4844 «'
648 4767 929 4886 spositionem
965 4767 1066 4858 dieti
1099 4769 1234 4877 Petri,
1262 4800 1341 4886 per
1373 4801 1418 4858 se
1451 4786 1500 4857 ut
1522 4768 1768 4888 praefertur
1787 4770 2020 4889 erigendos
2038 4785 2082 4858 et

583 4919 610 4970 ἰ
652 4890 881 5009 erigendas
916 4921 995 5008 pro
1019 4907 1219 5012 tempore
1236 4892 1485 4982 obtinentes
1502 4893 1545 4980 in
1582 4892 1954 4982 Socrarnentolinnz
1982 4895 2084 4982 Gon·

595 5059 612 5099 e
651 5017 875 5139 sessionum
910 5018 1139 5132 receptione
1172 5017 1214 5104 io
1250 5015 1444 5136 praelata
1477 5017 1716 5106 Parochiali
1750 5017 1940 5108 Ecclesia
1973 5021 2081 5110 San-

594 5181 611 5218 «
651 5139 707 5230 cti
728 5138 952 5228 Laurentii
986 5139 1028 5228 in
1063 5139 1328 5229 saecularem
1354 5155 1397 5228 et
1420 5138 1639 5257 insignem
1660 5139 1945 5260 Collegiatam
1968 5167 2080 5259 quae

595 5302 611 5340 ι
654 5281 697 5351 et
729 5261 990 5352 Parochialis
1024 5277 1072 5350 ut
1106 5281 1232 5351 antea
1266 5262 1423 5353 existat
1455 5265 1640 5353 Ecclesia
1673 5283 1753 5382 per
1786 5295 1831 5354 se
1877 5268 1925 5353 u't
1958 5294 2082 5381 prae·

589 5411 613 5464 ··
652 5386 790 5476 fertur
823 5385 1030 5504 erigenda
1064 5385 1304 5503 respective
1338 5389 1528 5503 occupati
1569 5387 1853 5508 fuerintque
1881 5417 2080 5504 praesen-

598 5547 615 5584 ι
655 5509 763 5598 tibns
796 5508 1042 5606 habeantur,
1068 5507 1279 5627 dictosque
1313 5507 1629 5599 distributiones
1647 5538 1727 5630 pro
1745 5529 1836 5600 rata
1859 5513 1922 5600 eis
1938 5527 1981 5600 et
2004 5510 2076 5600 eo·
