4460 6332
742 302 827 390 oo
855 302 917 392 23
949 301 1134 418 noyon
1165 299 1303 390 4879.
1670 300 1754 390 ιοι

279 465 302 507 a
335 429 513 518 sembra
544 425 602 516 da
637 424 876 514 attendersi
912 424 952 514 la
988 423 1317 514 testimuniauza
1351 421 1395 512 di
1429 437 1583 540 questa
1616 420 1766 520 donna

249 581 299 632 ἀ
340 581 419 667 por
451 582 568 641 esser
599 581 693 640 ossa
729 547 894 638 l’erede
926 548 1001 638 del
1044 546 1252 648 llerluni,
1296 577 1321 634 e
1368 544 1524 664 qnindi
1561 544 1604 632 in
1638 577 1769 640 causa

281 714 297 751 ι
337 675 595 762 resterebbe
628 701 801 788 sempre
825 703 849 759 a
873 669 1044 759 vedersi
1077 700 1123 758 se
1159 668 1244 758 lale
1276 669 1533 758 ouudizione
1563 667 1626 755 sia
1658 689 1771 762 slata

283 833 301 875 e
341 811 522 914 opposta
556 797 685 882 inscio
716 793 782 881 nel
823 795 972 881 sciente
1003 792 1230 908 Episcopo.
1268 795 1356 882 Ora
1391 792 1460 878 nel
1494 821 1592 879 cuso
1628 808 1774 884 nostru

282 957 300 996 ι
338 919 372 1005 si
406 919 491 1008 dee
525 919 715 1006 rilenere
747 917 827 1004 ohe
849 916 914 1004 cio
948 915 1176 1004 arrenisse
1211 916 1341 1002 inscio
1362 914 1590 1032 Episcopo,
1614 917 1774 1031 perche

281 1079 299 1120 ι
340 1043 379 1129 la
412 1041 534 1130 della
567 1039 823 1129 condizione
857 1039 1006 1126 risulla
1047 1038 1102 1126 da
1129 1036 1221 1126 'una
1256 1040 1456 1126 serillura
1492 1038 1661 1154 privula
1696 1071 1768 1138 oo·

282 1201 300 1242 ι
341 1164 576 1251 nosciulusi
611 1163 798 1250 sullanlo
830 1163 948 1279 dopo
983 1161 1024 1248 la
1058 1180 1197 1249 morlo
1230 1161 1301 1250 del
1335 1159 1538 1252 Casadei.

406 1284 599 1406 Explolis
631 1287 839 1372 omnibus
892 1285 932 1371 in
967 1283 1178 1372 hodierno
1196 1303 1413 1370 ronrenlu
1432 1312 1607 1370 eausam
1632 1283 1781 1372 diseu-

284 1407 496 1525 plaudam
531 1406 740 1528 proposui
763 1407 845 1496 sub
863 1406 1099 1496 dubiorum
1125 1406 1312 1495 lormula
1337 1409 1380 1492 in
1404 1407 1522 1493 calce
1545 1407 1773 1522 exscriptis

284 1530 386 1618 hinc
425 1560 587 1648 operae
622 1532 810 1648 prelium
847 1531 952 1618 duxi
987 1531 1246 1616 summatim
1278 1529 1440 1616 relerre
1470 1558 1585 1646 quae
1618 1558 1641 1614 a
1676 1561 1775 1647 par·

282 1653 404 1740 libus
440 1654 651 1770 produclu
685 1652 823 1740 luere.
1601 1670 1603 1676 '

286 1817 291 1829 ’
412 1775 705 1864 Haeredilalis
738 1773 927 1865 Casudei·
953 1773 1157 1864 delensor
1189 1807 1266 1893 pro
1291 1777 1377 1862 aris
1409 1773 1602 1890 lucisque
1626 1790 1772 1862 luerur

280 1899 388 1986 sacri
426 1897 680 1985 patrimonii
730 1897 1084 1986 ourrstiluliunem
1127 1896 1323 1986 licliliam
1376 1897 1536 1997 luisse,
1589 1893 1777 2013 ideoque

279 2014 821 2109 ‘nullam-renunciandum
846 2051 953 2108 esse.
981 2022 1109 2134 Quod
1137 2021 1288 2108 niiilur
1310 2019 1542 2108 ostendere
1576 2048 1630 2104 ex
1665 2019 1778 2107 lurlo

281 2173 372 2263 quo
406 2173 472 2232 res
505 2175 597 2231 sese
633 2146 881 2230 habuerunt
915 2144 958 2230 in
1006 2143 1078 2230 uli
1129 2143 1325 2260 negocio.
1383 2142 1599 2230 Audialur
1629 2171 1768 2231 sane:

287 2305 303 2344 ι
345 2269 408 2352 Fu
453 2297 673 2383 premesso
698 2265 1034 2354 all’islrumenlo
1070 2296 1128 2354 un
1166 2283 1286 2383 pullo
1308 2265 1387 2352 elie
1412 2265 1619 2381 paralizzo
1657 2261 1777 2352 l’effi-

288 2430 304 2468 ι
346 2389 462 2476 uaria
485 2387 557 2476 del
580 2391 839 2494 medesimu‚
863 2405 980 2505 pallo
1002 2391 1082 2476 elie
1106 2419 1246 2477 venne
1269 2385 1441 2476 affidalo
1465 2386 1521 2474 ad
1546 2418 1630 2476 una
1654 2389 1776 2476 seril-

286 2548 303 2586 ι
347 2527 443 2599 lura
477 2512 615 2630 legale
647 2513 912 2600 solloserilla
945 2512 1063 2600 dalle
1107 2511 1222 2630 parli
1255 2528 1777 2626 contemporanenmenle

288 2674 306 2710 ι
346 2635 418 2721 nel
454 2635 696 2722 medesimo
730 2635 874 2751 luogo,
896 2635 1008 2723 collo
1030 2649 1163 2722 stesso
1199 2633 1445 2734 iun-,hioslrm
1468 2632 1524 2722 ed
1560 2632 1643 2720 alla
1677 2663 1776 2750 pre·

287 2795 308 2834 ι
345 2787 472 2844 senza
507 2757 579 2845 dei
616 2757 834 2845 testimoni
867 2757 1132 2860 medesimi3
1173 2772 1292 2872 pallo
1326 2757 1533 2873 stipulatu
1563 2753 1608 2842 iu
1642 2763 1778 2871 oppo-

289 2919 306 2956 ι
346 2879 510 2968 sizione
543 2881 814 2995 apertissima
849 2881 933 2969 olle
968 2881 1079 2998 laggi
1113 2879 1361 2968 Canoniehe
1393 2878 1554 2966 edullo
1586 2879 1775 2966 medesi-

288 3039 305 3078 ι
350 3031 421 3088 me
453 3002 732 3090 condannato
779 3001 887 3090 oolla
927 3035 1037 3120 pona
1072 3001 1116 3090 di
1152 3003 1306 3090 nullili
1350 3001 1467 3090 dello
1501 3017 1632 3088 slesso
1667 3017 1773 3106 allo,

289 3163 307 3200 r
347 3123 428 3212 che
460 3125 705 3213 ousliluisce
739 3125 767 3212 il
803 3126 1092 3212 patrimonio.
1137 3166 1153 3202 ι

404 3247 494 3336 Nec
526 3249 644 3336 salis:
669 3249 946 3366 prosequitur
979 3247 1125 3336 enim:
1158 3287 1175 3326 ι
1205 3275 1291 3334 ιιοιι
1325 3277 1383 3334 un
1416 3274 1551 3348 mese,
1580 3277 1651 3335 ma
1683 3247 1763 3335 soli

297 3407 313 3446 ι
356 3385 422 3457 lre
454 3369 595 3487 giorni
630 3372 772 3489 prima
819 3370 934 3460 della
978 3371 1025 3460 S.
1062 3369 1355 3458 Ordinazione
1403 3369 1446 3456 lu
1491 3369 1710 3458 cosliluilu
1745 3369 1776 3458 il

292 3529 310 3570 ι
351 3493 636 3597 Ριιίιὶιηοιιίο,
675 3524 699 3580 e
723 3493 1039 3610 precissmenle
1064 3493 1091 3579 il
1116 3493 1268 3611 giorno
1290 3491 1530 3581 successivo
1554 3524 1577 3579 a
1600 3493 1647 3582 S.
1669 3493 1776 3582 Giu-

289 3653 307 3692 «
346 3645 485 3733 seppe
522 3617 564 3702 in
599 3615 768 3720 modu,
805 3617 883 3706 che
931 3617 1002 3704 dal
1045 3617 1089 3706 di
1134 3615 1175 3701 in
1222 3615 1290 3704 coi
1323 3615 1367 3702 lu
1405 3633 1554 3733 regalo
1587 3617 1769 3704 l'allua

290 3776 309 3815 ι
348 3738 499 3855 quello
532 3737 935 3828 dell'Ordinazione
969 3771 1054 3826 non
1092 3753 1318 3826 reslavano
1351 3740 1430 3826 clre
1459 3755 1524 3824 lre
1546 3739 1686 3856 giorni
1714 3737 1773 3825 le·

291 3899 310 3938 ι
351 3859 466 3960 riuli‚
505 3859 547 3946 in
581 3863 650 3950 oui
684 3877 950 3950 cerlamenle
984 3894 1068 3950 non
1104 3861 1326 3979 prrluvunsi
1361 3861 1452 3948 lare
1485 3860 1525 3948 lo
1548 3859 1774 3978 prescrille

294 4021 312 4060 ι
353 3983 677 4099 pubblioaziuni
727 3987 839 4074 inter
885 3991 1104 4072 missorum
1149 3982 1367 4072 solemnia.
1415 3985 1509 4070 Non
1556 3985 1600 4072 lu
1634 4001 1775 4100 punio

295 4143 312 4181 ι
351 4104 618 4194 denunciala
652 4107 692 4194 la
726 4109 881 4196 liberta
915 4141 940 4196 o
972 4109 1184 4196 sicurezza
1218 4106 1288 4194 del
1324 4105 1533 4223 Capitale,
1559 4107 1638 4197 elie
1661 4105 1775 4194 allro

295 4265 313 4304 ι
353 4257 443 4315 non
477 4257 551 4316 era
579 4258 625 4316 se
659 4259 745 4317 non
783 4263 839 4318 un
875 4231 1043 4319 credito
1093 4230 1163 4318 del
1208 4228 1421 4334 Casadoi,
1458 4259 1584 4317 senza
1620 4231 1774 4318 alcuna

293 4387 311 4426 ι
354 4351 524 4466 ipoleca
559 4371 710 4441 contro
743 4353 754 4439 i
789 4353 949 4442 'lurelri
983 4351 1027 4440 di
1056 4351 1299 4468 Longiunu.
1320 4353 1414 4438 Non
1440 4351 1488 4438 lu
1518 4353 1603 4438 mai
1629 4351 1776 4468 pusula

297 4511 315 4550 ι
354 4488 529 4560 assunla
564 4473 732 4590 ipnleea
765 4476 837 4564 dal
871 4475 980 4566 Colli
1013 4505 1137 4565 come
1172 4507 1247 4564 era
1279 4473 1505 4592 obbligalo
1538 4505 1618 4592 per
1650 4475 1774 4589 legge

298 4635 314 4674 ι
353 4593 552 4684 sinodale
586 4613 713 4685 enlro
746 4597 904 4718 cinque
937 4599 1096 4718 giomi,
1133 4629 1221 4686 non
1257 4596 1393 4715 perosi)
1422 4600 1512 4692 ¹mai
1546 4629 1569 4683 a
1604 4595 1776 4684 rilirure

296 4759 314 4796 ι
353 4718 526 4806 almeno
562 4718 575 4805 i
610 4719 718 4808 nuli
754 4718 826 4808 dal
861 4721 1042 4810 Casadei
1076 4752 1125 4809 su
1160 4723 1262 4838 qual
1296 4720 1479 4823 creditu,
1502 4720 1582 4810 elie
1614 4718 1773 4805 veuivu

162 4909 175 4917 ..
295 4842 770 4960 «ululassegna103
808 4843 852 4932 in
896 4875 980 4931 nna
1015 4846 1164 4962 parolu
1214 4875 1298 4930 nun
1349 4843 1493 4960 compl
1534 4841 1688 4930 alcuna
1726 4841 1771 4930 di

297 5005 314 5042 ι
352 4965 499 5081 quelle
532 4965 751 5055 lormalilia
784 4999 808 5054 e
841 4966 1118 5085 disposizioni
1167 4967 1212 5054 di
1247 4966 1370 5084 legge
1402 4973 1481 5052 che
1514 4995 1620 5054 suno
1655 4962 1778 5050 indi-

296 5126 314 5167 ι
355 5085 510 5176 rizzale
542 5119 566 5175 a
599 5093 792 5208 scoprire
827 5090 866 5178 le
899 5090 1013 5180 lrudi
1046 5121 1072 5178 e
1103 5089 1345 5208 gl'inganni
1393 5089 1471 5176 che
1515 5087 1676 5176 lossero
1710 5086 1777 5172 in·

301 5251 318 5290 ι
359 5211 596 5314 lerveuuli;
634 5243 731 5302 cose
764 5230 874 5301 lullo
907 5211 986 5301 ohe
1020 5241 1099 5330 per
1132 5213 1256 5330 legge
1277 5209 1474 5300 sinodale
1496 5212 1635 5300 duvea
1659 5237 1777 5298 oom-

297 5373 313 5414 ι
355 5333 476 5451 plere
508 5334 537 5420 il
570 5335 679 5424 Colli
713 5335 962 5425 medrsimu·
995 5375 1035 5423 ι.

415 5455 459 5546 Si
493 5487 624 5573 porro
657 5459 943 5547 haecomnia
985 5456 1161 5546 insimul
1200 5457 1500 5574 ponderentur
1531 5488 1630 5546 cnm
1665 5454 1777 5543 laolo

291 5577 535 5684 Guillelmi,
556 5580 630 5698 qni
654 5581 823 5671 nonnisi
846 5598 946 5701 pusl
967 5582 1103 5671 [alum
1127 5581 1430 5670 eousliluenlis
1462 5582 1774 5790 lruonkspepe·
