4530 6336
832 135 867 200 N

698 357 781 448 Dic
809 359 860 448 21
902 357 1020 449 Iunii
1053 341 1188 448 1879.
1595 347 1710 453 2951·

198 485 324 578 sendi
358 515 383 574 a
418 483 621 604 paroecia
654 481 711 571 ad
745 497 833 570 tres
868 513 1039 571 menses
1071 479 1286 604 Reiffeast.
1318 483 1383 572 Da
1418 483 1561 572 Restat.
1603 485 1692 574 Pa·

201 608 319 696 raclt.
350 608 425 696 lid.
451 609 480 696 3
502 606 570 694 tit.
593 605 622 694 lt
643 637 757 692 arem.
785 607 861 703 77,
888 605 1077 720 Fapaan.
1107 605 1470 722 locupletatam
1491 639 1537 695 a.
1584 607 1636 697 21
1651 645 1708 712 .,·

202 731 381 820 Barbas.
391 745 512 848 part.
530 728 547 814 1
567 759 662 846 cop.
679 731 710 816 8
727 724 899 850 deoffic.
918 728 1100 816 l’aroclr.
1116 759 1160 815 a.
1177 731 1254 848 58
1269 729 1423 818 Peccat
1438 731 1617 819 ulterius
1641 733 1686 820 io

201 855 298 954 hoc,
316 854 439 972 quod
471 851 710 968 Episcopus
742 851 826 940 sibi
860 852 1099 940 reservavit
1121 855 1187 941 ius
1208 853 1511 942 Oeconomum
1549 857 1709 942 nomi·

200 976 353 1081 nandi,
390 974 465 1094 qui
498 974 691 1094 alioquin
726 1003 750 1060 a
781 975 978 1062 Paracho
995 975 1224 1091 eligendus
1247 993 1340 1062 crat
1363 995 1496 1098 atque
1518 977 1574 1064 ab
1598 978 1681 1065 Or·

200 1099 374 1188 dinario
408 1098 738 1216 approbandus.
787 1097 887 1209 Qua
938 1099 978 1185 in
1031 1127 1076 1186 re
1122 1097 1214 1186 dux
1262 1096 1370 1185 milri
1420 1100 1474 1186 sit
1516 1098 1684 1186 rosolu-

202 1221 263 1310 tio
296 1222 343 1312 S.
380 1221 434 1308 V.
471 1220 526 1308 Ο.
564 1217 607 1304 in
642 1219 813 1308 [aaran.
861 1222 920 1307 10
950 1219 1063 1336 Sept.
1104 1220 1239 1308 1735.
1292 1222 1520 1338 Agebatur
1567 1221 1703 1337 inibi¹

200 1343 259 1434 de
294 1342 486 1432 Antonio
520 1343 651 1430 ilatio
685 1345 876 1430 Paroclso
913 1343 1038 1432 villae
1071 1343 1294 1432 Fassinelli
1345 1359 1496 1431 contra
1547 1373 1683 1460 qoem

200 1467 352 1587 plores
384 1465 703 1554 obiiciebantur
734 1463 944 1566 delectus,
983 1482 1163 1583 propter
1185 1497 1295 1584 quos
1315 1464 1680 1582 drahiepiscopus

202 1589 485 1708 praeceptum
505 1587 606 1674 tulit
628 1585 683 1674 do
706 1617 793 1676 nou
817 1589 1068 1677 accedendo
1091 1587 1147 1676 ad
1166 1589 1387 1705 propriam
1415 1587 1680 1704 paroeciam3

203 1741 372 1801 necnon
426 1709 964 1827 demandansprocessus
1002 1711 1318 1801 conlectionem
1369 1713 1450 1798 suh
1500 1711 1684 1798 obtentu

203 1833 368 1922 nimiae
403 1831 669 1921 adversionis
703 1835 761 1920 ab
793 1837 913 1922 omni
950 1834 1113 1951 populo
1146 1834 1447 1922 Oeconomum
1490 1833 1681 1950 deputa-

201 1956 282 2043 vit.
321 1955 536 2042 l’arochus
570 1955 821 2044 reclamavit
853 1955 909 2044 ad
941 1959 987 2044 S.
1023 1957 1417 2073 Congregationem
1438 1969 1502 2044 et
1547 1985 1703 2045 causa.

203 2077 396 2168 discussa
428 2077 474 2166 S.
501 2079 791 2196 congregatio
813 2079 1060 2194 respondit:
1085 2121 1100 2158 ι
1130 2077 1281 2166 Dilata
1302 2095 1341 2166 ct
1364 2079 1533 2166 interim
1549 2080 1687 2164 aonci-

202 2231 253 2290 ne
273 2199 318 2288 S.
342 2199 550 2315 Conprep.
585 2199 804 2316 deputetur
836 2201 1083 2294 Oeconomus
1115 2237 1142 2290 a
1171 2202 1366 2290 Paraclto
1409 2199 1686 2290 nominandas

205 2339 246 2412 et
276 2320 327 2409 ab
359 2319 690 2438 Aralu'cpiscopo
723 2323 1018 2439 approbandus
1067 2327 1278 2442 assipaata
1326 2324 1460 2413 eidem
1502 2355 1686 2439 conpraa

206 2443 340 2532 libell.
378 2445 438 2535 18
477 2445 520 2530 ia
554 2445 739 2559 sispalos
784 2478 948 2536 merrses.
989 2449 1158 2566 Reliqui
1200 2479 1296 2534 uero
1324 2447 1517 2536 redditas
1544 2475 1687 2561 paro-

205 2567 323 2655 clrioe
353 2599 506 2654 necnon
540 2565 737 2666 decimae,
758 2601 862 2686 puae
882 2587 1045 2660 maneat
1072 2569 1195 2660 tit-alo
1219 2570 1399 2688 depositi
1416 2566 1687 2687 pcaesPrae·

200 2691 386 2899 positam
424 2691 578 2778 Terrae
622 2689 771 2780 Graais
812 2691 940 2782 libere
985 2710 1025 2787 et
1071 2696 1230 2812 inteprc
1277 2696 1566 2812 coasipaeatar
1602 2691 1685 2778 Pa-

203 2845 278 2900 roa
310 2843 401 2902 o».

328 2939 393 3025 Re
426 2951 471 3023 at
504 2967 609 3024 vero
645 2937 843 3026 intimius
875 2955 1102 3058 perspecta
1136 2939 1364 3030 videretur
1403 2935 1522 3056 quod
1555 2965 1685 3023 causa

203 3057 499 3174 suspensionis
531 3059 573 3145 in
609 3061 758 3177 populi
792 3063 1018 3152 aversione
1051 3063 1285 3151 consistens
1319 3063 1500 3150 minime
1522 3059 1686 3146 subsis-

205 3197 270 3269 tat
290 3180 335 3268 in
371 3179 502 3269 lacto.
539 3181 583 3272 Si
631 3183 783 3272 demas
825 3186 941 3273 enim
992 3185 1318 3274 inclamationes
1364 3181 1685 3302 quinquaginta

205 3321 305 3392 octo
323 3304 579 3408 incolarum,
613 3305 790 3424 Syndici
814 3325 859 3396 et
881 3305 1206 3398 Sub-Praelccti
1230 3306 1501 3406 Provinciae,
1523 3301 1686 3392 caeteri

205 3427 467 3514 parochiani
500 3446 650 3516 contra
695 3431 938 3520 Parachum
987 3431 1220 3522 Carlevaro
1252 3461 1308 3518 ue
1340 3425 1686 3518 obmussitarunt

207 3546 408 3666 quidem.
446 3551 661 3654 lamvero,
688 3553 837 3642 indole
861 3573 1101 3644 nostrorum
1130 3576 1377 3670 temporum
1400 3565 1563 3639 attente
1586 3577 1686 3664 per-

205 3689 371 3786 specta,
409 3672 451 3758 in
487 3674 649 3794 quibus
682 3677 879 3767 homines
929 3709 1117 3796 nequam
1164 3675 1349 3764 nimium
1382 3673 1598 3791 sapientes
1635 3685 1683 3756 ut

209 3791 370 3880 laciant
403 3795 533 3898 mola,
570 3797 739 3888 bonum
774 3819 921 3888 autem
954 3800 1099 3891 lacere
1133 3799 1345 3900 nesciunt,
1368 3825 1454 3884 non
1483 3821 1604 3882 secus
1637 3821 1688 3880 ac

208 3916 503 4034 quarumdam
538 3921 873 4036 ephemeridum
898 3923 1130 4042 scriptores
1148 3921 1223 4039 qui
1244 3921 1468 4036 propriam
1491 3913 1687 4002 iactitant

206 4053 250 4125 et
284 4040 492 4156 evulgant
539 4043 790 4158 opinionem
830 4045 1060 4162 piraticam,
1086 4043 1299 4163 quasdam
1349 4037 1686 4154 subscriptiones

210 4191 258 4248 aa
290 4164 430 4250 crucis
460 4163 582 4282 signa
617 4164 699 4256 huc
731 4167 832 4257 illuc
863 4173 1130 4291 expiscantes
1162 4173 1314 4294 populi
1338 4162 1515 4283 nomine
1548 4158 1685 4274 impio

210 4295 254 4370 et
289 4286 518 4372 temerario
548 4317 654 4375 ausu
688 4293 992 4386 ecclesiasticas
1025 4297 1261 4416 civilesque
1282 4308 1460 4382 movent
1499 4299 1687 4402 potesta-

212 4421 292 4505 tes,
320 4423 366 4494 ot
388 4407 541 4498 lidcles
575 4411 785 4504 Ecclesiae
819 4419 1004 4509 ministri
1040 4436 1371 4539 persequantur,
1399 4409 1601 4503 facillime
1625 4401 1687 4487 in-

210 4528 362 4616 venies
396 4550 670 4648 praetensam
706 4539 943 4630 aversionis
976 4543 1124 4662 populi
1157 4571 1327 4632 causam
1358 4537 1463 4626 lalso
1485 4531 1684 4620 laborare

204 4655 451 4772 supposito.
487 4657 617 4769 Quod
651 4677 798 4750 autem
832 4695 901 4752 res
935 4666 992 4754 ita
1014 4697 1062 4758 sc
1084 4654 1520 4776 habueritcrumpit
1542 4681 1594 4738 cx
1617 4643 1685 4734 di-

203 4773 286 4861 ctis
313 4778 508 4882 l‘aroclri,
545 4780 620 4898 qui
654 4781 741 4872 iarn
776 4803 972 4877 extrema
1007 4820 1180 4879 versans
1215 4789 1259 4875 in
1308 4780 1455 4902 inopia
1486 4773 1683 4895 redinte-

204 4898 459 5013 grationem
497 4905 707 4994 instanter
738 4894 957 5030 'antaplon
1004 4913 1181 5002 edicens
1229 4899 1513 5014 'reversionem¹
1543 4889 1699 5032 plebis

208 5023 434 5114 consistere
464 5025 509 5112 ia
541 5029 646 5144 quei·
669 5031 796 5144 poclri
833 5034 904 5120 cire
930 5037 1066 5123 troarno
1102 5033 1258 5152 podato
1293 5067 1314 5119 c
1343 5026 1513 5144 podoao'
1539 5021 1576 5107 le
1599 5041 1685 5156 {pte

206 5158 394 5236 sostoaze
425 5149 736 5266 irnpaaemeate.
773 5157 919 5268 Scatet
945 5178 1009 5246 'ex'
1035 5157 1238 5276 pluribus
1263 5151 1401 5242 *lalsis
1445 5157 1681 5237 acccusatio-

203 5263 340 5357 nibus
373 5293 525 5363 contra
558 5277 767 5366 eumdem
804 5278 849 5365 in.
882 5281 1121 5400 Episcopali
1154 5281 1286 5371 Curia
1331 5268 1590 5400 productis,
1627 5259 1704 5346 lla.

205 5385 408 5484 eliceam
439 5396 616 5488 decreto
651 5400 746 5490 licet
776 5404 958 5495 carnium
990 5406 1229 5496 alendorum
1268 5399 1349 5494 tibi
1386 5389 1704 5488 attributorum⁴
