<?xml version="1.0" encoding="UTF-8"?>
<!DOCTYPE html PUBLIC "-//W3C//DTD XHTML 1.0 Transitional//EN"
    "http://www.w3.org/TR/xhtml1/DTD/xhtml1-transitional.dtd">
<html xmlns="http://www.w3.org/1999/xhtml" xml:lang="en" lang="en">
 <head>
  <title>
</title>
<meta http-equiv="Content-Type" content="text/html;charset=utf-8" />
  <meta name='ocr-system' content='tesseract 3.04.00' />
  <meta name='ocr-capabilities' content='ocr_page ocr_carea ocr_par ocr_line ocrx_word'/>
</head>
<body>
  <div class='ocr_page' id='page_1' title='image "./thesaurusresolu00churgoog_0243.png"; bbox 0 0 4558 6340; ppageno 0'>
   <div class='ocr_carea' id='block_1_1' title="bbox 585 251 2093 1114">
    <p class='ocr_par' dir='ltr' id='par_1_1' title="bbox 585 251 1605 370">
     <span class='ocr_line' id='line_1_1' title="bbox 585 251 1605 370; baseline 0.001 -29"><span class='ocrx_word' id='word_1_1' title='bbox 585 263 678 356; x_wconf 73' lang='lat'>232</span> <span class='ocrx_word' id='word_1_2' title='bbox 1052 253 1135 344; x_wconf 78' lang='lat' dir='ltr'>Die</span> <span class='ocrx_word' id='word_1_3' title='bbox 1163 254 1227 340; x_wconf 77' lang='lat'>26</span> <span class='ocrx_word' id='word_1_4' title='bbox 1259 251 1433 370; x_wconf 77' lang='lat' dir='ltr'>Aprilis</span> <span class='ocrx_word' id='word_1_5' title='bbox 1464 253 1605 344; x_wconf 72' lang='lat'><strong>4879.</strong></span> 
     </span>
    </p>

    <p class='ocr_par' dir='ltr' id='par_1_2' title="bbox 591 375 2093 1114">
     <span class='ocr_line' id='line_1_2' title="bbox 712 375 2083 496; baseline 0 -28"><span class='ocrx_word' id='word_1_6' title='bbox 712 381 836 494; x_wconf 87' lang='lat' dir='ltr'>Quae</span> <span class='ocrx_word' id='word_1_7' title='bbox 867 378 1049 496; x_wconf 90' lang='lat' dir='ltr'>quidem</span> <span class='ocrx_word' id='word_1_8' title='bbox 1085 377 1142 466; x_wconf 87' lang='lat' dir='ltr'>ad</span> <span class='ocrx_word' id='word_1_9' title='bbox 1175 377 1497 466; x_wconf 83' lang='lat' dir='ltr'>abundantiam</span> <span class='ocrx_word' id='word_1_10' title='bbox 1534 375 1674 464; x_wconf 81' lang='lat' dir='ltr'>ferme</span> <span class='ocrx_word' id='word_1_11' title='bbox 1706 378 1820 468; x_wconf 81' lang='lat' dir='ltr'>dicta</span> <span class='ocrx_word' id='word_1_12' title='bbox 1853 407 1956 468; x_wconf 86' lang='lat' dir='ltr'>esse</span> <span class='ocrx_word' id='word_1_13' title='bbox 1991 407 2083 495; x_wconf 88' lang='lat' dir='ltr'>per-</span> 
     </span>
     <span class='ocr_line' id='line_1_3' title="bbox 591 497 2086 632; baseline -0.004 -38"><span class='ocrx_word' id='word_1_14' title='bbox 591 523 713 632; x_wconf 76' lang='lat' dir='ltr'>gunt.</span> <span class='ocrx_word' id='word_1_15' title='bbox 740 500 960 592; x_wconf 82' lang='lat' dir='ltr'>Notissimi</span> <span class='ocrx_word' id='word_1_16' title='bbox 995 501 1115 590; x_wconf 90' lang='lat' dir='ltr'>euim</span> <span class='ocrx_word' id='word_1_17' title='bbox 1150 497 1255 587; x_wconf 88' lang='lat' dir='ltr'>iuris</span> <span class='ocrx_word' id='word_1_18' title='bbox 1286 517 1367 604; x_wconf 86' lang='lat' dir='ltr'>est,</span> <span class='ocrx_word' id='word_1_19' title='bbox 1394 501 1513 618; x_wconf 87' lang='lat' dir='ltr'>qued</span> <span class='ocrx_word' id='word_1_20' title='bbox 1548 502 1795 619; x_wconf 67' lang='lat' dir='ltr'>&#39;theologus</span> <span class='ocrx_word' id='word_1_21' title='bbox 1841 515 1885 587; x_wconf 93' lang='lat' dir='ltr'>et</span> <span class='ocrx_word' id='word_1_22' title='bbox 1937 504 2086 594; x_wconf 86' lang='lat' dir='ltr'>Paeni-</span> 
     </span>
     <span class='ocr_line' id='line_1_4' title="bbox 594 622 2091 742; baseline -0.009 -19"><span class='ocrx_word' id='word_1_23' title='bbox 594 627 822 722; x_wconf 86' lang='lat' dir='ltr'>tentiarius</span> <span class='ocrx_word' id='word_1_24' title='bbox 853 637 1008 740; x_wconf 84' lang='lat' dir='ltr'>aptare</span> <span class='ocrx_word' id='word_1_25' title='bbox 1041 655 1129 710; x_wconf 87' lang='lat' dir='ltr'>nau</span> <span class='ocrx_word' id='word_1_26' title='bbox 1166 622 1328 725; x_wconf 80' lang='lat' dir='ltr'>valent,</span> <span class='ocrx_word' id='word_1_27' title='bbox 1354 623 1532 740; x_wconf 87' lang='lat' dir='ltr'>quaudo</span> <span class='ocrx_word' id='word_1_28' title='bbox 1568 623 1850 742; x_wconf 67' lang='lat' dir='ltr'><strong>praebendae</strong></span> <span class='ocrx_word' id='word_1_29' title='bbox 1886 642 1993 715; x_wconf 86' lang='lat' dir='ltr'>suut</span> <span class='ocrx_word' id='word_1_30' title='bbox 2025 625 2091 714; x_wconf 89' lang='lat' dir='ltr'>di-</span> 
     </span>
     <span class='ocr_line' id='line_1_5' title="bbox 594 744 2093 862; baseline -0.006 -18"><span class='ocrx_word' id='word_1_31' title='bbox 594 755 731 856; x_wconf 86' lang='lat' dir='ltr'>visae,</span> <span class='ocrx_word' id='word_1_32' title='bbox 759 777 845 836; x_wconf 87' lang='lat' dir='ltr'>nnn</span> <span class='ocrx_word' id='word_1_33' title='bbox 881 779 985 836; x_wconf 87' lang='lat' dir='ltr'>vern</span> <span class='ocrx_word' id='word_1_34' title='bbox 1019 747 1053 833; x_wconf 92' lang='lat' dir='ltr'>si</span> <span class='ocrx_word' id='word_1_35' title='bbox 1086 744 1279 862; x_wconf 79' lang='lat' dir='ltr'>Capituli</span> <span class='ocrx_word' id='word_1_36' title='bbox 1312 746 1428 834; x_wconf 87' lang='lat' dir='ltr'>baua</span> <span class='ocrx_word' id='word_1_37' title='bbox 1461 779 1516 834; x_wconf 84' lang='lat' dir='ltr'>ex</span> <span class='ocrx_word' id='word_1_38' title='bbox 1549 777 1689 838; x_wconf 81' lang='lat' dir='ltr'>massa</span> <span class='ocrx_word' id='word_1_39' title='bbox 1717 747 1955 836; x_wconf 88' lang='lat' dir='ltr'>communi</span> <span class='ocrx_word' id='word_1_40' title='bbox 1991 777 2093 836; x_wconf 90' lang='lat' dir='ltr'>con·</span> 
     </span>
     <span class='ocr_line' id='line_1_6' title="bbox 598 857 2090 990; baseline -0.005 -23"><span class='ocrx_word' id='word_1_41' title='bbox 598 878 776 966; x_wconf 89' lang='lat' dir='ltr'>flantur.</span> <span class='ocrx_word' id='word_1_42' title='bbox 803 874 929 958; x_wconf 88' lang='lat' dir='ltr'>Patet</span> <span class='ocrx_word' id='word_1_43' title='bbox 961 857 1007 959; x_wconf 92' lang='lat' dir='ltr'>id</span> <span class='ocrx_word' id='word_1_44' title='bbox 1037 900 1094 958; x_wconf 81' lang='lat' dir='ltr'>ex</span> <span class='ocrx_word' id='word_1_45' title='bbox 1131 867 1330 956; x_wconf 89' lang='lat' dir='ltr'>doctrina</span> <span class='ocrx_word' id='word_1_46' title='bbox 1374 869 1556 958; x_wconf 76' lang='lat' dir='ltr'><em>Careiae</em></span> <span class='ocrx_word' id='word_1_47' title='bbox 1602 873 1666 956; x_wconf 87' lang='lat' dir='ltr'>De</span> <span class='ocrx_word' id='word_1_48' title='bbox 1706 868 1842 990; x_wconf 81' lang='lat' dir='ltr'>denes.</span> <span class='ocrx_word' id='word_1_49' title='bbox 1885 886 2013 985; x_wconf 88' lang='lat' dir='ltr'>part.</span> <span class='ocrx_word' id='word_1_50' title='bbox 2047 871 2090 960; x_wconf 82' lang='lat'>5.</span> 
     </span>
     <span class='ocr_line' id='line_1_7' title="bbox 600 991 2093 1114; baseline -0.003 -27"><span class='ocrx_word' id='word_1_51' title='bbox 600 1030 694 1114; x_wconf 89' lang='lat' dir='ltr'>cup.</span> <span class='ocrx_word' id='word_1_52' title='bbox 715 996 761 1082; x_wconf 78' lang='lat' dir='ltr'>lt.</span> <span class='ocrx_word' id='word_1_53' title='bbox 788 1027 830 1079; x_wconf 89' lang='grc' dir='ltr'>ιι.</span> <span class='ocrx_word' id='word_1_54' title='bbox 856 993 962 1080; x_wconf 83' lang='lat' dir='ltr'>t55.</span> <span class='ocrx_word' id='word_1_55' title='bbox 990 1009 1034 1080; x_wconf 89' lang='lat' dir='ltr'>et</span> <span class='ocrx_word' id='word_1_56' title='bbox 1068 991 1331 1080; x_wconf 69' lang='lat' dir='ltr'><strong>resolutione</strong></span> <span class='ocrx_word' id='word_1_57' title='bbox 1364 993 1410 1084; x_wconf 87' lang='lat' dir='ltr'>S.</span> <span class='ocrx_word' id='word_1_58' title='bbox 1437 995 1490 1080; x_wconf 83' lang='lat' dir='ltr'>V.</span> <span class='ocrx_word' id='word_1_59' title='bbox 1517 997 1570 1084; x_wconf 90' lang='lat'>0.</span> <span class='ocrx_word' id='word_1_60' title='bbox 1599 995 1642 1080; x_wconf 93' lang='lat' dir='ltr'>in</span> <span class='ocrx_word' id='word_1_61' title='bbox 1684 993 1867 1082; x_wconf 76' lang='lat' dir='ltr'>Pirenen.</span> <span class='ocrx_word' id='word_1_62' title='bbox 1893 994 2093 1108; x_wconf 81' lang='lat' dir='ltr'>Optiuuis</span> 
     </span>
    </p>
   </div>
   <div class='ocr_carea' id='block_1_2' title="bbox 591 1113 2201 5547">
    <p class='ocr_par' dir='ltr' id='par_1_3' title="bbox 591 1113 2201 5547">
     <span class='ocr_line' id='line_1_8' title="bbox 601 1113 2094 1235; baseline -0.007 -24"><span class='ocrx_word' id='word_1_63' title='bbox 601 1123 689 1211; x_wconf 83' lang='lat' dir='ltr'>diei</span> <span class='ocrx_word' id='word_1_64' title='bbox 711 1119 773 1206; x_wconf 75' lang='lat'>26</span> <span class='ocrx_word' id='word_1_65' title='bbox 795 1115 1021 1204; x_wconf 75' lang='lat' dir='ltr'><strong><em>Februarii</em></strong></span> <span class='ocrx_word' id='word_1_66' title='bbox 1039 1113 1160 1204; x_wconf 72' lang='lat'>4859</span> <span class='ocrx_word' id='word_1_67' title='bbox 1183 1115 1260 1204; x_wconf 92' lang='lat' dir='ltr'>ubi</span> <span class='ocrx_word' id='word_1_68' title='bbox 1285 1144 1337 1200; x_wconf 89' lang='lat' dir='ltr'>eu</span> <span class='ocrx_word' id='word_1_69' title='bbox 1361 1113 1464 1235; x_wconf 91' lang='lat' dir='ltr'>quia</span> <span class='ocrx_word' id='word_1_70' title='bbox 1486 1147 1638 1204; x_wconf 87' lang='lat' dir='ltr'>omnes</span> <span class='ocrx_word' id='word_1_71' title='bbox 1660 1116 1870 1208; x_wconf 86' lang='lat' dir='ltr'>Canonici</span> <span class='ocrx_word' id='word_1_72' title='bbox 1896 1114 1958 1204; x_wconf 92' lang='lat' dir='ltr'>de</span> <span class='ocrx_word' id='word_1_73' title='bbox 1980 1146 2094 1204; x_wconf 89' lang='lat' dir='ltr'>com-</span> 
     </span>
     <span class='ocr_line' id='line_1_9' title="bbox 596 1237 2096 1357; baseline -0.006 -23"><span class='ocrx_word' id='word_1_74' title='bbox 596 1241 724 1334; x_wconf 90' lang='lat' dir='ltr'>muni</span> <span class='ocrx_word' id='word_1_75' title='bbox 759 1269 897 1326; x_wconf 88' lang='lat' dir='ltr'>massa</span> <span class='ocrx_word' id='word_1_76' title='bbox 933 1237 1257 1357; x_wconf 70' lang='lat' dir='ltr'>participabant</span> <span class='ocrx_word' id='word_1_77' title='bbox 1290 1239 1566 1356; x_wconf 78' lang='lat' dir='ltr'>recognitum</span> <span class='ocrx_word' id='word_1_78' title='bbox 1592 1239 1673 1328; x_wconf 84' lang='lat' dir='ltr'>iuit</span> <span class='ocrx_word' id='word_1_79' title='bbox 1695 1239 1758 1328; x_wconf 91' lang='lat' dir='ltr'>ius</span> <span class='ocrx_word' id='word_1_80' title='bbox 1791 1239 2014 1354; x_wconf 81' lang='lat' dir='ltr'>Tbeoiugi</span> <span class='ocrx_word' id='word_1_81' title='bbox 2038 1237 2096 1326; x_wconf 91' lang='lat' dir='ltr'>di·</span> 
     </span>
     <span class='ocr_line' id='line_1_10' title="bbox 600 1361 2095 1488; baseline -0.003 -34"><span class='ocrx_word' id='word_1_82' title='bbox 600 1365 808 1488; x_wconf 77' lang='lat' dir='ltr'>gnitateur</span> <span class='ocrx_word' id='word_1_83' title='bbox 845 1361 1044 1478; x_wconf 87' lang='lat' dir='ltr'>optandi.</span> <span class='ocrx_word' id='word_1_84' title='bbox 1072 1365 1166 1448; x_wconf 78' lang='lat' dir='ltr'>Non</span> <span class='ocrx_word' id='word_1_85' title='bbox 1199 1361 1329 1447; x_wconf 88' lang='lat' dir='ltr'>aliter</span> <span class='ocrx_word' id='word_1_86' title='bbox 1360 1380 1402 1450; x_wconf 87' lang='lat' dir='ltr'>at</span> <span class='ocrx_word' id='word_1_87' title='bbox 1425 1395 1528 1452; x_wconf 89' lang='lat' dir='ltr'>vero</span> <span class='ocrx_word' id='word_1_88' title='bbox 1551 1364 1605 1452; x_wconf 88' lang='lat' dir='ltr'>de</span> <span class='ocrx_word' id='word_1_89' title='bbox 1629 1363 1836 1479; x_wconf 79' lang='lat' dir='ltr'>Capitate</span> <span class='ocrx_word' id='word_1_90' title='bbox 1861 1361 2095 1478; x_wconf 81' lang='lat' dir='ltr'>Aiipbane</span> 
     </span>
     <span class='ocr_line' id='line_1_11' title="bbox 601 1485 2096 1604; baseline -0.004 -26"><span class='ocrx_word' id='word_1_91' title='bbox 601 1485 893 1580; x_wconf 88' lang='lat' dir='ltr'>iudicandum</span> <span class='ocrx_word' id='word_1_92' title='bbox 946 1503 1149 1604; x_wconf 80' lang='lat' dir='ltr'>pergunt.</span> <span class='ocrx_word' id='word_1_93' title='bbox 1194 1485 1368 1572; x_wconf 71' lang='lat' dir='ltr'>Etenim</span> <span class='ocrx_word' id='word_1_94' title='bbox 1417 1487 1656 1604; x_wconf 82' lang='lat' dir='ltr'>antiquitus</span> <span class='ocrx_word' id='word_1_95' title='bbox 1702 1515 1841 1574; x_wconf 85' lang='lat' dir='ltr'>massa</span> <span class='ocrx_word' id='word_1_96' title='bbox 1889 1514 2096 1572; x_wconf 89' lang='lat' dir='ltr'>commu·</span> 
     </span>
     <span class='ocr_line' id='line_1_12' title="bbox 597 1606 2093 1726; baseline -0.007 -24"><span class='ocrx_word' id='word_1_97' title='bbox 597 1614 667 1702; x_wconf 86' lang='lat' dir='ltr'>nis</span> <span class='ocrx_word' id='word_1_98' title='bbox 700 1643 745 1698; x_wconf 83' lang='lat' dir='ltr'>as</span> <span class='ocrx_word' id='word_1_99' title='bbox 778 1609 1016 1726; x_wconf 78' lang='lat' dir='ltr'>capitulare</span> <span class='ocrx_word' id='word_1_100' title='bbox 1063 1606 1281 1721; x_wconf 84' lang='lat' dir='ltr'>conflabat</span> <span class='ocrx_word' id='word_1_101' title='bbox 1327 1608 1476 1725; x_wconf 81' lang='lat' dir='ltr'>deque</span> <span class='ocrx_word' id='word_1_102' title='bbox 1525 1609 1659 1726; x_wconf 85' lang='lat' dir='ltr'>ipsius</span> <span class='ocrx_word' id='word_1_103' title='bbox 1709 1607 1929 1710; x_wconf 86' lang='lat' dir='ltr'>divisione</span> <span class='ocrx_word' id='word_1_104' title='bbox 1965 1623 2008 1706; x_wconf 86' lang='lat' dir='ltr'>et</span> <span class='ocrx_word' id='word_1_105' title='bbox 2053 1608 2093 1692; x_wconf 89' lang='lat' dir='ltr'>iu</span> 
     </span>
     <span class='ocr_line' id='line_1_13' title="bbox 601 1729 2091 1848; baseline -0.004 -24"><span class='ocrx_word' id='word_1_106' title='bbox 601 1736 777 1824; x_wconf 87' lang='lat' dir='ltr'>titulum</span> <span class='ocrx_word' id='word_1_107' title='bbox 830 1733 1049 1818; x_wconf 84' lang='lat' dir='ltr'>erectione</span> <span class='ocrx_word' id='word_1_108' title='bbox 1101 1761 1244 1847; x_wconf 84' lang='lat' dir='ltr'>neque</span> <span class='ocrx_word' id='word_1_109' title='bbox 1295 1732 1480 1818; x_wconf 79' lang='lat' dir='ltr'>verbum</span> <span class='ocrx_word' id='word_1_110' title='bbox 1538 1731 1724 1820; x_wconf 88' lang='lat' dir='ltr'>babetur</span> <span class='ocrx_word' id='word_1_111' title='bbox 1772 1762 1922 1848; x_wconf 89' lang='lat' dir='ltr'>neque</span> <span class='ocrx_word' id='word_1_112' title='bbox 1972 1729 2091 1818; x_wconf 82' lang='lat' dir='ltr'>vcia.</span> 
     </span>
     <span class='ocr_line' id='line_1_14' title="bbox 597 1851 2089 1974; baseline -0.004 -28"><span class='ocrx_word' id='word_1_113' title='bbox 597 1862 790 1946; x_wconf 85' lang='lat' dir='ltr'>Tantum</span> <span class='ocrx_word' id='word_1_114' title='bbox 826 1885 1003 1942; x_wconf 89' lang='lat' dir='ltr'>noscere</span> <span class='ocrx_word' id='word_1_115' title='bbox 1036 1853 1184 1942; x_wconf 86' lang='lat' dir='ltr'>datum</span> <span class='ocrx_word' id='word_1_116' title='bbox 1230 1866 1294 1940; x_wconf 83' lang='lat' dir='ltr'>est</span> <span class='ocrx_word' id='word_1_117' title='bbox 1332 1854 1453 1972; x_wconf 85' lang='lat' dir='ltr'>qued</span> <span class='ocrx_word' id='word_1_118' title='bbox 1500 1854 1730 1972; x_wconf 80' lang='lat' dir='ltr'>posteriori</span> <span class='ocrx_word' id='word_1_119' title='bbox 1774 1871 1981 1974; x_wconf 86' lang='lat' dir='ltr'>tempere</span> <span class='ocrx_word' id='word_1_120' title='bbox 2032 1851 2089 1940; x_wconf 88' lang='lat' dir='ltr'>de</span> 
     </span>
     <span class='ocr_line' id='line_1_15' title="bbox 599 1975 2094 2094; baseline -0.005 -25"><span class='ocrx_word' id='word_1_121' title='bbox 599 2007 815 2070; x_wconf 89' lang='lat' dir='ltr'>consensu</span> <span class='ocrx_word' id='word_1_122' title='bbox 851 1977 1054 2094; x_wconf 82' lang='lat' dir='ltr'>Episcopi</span> <span class='ocrx_word' id='word_1_123' title='bbox 1088 1975 1131 2062; x_wconf 96' lang='lat' dir='ltr'>in</span> <span class='ocrx_word' id='word_1_124' title='bbox 1170 2007 1326 2092; x_wconf 87' lang='lat' dir='ltr'>parvas</span> <span class='ocrx_word' id='word_1_125' title='bbox 1377 2007 1540 2064; x_wconf 84' lang='lat' dir='ltr'>massas</span> <span class='ocrx_word' id='word_1_126' title='bbox 1589 1977 1670 2064; x_wconf 81' lang='lat' dir='ltr'>tun</span> <span class='ocrx_word' id='word_1_127' title='bbox 1714 1978 1788 2069; x_wconf 81' lang='lat' dir='ltr'>itta</span> <span class='ocrx_word' id='word_1_128' title='bbox 1829 1977 2011 2077; x_wconf 90' lang='lat' dir='ltr'>divisa,</span> <span class='ocrx_word' id='word_1_129' title='bbox 2048 1993 2094 2062; x_wconf 94' lang='lat' dir='ltr'>ut</span> 
     </span>
     <span class='ocr_line' id='line_1_16' title="bbox 598 2098 2189 2222; baseline -0.003 -34"><span class='ocrx_word' id='word_1_130' title='bbox 598 2135 677 2222; x_wconf 89' lang='lat' dir='ltr'>per</span> <span class='ocrx_word' id='word_1_131' title='bbox 709 2101 857 2218; x_wconf 85' lang='lat' dir='ltr'>piures</span> <span class='ocrx_word' id='word_1_132' title='bbox 890 2098 1292 2202; x_wconf 78' lang='lat' dir='ltr'>administratores,</span> <span class='ocrx_word' id='word_1_133' title='bbox 1328 2101 1519 2218; x_wconf 82' lang='lat' dir='ltr'>Capituli</span> <span class='ocrx_word' id='word_1_134' title='bbox 1564 2098 1760 2188; x_wconf 79' lang='lat' dir='ltr'>conditio</span> <span class='ocrx_word' id='word_1_135' title='bbox 1794 2099 1937 2188; x_wconf 89' lang='lat' dir='ltr'>ditior</span> <span class='ocrx_word' id='word_1_136' title='bbox 1983 2128 2091 2184; x_wconf 91' lang='lat' dir='ltr'>eva·</span> <span class='ocrx_word' id='word_1_137' title='bbox 2186 2175 2189 2184; x_wconf 89' lang='lat'>.</span> 
     </span>
     <span class='ocr_line' id='line_1_17' title="bbox 600 2219 2093 2341; baseline -0.008 -25"><span class='ocrx_word' id='word_1_138' title='bbox 600 2225 744 2316; x_wconf 86' lang='lat' dir='ltr'>deret.</span> <span class='ocrx_word' id='word_1_139' title='bbox 785 2226 846 2310; x_wconf 81' lang='lat' dir='ltr'>Ex</span> <span class='ocrx_word' id='word_1_140' title='bbox 881 2254 968 2341; x_wconf 85' lang='lat' dir='ltr'>qun</span> <span class='ocrx_word' id='word_1_141' title='bbox 1016 2221 1169 2340; x_wconf 83' lang='lat' dir='ltr'>nequit</span> <span class='ocrx_word' id='word_1_142' title='bbox 1207 2221 1358 2308; x_wconf 78' lang='lat' dir='ltr'>inferri</span> <span class='ocrx_word' id='word_1_143' title='bbox 1394 2223 1675 2341; x_wconf 84' lang='lat' dir='ltr'>primaevum</span> <span class='ocrx_word' id='word_1_144' title='bbox 1716 2238 1881 2310; x_wconf 81' lang='lat' dir='ltr'>statum</span> <span class='ocrx_word' id='word_1_145' title='bbox 1929 2219 2093 2306; x_wconf 85' lang='lat' dir='ltr'>immn-</span> 
     </span>
     <span class='ocr_line' id='line_1_18' title="bbox 601 2345 2136 2464; baseline -0.007 -26"><span class='ocrx_word' id='word_1_146' title='bbox 601 2365 741 2438; x_wconf 85' lang='lat' dir='ltr'>tatnm</span> <span class='ocrx_word' id='word_1_147' title='bbox 777 2347 925 2449; x_wconf 84' lang='lat' dir='ltr'>inisse,</span> <span class='ocrx_word' id='word_1_148' title='bbox 952 2375 1052 2434; x_wconf 89' lang='lat' dir='ltr'>cnm</span> <span class='ocrx_word' id='word_1_149' title='bbox 1086 2345 1143 2434; x_wconf 92' lang='lat' dir='ltr'>de</span> <span class='ocrx_word' id='word_1_150' title='bbox 1175 2346 1533 2464; x_wconf 84' lang='lat' dir='ltr'>praebendarum</span> <span class='ocrx_word' id='word_1_151' title='bbox 1569 2363 1724 2434; x_wconf 86' lang='lat' dir='ltr'>natura</span> <span class='ocrx_word' id='word_1_152' title='bbox 1757 2347 1813 2432; x_wconf 88' lang='lat' dir='ltr'>sit</span> <span class='ocrx_word' id='word_1_153' title='bbox 1853 2375 1981 2432; x_wconf 82' lang='lat' dir='ltr'>nuere</span> <span class='ocrx_word' id='word_1_154' title='bbox 2019 2374 2092 2457; x_wconf 75' lang='lat' dir='ltr'>per</span> <span class='ocrx_word' id='word_1_155' title='bbox 2130 2373 2136 2380; x_wconf 87' lang='lat'>·</span> 
     </span>
     <span class='ocr_line' id='line_1_19' title="bbox 594 2464 2093 2588; baseline -0.004 -32"><span class='ocrx_word' id='word_1_156' title='bbox 594 2473 741 2588; x_wconf 84' lang='lat' dir='ltr'>primo</span> <span class='ocrx_word' id='word_1_157' title='bbox 775 2471 976 2586; x_wconf 57' lang='lat' dir='ltr'>0¹·equisitc</span> <span class='ocrx_word' id='word_1_158' title='bbox 1012 2469 1171 2556; x_wconf 75' lang='lat' dir='ltr'>tessere</span> <span class='ocrx_word' id='word_1_159' title='bbox 1215 2469 1578 2585; x_wconf 77' lang='lat' dir='ltr'>uu&#39;useepunzinue</span> <span class='ocrx_word' id='word_1_160' title='bbox 1628 2469 1676 2556; x_wconf 86' lang='lat' dir='ltr'>di</span> <span class='ocrx_word' id='word_1_161' title='bbox 1723 2467 1816 2556; x_wconf 78' lang='lat' dir='ltr'>teni</span> <span class='ocrx_word' id='word_1_162' title='bbox 1863 2464 2093 2582; x_wconf 75' lang='lat' dir='ltr'>temperati</span> 
     </span>
     <span class='ocr_line' id='line_1_20' title="bbox 600 2589 2091 2706; baseline -0.005 -25"><span class='ocrx_word' id='word_1_163' title='bbox 600 2591 981 2682; x_wconf 82' lang='lat' dir='ltr'>individautme&#39;utc</span> <span class='ocrx_word' id='word_1_164' title='bbox 1010 2608 1209 2706; x_wconf 82' lang='lat' dir='ltr'>separata</span> <span class='ocrx_word' id='word_1_165' title='bbox 1241 2623 1262 2678; x_wconf 89' lang='lat' dir='ltr'>e</span> <span class='ocrx_word' id='word_1_166' title='bbox 1295 2589 1489 2679; x_wconf 81' lang='lat' dir='ltr'>distiata.</span> <span class='ocrx_word' id='word_1_167' title='bbox 1516 2594 1643 2704; x_wconf 79' lang='lat' dir='ltr'>Quod</span> <span class='ocrx_word' id='word_1_168' title='bbox 1675 2591 1974 2680; x_wconf 61' lang='lat' dir='ltr'>ancorarum</span> <span class='ocrx_word' id='word_1_169' title='bbox 2001 2619 2091 2676; x_wconf 84' lang='lat' dir='ltr'>esse</span> 
     </span>
     <span class='ocr_line' id='line_1_21' title="bbox 600 2713 2092 2835; baseline -0.005 -31"><span class='ocrx_word' id='word_1_170' title='bbox 600 2729 897 2835; x_wconf 73' lang='lat' dir='ltr'>propugnant,</span> <span class='ocrx_word' id='word_1_171' title='bbox 924 2732 975 2801; x_wconf 87' lang='lat' dir='ltr'>nt</span> <span class='ocrx_word' id='word_1_172' title='bbox 1009 2714 1050 2800; x_wconf 90' lang='lat' dir='ltr'>in</span> <span class='ocrx_word' id='word_1_173' title='bbox 1087 2715 1180 2830; x_wconf 87' lang='lat' dir='ltr'>ipso</span> <span class='ocrx_word' id='word_1_174' title='bbox 1213 2715 1386 2830; x_wconf 83' lang='lat' dir='ltr'>saepius</span> <span class='ocrx_word' id='word_1_175' title='bbox 1421 2734 1663 2804; x_wconf 82' lang='lat' dir='ltr'>memorate</span> <span class='ocrx_word' id='word_1_176' title='bbox 1697 2713 1875 2806; x_wconf 88' lang='lat' dir='ltr'>decreta</span> <span class='ocrx_word' id='word_1_177' title='bbox 1914 2713 1972 2802; x_wconf 93' lang='lat' dir='ltr'>de</span> <span class='ocrx_word' id='word_1_178' title='bbox 2016 2739 2092 2798; x_wconf 86' lang='lat' dir='ltr'>au-</span> 
     </span>
     <span class='ocr_line' id='line_1_22' title="bbox 601 2833 2088 2955; baseline -0.005 -27"><span class='ocrx_word' id='word_1_179' title='bbox 601 2870 660 2928; x_wconf 85' lang='lat' dir='ltr'>nu</span> <span class='ocrx_word' id='word_1_180' title='bbox 704 2841 825 2928; x_wconf 73' lang='lat'><strong>4839</strong></span> <span class='ocrx_word' id='word_1_181' title='bbox 869 2837 1153 2955; x_wconf 74' lang='lat' dir='ltr'>praebendae</span> <span class='ocrx_word' id='word_1_182' title='bbox 1193 2857 1506 2954; x_wconf 68' lang='lat' dir='ltr'>nuncupantur</span> <span class='ocrx_word' id='word_1_183' title='bbox 1553 2841 1765 2953; x_wconf 79' lang='lat' dir='ltr'>pertinace</span> <span class='ocrx_word' id='word_1_184' title='bbox 1809 2833 2088 2932; x_wconf 64' lang='lat' dir='ltr'>serenitates</span> 
     </span>
     <span class='ocr_line' id='line_1_23' title="bbox 598 2953 2084 3082; baseline -0.007 -28"><span class='ocrx_word' id='word_1_185' title='bbox 598 2978 730 3082; x_wconf 77' lang='lat' dir='ltr'>atque</span> <span class='ocrx_word' id='word_1_186' title='bbox 760 2963 876 3052; x_wconf 85' lang='lat' dir='ltr'>aden</span> <span class='ocrx_word' id='word_1_187' title='bbox 912 2953 1066 3082; x_wconf 80' lang='lat' dir='ltr'>surena</span> <span class='ocrx_word' id='word_1_188' title='bbox 1103 2959 1346 3048; x_wconf 75' lang='lat' dir='ltr'>dichabrutc</span> <span class='ocrx_word' id='word_1_189' title='bbox 1381 2995 1402 3049; x_wconf 91' lang='lat' dir='ltr'>e</span> <span class='ocrx_word' id='word_1_190' title='bbox 1435 2961 1588 3081; x_wconf 75' lang='lat' dir='ltr'>[arurae</span> <span class='ocrx_word' id='word_1_191' title='bbox 1622 2977 1855 3052; x_wconf 83' lang='lat' dir='ltr'>manteuntc</span> <span class='ocrx_word' id='word_1_192' title='bbox 1896 2961 1967 3048; x_wconf 86' lang='lat' dir='ltr'>uei</span> <span class='ocrx_word' id='word_1_193' title='bbox 2000 2957 2084 3044; x_wconf 71' lang='lat' dir='ltr'>cast</span> 
     </span>
     <span class='ocr_line' id='line_1_24' title="bbox 599 3084 2084 3202; baseline -0.003 -28"><span class='ocrx_word' id='word_1_194' title='bbox 599 3085 649 3174; x_wconf 86' lang='lat' dir='ltr'>di</span> <span class='ocrx_word' id='word_1_195' title='bbox 679 3116 864 3172; x_wconf 85' lang='lat' dir='ltr'>uucunza</span> <span class='ocrx_word' id='word_1_196' title='bbox 891 3113 1053 3198; x_wconf 73' lang='lat' dir='ltr'>serapte</span> <span class='ocrx_word' id='word_1_197' title='bbox 1086 3085 1172 3169; x_wconf 72' lang='lat' dir='ltr'>nani</span> <span class='ocrx_word' id='word_1_198' title='bbox 1210 3085 1339 3170; x_wconf 65' lang='lat' dir='ltr'>menti</span> <span class='ocrx_word' id='word_1_199' title='bbox 1373 3084 1450 3172; x_wconf 82' lang='lat' dir='ltr'>dat</span> <span class='ocrx_word' id='word_1_200' title='bbox 1482 3103 1687 3202; x_wconf 74' lang='lat' dir='ltr'>aeqtrcstrn</span> <span class='ocrx_word' id='word_1_201' title='bbox 1716 3085 1830 3174; x_wconf 72' lang='lat' dir='ltr'>detta</span> <span class='ocrx_word' id='word_1_202' title='bbox 1865 3085 1963 3172; x_wconf 75' lang='lat' dir='ltr'>tara</span> <span class='ocrx_word' id='word_1_203' title='bbox 1996 3111 2084 3170; x_wconf 77' lang='lat' dir='ltr'>ron·</span> 
     </span>
     <span class='ocr_line' id='line_1_25' title="bbox 600 3205 1970 3324; baseline -0.003 -26"><span class='ocrx_word' id='word_1_204' title='bbox 600 3207 687 3298; x_wconf 87' lang='lat' dir='ltr'>dite</span> <span class='ocrx_word' id='word_1_205' title='bbox 716 3241 793 3324; x_wconf 88' lang='lat' dir='ltr'>per</span> <span class='ocrx_word' id='word_1_206' title='bbox 826 3222 942 3294; x_wconf 82' lang='lat' dir='ltr'>cantu</span> <span class='ocrx_word' id='word_1_207' title='bbox 977 3205 1086 3295; x_wconf 78' lang='lat' dir='ltr'>delle</span> <span class='ocrx_word' id='word_1_208' title='bbox 1115 3225 1281 3323; x_wconf 79' lang='lat' dir='ltr'>parante</span> <span class='ocrx_word' id='word_1_209' title='bbox 1303 3211 1690 3296; x_wconf 69' lang='lat' dir='ltr'>arrrrninistruzioui</span> <span class='ocrx_word' id='word_1_210' title='bbox 1723 3211 1970 3299; x_wconf 80' lang='lat' dir='ltr'>Diucenane.</span> 
     </span>
     <span class='ocr_line' id='line_1_26' title="bbox 725 3331 2082 3450; baseline -0.005 -30"><span class='ocrx_word' id='word_1_211' title='bbox 725 3335 876 3448; x_wconf 85' lang='lat' dir='ltr'>Neque</span> <span class='ocrx_word' id='word_1_212' title='bbox 908 3331 1213 3446; x_wconf 73' lang='lat' dir='ltr'>oggerendurn</span> <span class='ocrx_word' id='word_1_213' title='bbox 1246 3331 1427 3420; x_wconf 88' lang='lat' dir='ltr'>edicunt</span> <span class='ocrx_word' id='word_1_214' title='bbox 1454 3332 1580 3450; x_wconf 80' lang='lat' dir='ltr'>qued</span> <span class='ocrx_word' id='word_1_215' title='bbox 1613 3333 1771 3420; x_wconf 87' lang='lat' dir='ltr'>sivein</span> <span class='ocrx_word' id='word_1_216' title='bbox 1793 3332 1972 3424; x_wconf 80' lang='lat' dir='ltr'>decretu</span> <span class='ocrx_word' id='word_1_217' title='bbox 1993 3353 2082 3414; x_wconf 82' lang='lat' dir='ltr'>ere·</span> 
     </span>
     <span class='ocr_line' id='line_1_27' title="bbox 600 3452 2076 3572; baseline -0.007 -28"><span class='ocrx_word' id='word_1_218' title='bbox 600 3455 759 3544; x_wconf 87' lang='lat' dir='ltr'>utiuuis</span> <span class='ocrx_word' id='word_1_219' title='bbox 795 3452 1115 3572; x_wconf 59' lang='lat' dir='ltr'>paenitendae</span> <span class='ocrx_word' id='word_1_220' title='bbox 1150 3454 1430 3572; x_wconf 73' lang='lat' dir='ltr'>praebendae</span> <span class='ocrx_word' id='word_1_221' title='bbox 1450 3455 1510 3544; x_wconf 82' lang='lat' dir='ltr'>de</span> <span class='ocrx_word' id='word_1_222' title='bbox 1530 3484 1646 3542; x_wconf 81' lang='lat' dir='ltr'>arrae</span> <span class='ocrx_word' id='word_1_223' title='bbox 1675 3457 1792 3546; x_wconf 72' lang='lat' dir='ltr'>ttbss</span> <span class='ocrx_word' id='word_1_224' title='bbox 1832 3457 2076 3572; x_wconf 72' lang='lat' dir='ltr'>perlegatur</span> 
     </span>
     <span class='ocr_line' id='line_1_28' title="bbox 596 3572 2081 3695; baseline -0.005 -28"><span class='ocrx_word' id='word_1_225' title='bbox 596 3579 800 3695; x_wconf 77' lang='lat' dir='ltr'>eripimus</span> <span class='ocrx_word' id='word_1_226' title='bbox 832 3595 869 3666; x_wconf 89' lang='lat' dir='ltr'>et</span> <span class='ocrx_word' id='word_1_227' title='bbox 904 3577 1161 3664; x_wconf 74' lang='lat' dir='ltr'>instituimus</span> <span class='ocrx_word' id='word_1_228' title='bbox 1193 3581 1240 3665; x_wconf 84' lang='lat' dir='ltr'>in</span> <span class='ocrx_word' id='word_1_229' title='bbox 1273 3579 1572 3668; x_wconf 74' lang='lat' dir='ltr'>Cauauiruturu</span> <span class='ocrx_word' id='word_1_230' title='bbox 1595 3572 2081 3694; x_wconf 55' lang='lat' dir='ltr'>sanpraatcndannive</span> 
     </span>
     <span class='ocr_line' id='line_1_29' title="bbox 596 3695 2077 3820; baseline -0.008 -30"><span class='ocrx_word' id='word_1_231' title='bbox 596 3701 644 3792; x_wconf 85' lang='lat' dir='ltr'>iu</span> <span class='ocrx_word' id='word_1_232' title='bbox 680 3704 785 3794; x_wconf 88' lang='lat' dir='ltr'>actis</span> <span class='ocrx_word' id='word_1_233' title='bbox 825 3731 1063 3790; x_wconf 77' lang='lat' dir='ltr'>concatrsns</span> <span class='ocrx_word' id='word_1_234' title='bbox 1107 3731 1186 3816; x_wconf 84' lang='lat' dir='ltr'>pro</span> <span class='ocrx_word' id='word_1_235' title='bbox 1223 3721 1400 3790; x_wconf 89' lang='lat' dir='ltr'>vacante</span> <span class='ocrx_word' id='word_1_236' title='bbox 1434 3701 1666 3820; x_wconf 71' lang='lat' dir='ltr'>thaniugali</span> <span class='ocrx_word' id='word_1_237' title='bbox 1693 3705 1758 3792; x_wconf 84' lang='lat' dir='ltr'>ab</span> <span class='ocrx_word' id='word_1_238' title='bbox 1802 3735 1918 3790; x_wconf 86' lang='lat' dir='ltr'>annu</span> <span class='ocrx_word' id='word_1_239' title='bbox 1968 3695 2077 3784; x_wconf 79' lang='grc'>1757</span> 
     </span>
     <span class='ocr_line' id='line_1_30' title="bbox 597 3821 2078 3944; baseline -0.009 -30"><span class='ocrx_word' id='word_1_240' title='bbox 597 3841 643 3914; x_wconf 86' lang='lat' dir='ltr'>et</span> <span class='ocrx_word' id='word_1_241' title='bbox 692 3825 905 3940; x_wconf 74' lang='lat' dir='ltr'>deinceps</span> <span class='ocrx_word' id='word_1_242' title='bbox 958 3821 1017 3913; x_wconf 88' lang='lat' dir='ltr'>de</span> <span class='ocrx_word' id='word_1_243' title='bbox 1069 3823 1326 3938; x_wconf 82' lang='lat' dir='ltr'>praebenda</span> <span class='ocrx_word' id='word_1_244' title='bbox 1377 3826 1609 3944; x_wconf 77' lang='lat' dir='ltr'>tbeuiugaii</span> <span class='ocrx_word' id='word_1_245' title='bbox 1659 3824 1777 3916; x_wconf 78' lang='lat' dir='ltr'>idem</span> <span class='ocrx_word' id='word_1_246' title='bbox 1833 3825 2078 3914; x_wconf 85' lang='lat' dir='ltr'>instituatur</span> 
     </span>
     <span class='ocr_line' id='line_1_31' title="bbox 598 3944 2077 4066; baseline -0.004 -31"><span class='ocrx_word' id='word_1_247' title='bbox 598 3975 759 4036; x_wconf 63' lang='lat' dir='ltr'><strong>mmo.</strong></span> <span class='ocrx_word' id='word_1_248' title='bbox 787 3951 870 4034; x_wconf 88' lang='lat' dir='ltr'>Res</span> <span class='ocrx_word' id='word_1_249' title='bbox 904 3949 1020 4033; x_wconf 85' lang='lat' dir='ltr'>enim</span> <span class='ocrx_word' id='word_1_250' title='bbox 1056 3945 1210 4063; x_wconf 76' lang='lat' dir='ltr'>magia,</span> <span class='ocrx_word' id='word_1_251' title='bbox 1231 3980 1367 4066; x_wconf 82' lang='lat' dir='ltr'>qnam</span> <span class='ocrx_word' id='word_1_252' title='bbox 1401 3951 1538 4038; x_wconf 80' lang='lat' dir='ltr'>verba</span> <span class='ocrx_word' id='word_1_253' title='bbox 1573 3949 1806 4038; x_wconf 86' lang='lat' dir='ltr'>intuendas</span> <span class='ocrx_word' id='word_1_254' title='bbox 1837 3979 1935 4038; x_wconf 79' lang='lat' dir='ltr'>ease</span> <span class='ocrx_word' id='word_1_255' title='bbox 1956 3944 2077 4032; x_wconf 81' lang='lat' dir='ltr'>ducet</span> 
     </span>
     <span class='ocr_line' id='line_1_32' title="bbox 599 4067 2077 4198; baseline -0.002 -42"><span class='ocrx_word' id='word_1_256' title='bbox 599 4069 651 4156; x_wconf 81' lang='lat' dir='ltr'>L.</span> <span class='ocrx_word' id='word_1_257' title='bbox 672 4069 965 4156; x_wconf 69' lang='lat' dir='ltr'>Pacatianae</span> <span class='ocrx_word' id='word_1_258' title='bbox 995 4067 1051 4190; x_wconf 71' lang='lat' dir='ltr'>ff.</span> <span class='ocrx_word' id='word_1_259' title='bbox 1081 4069 1133 4156; x_wconf 85' lang='lat' dir='ltr'>dc</span> <span class='ocrx_word' id='word_1_260' title='bbox 1165 4071 1251 4156; x_wconf 82' lang='lat' dir='ltr'>iur.</span> <span class='ocrx_word' id='word_1_261' title='bbox 1288 4071 1376 4160; x_wconf 87' lang='lat' dir='ltr'>dot.</span> <span class='ocrx_word' id='word_1_262' title='bbox 1406 4075 1462 4160; x_wconf 83' lang='lat' dir='ltr'>dt</span> <span class='ocrx_word' id='word_1_263' title='bbox 1495 4103 1561 4160; x_wconf 90' lang='lat' dir='ltr'>res</span> <span class='ocrx_word' id='word_1_264' title='bbox 1594 4103 1672 4160; x_wconf 89' lang='lat' dir='ltr'>seu</span> <span class='ocrx_word' id='word_1_265' title='bbox 1706 4073 1815 4162; x_wconf 75' lang='lat' dir='ltr'>tana</span> <span class='ocrx_word' id='word_1_266' title='bbox 1850 4069 2077 4198; x_wconf 62' lang='lat' dir='ltr'>perbibent</span> 
     </span>
     <span class='ocr_line' id='line_1_33' title="bbox 602 4192 2076 4312; baseline -0.005 -34"><span class='ocrx_word' id='word_1_267' title='bbox 602 4207 706 4281; x_wconf 83' lang='lat' dir='ltr'>tunc</span> <span class='ocrx_word' id='word_1_268' title='bbox 739 4192 952 4308; x_wconf 86' lang='lat' dir='ltr'>temperis</span> <span class='ocrx_word' id='word_1_269' title='bbox 989 4195 1325 4310; x_wconf 57' lang='lat' dir='ltr'>praenunciatus</span> <span class='ocrx_word' id='word_1_270' title='bbox 1365 4195 1646 4312; x_wconf 81' lang='lat' dir='ltr'>praebendus</span> <span class='ocrx_word' id='word_1_271' title='bbox 1693 4197 1767 4284; x_wconf 83' lang='lat' dir='ltr'>atii</span> <span class='ocrx_word' id='word_1_272' title='bbox 1809 4192 2076 4282; x_wconf 76' lang='lat' dir='ltr'>canonicatut</span> 
     </span>
     <span class='ocr_line' id='line_1_34' title="bbox 599 4309 2077 4437; baseline -0.008 -34"><span class='ocrx_word' id='word_1_273' title='bbox 599 4309 793 4404; x_wconf 82' lang='lat' dir='ltr'>adnexas</span> <span class='ocrx_word' id='word_1_274' title='bbox 828 4315 972 4417; x_wconf 78' lang='lat' dir='ltr'>fuisse,</span> <span class='ocrx_word' id='word_1_275' title='bbox 1001 4315 1192 4433; x_wconf 81' lang='lat' dir='ltr'>ideoque</span> <span class='ocrx_word' id='word_1_276' title='bbox 1226 4348 1370 4432; x_wconf 71' lang='lat' dir='ltr'>mque</span> <span class='ocrx_word' id='word_1_277' title='bbox 1406 4333 1538 4406; x_wconf 82' lang='lat' dir='ltr'>certer</span> <span class='ocrx_word' id='word_1_278' title='bbox 1576 4349 1724 4437; x_wconf 79' lang='lat' dir='ltr'>aeque</span> <span class='ocrx_word' id='word_1_279' title='bbox 1769 4316 2077 4406; x_wconf 83' lang='lat' dir='ltr'>determinatas</span> 
     </span>
     <span class='ocr_line' id='line_1_35' title="bbox 600 4430 2077 4556; baseline -0.004 -31"><span class='ocrx_word' id='word_1_280' title='bbox 600 4437 687 4528; x_wconf 88' lang='lat' dir='ltr'>dici</span> <span class='ocrx_word' id='word_1_281' title='bbox 717 4469 863 4555; x_wconf 88' lang='lat' dir='ltr'>posse.</span> <span class='ocrx_word' id='word_1_282' title='bbox 907 4439 995 4525; x_wconf 87' lang='lat' dir='ltr'>Ubi</span> <span class='ocrx_word' id='word_1_283' title='bbox 1040 4455 1190 4528; x_wconf 87' lang='lat' dir='ltr'>autem</span> <span class='ocrx_word' id='word_1_284' title='bbox 1227 4441 1485 4556; x_wconf 89' lang='lat' dir='ltr'>praebenda</span> <span class='ocrx_word' id='word_1_285' title='bbox 1529 4459 1647 4530; x_wconf 81' lang='lat' dir='ltr'>certa</span> <span class='ocrx_word' id='word_1_286' title='bbox 1695 4471 1785 4528; x_wconf 84' lang='grc' dir='ltr'><strong>ιιοιι</strong></span> <span class='ocrx_word' id='word_1_287' title='bbox 1818 4457 1918 4541; x_wconf 80' lang='lat' dir='ltr'>cst,</span> <span class='ocrx_word' id='word_1_288' title='bbox 1963 4430 2077 4524; x_wconf 85' lang='lat' dir='ltr'>valet</span> 
     </span>
     <span class='ocr_line' id='line_1_36' title="bbox 599 4555 2071 4680; baseline -0.004 -32"><span class='ocrx_word' id='word_1_289' title='bbox 599 4561 862 4679; x_wconf 83' lang='lat' dir='ltr'>Theologus,</span> <span class='ocrx_word' id='word_1_290' title='bbox 889 4563 1005 4650; x_wconf 85' lang='lat' dir='ltr'>vaiet</span> <span class='ocrx_word' id='word_1_291' title='bbox 1037 4562 1403 4652; x_wconf 85' lang='lat' dir='ltr'>Paenitentiarius</span> <span class='ocrx_word' id='word_1_292' title='bbox 1434 4583 1587 4680; x_wconf 83' lang='lat' dir='ltr'>optare</span> <span class='ocrx_word' id='word_1_293' title='bbox 1621 4594 1673 4650; x_wconf 85' lang='lat' dir='ltr'>cx</span> <span class='ocrx_word' id='word_1_294' title='bbox 1704 4563 1923 4652; x_wconf 83' lang='lat' dir='ltr'>sententia</span> <span class='ocrx_word' id='word_1_295' title='bbox 1957 4561 2001 4650; x_wconf 88' lang='lat' dir='ltr'>S.</span> <span class='ocrx_word' id='word_1_296' title='bbox 2020 4555 2071 4642; x_wconf 77' lang='lat' dir='ltr'>C.</span> 
     </span>
     <span class='ocr_line' id='line_1_37' title="bbox 596 4676 2068 4806; baseline 0.001 -34"><span class='ocrx_word' id='word_1_297' title='bbox 596 4684 736 4774; x_wconf 79' lang='lat' dir='ltr'>relata</span> <span class='ocrx_word' id='word_1_298' title='bbox 769 4717 847 4802; x_wconf 90' lang='lat' dir='ltr'>per</span> <span class='ocrx_word' id='word_1_299' title='bbox 880 4685 1049 4772; x_wconf 90' lang='lat' dir='ltr'>Pirrum</span> <span class='ocrx_word' id='word_1_300' title='bbox 1085 4686 1328 4776; x_wconf 77' lang='lat' dir='ltr'>Currndum</span> <span class='ocrx_word' id='word_1_301' title='bbox 1364 4687 1407 4776; x_wconf 90' lang='lat' dir='ltr'>iu</span> <span class='ocrx_word' id='word_1_302' title='bbox 1438 4719 1518 4776; x_wconf 75' lang='lat' dir='ltr'>earn</span> <span class='ocrx_word' id='word_1_303' title='bbox 1552 4688 1692 4774; x_wconf 71' lang='lat' dir='ltr'>Praei</span> <span class='ocrx_word' id='word_1_304' title='bbox 1725 4686 1866 4806; x_wconf 79' lang='lat' dir='ltr'>benef.</span> <span class='ocrx_word' id='word_1_305' title='bbox 1909 4684 1984 4774; x_wconf 81' lang='lat' dir='ltr'>tit.</span> <span class='ocrx_word' id='word_1_306' title='bbox 2020 4676 2068 4762; x_wconf 75' lang='lat'>12.</span> 
     </span>
     <span class='ocr_line' id='line_1_38' title="bbox 597 4807 2073 4929; baseline -0.001 -37"><span class='ocrx_word' id='word_1_307' title='bbox 597 4810 762 4922; x_wconf 66' lang='lat' dir='ltr'>cepab.</span> <span class='ocrx_word' id='word_1_308' title='bbox 800 4842 842 4896; x_wconf 89' lang='lat' dir='ltr'>u.</span> <span class='ocrx_word' id='word_1_309' title='bbox 864 4809 1095 4896; x_wconf 68' lang='lat' dir='ltr'>‘dd-ibi·</span> <span class='ocrx_word' id='word_1_310' title='bbox 1127 4849 1148 4888; x_wconf 75' lang='lat'><strong>«</strong></span> <span class='ocrx_word' id='word_1_311' title='bbox 1183 4811 1280 4898; x_wconf 85' lang='lat' dir='ltr'>Nun</span> <span class='ocrx_word' id='word_1_312' title='bbox 1314 4827 1458 4929; x_wconf 85' lang='lat' dir='ltr'>petest</span> <span class='ocrx_word' id='word_1_313' title='bbox 1488 4813 1629 4926; x_wconf 84' lang='lat' dir='ltr'>optari</span> <span class='ocrx_word' id='word_1_314' title='bbox 1675 4807 1929 4926; x_wconf 85' lang='lat' dir='ltr'>praebenda</span> <span class='ocrx_word' id='word_1_315' title='bbox 1966 4827 2073 4923; x_wconf 78' lang='lat' dir='ltr'>quae</span> 
     </span>
     <span class='ocr_line' id='line_1_39' title="bbox 603 4929 2201 5050; baseline -0.003 -32"><span class='ocrx_word' id='word_1_316' title='bbox 603 4971 622 5006; x_wconf 77' lang='grc' dir='ltr'><strong>ι</strong></span> <span class='ocrx_word' id='word_1_317' title='bbox 655 4929 742 5018; x_wconf 78' lang='lat' dir='ltr'>init</span> <span class='ocrx_word' id='word_1_318' title='bbox 775 4948 919 5020; x_wconf 89' lang='lat' dir='ltr'>erecta</span> <span class='ocrx_word' id='word_1_319' title='bbox 953 4949 995 5018; x_wconf 88' lang='lat' dir='ltr'>et</span> <span class='ocrx_word' id='word_1_320' title='bbox 1029 4930 1240 5047; x_wconf 88' lang='lat' dir='ltr'>deputata</span> <span class='ocrx_word' id='word_1_321' title='bbox 1273 4935 1317 5019; x_wconf 85' lang='lat' dir='ltr'>iu</span> <span class='ocrx_word' id='word_1_322' title='bbox 1356 4934 1640 5050; x_wconf 72' lang='lat' dir='ltr'>[hundegatam</span> <span class='ocrx_word' id='word_1_323' title='bbox 1672 4964 1755 5050; x_wconf 81' lang='lat' dir='ltr'>pne</span> <span class='ocrx_word' id='word_1_324' title='bbox 1797 4933 2014 5048; x_wconf 71' lang='lat' dir='ltr'>Tbeoinge</span> <span class='ocrx_word' id='word_1_325' title='bbox 2045 4950 2073 5006; x_wconf 69' lang='lat' dir='ltr'>a</span> <span class='ocrx_word' id='word_1_326' title='bbox 2200 5006 2201 5009; x_wconf 19' lang='grc' dir='ltr'><strong>ι</strong></span> 
     </span>
     <span class='ocr_line' id='line_1_40' title="bbox 600 5055 2073 5172; baseline -0.001 -30"><span class='ocrx_word' id='word_1_327' title='bbox 600 5089 623 5130; x_wconf 70' lang='grc' dir='ltr'><strong>ι</strong></span> <span class='ocrx_word' id='word_1_328' title='bbox 663 5056 863 5172; x_wconf 74' lang='lat' dir='ltr'>sequenti</span> <span class='ocrx_word' id='word_1_329' title='bbox 892 5055 1133 5157; x_wconf 74' lang='lat' dir='ltr'>Canariae„</span> <span class='ocrx_word' id='word_1_330' title='bbox 1150 5073 1282 5172; x_wconf 89' lang='lat' dir='ltr'>prout</span> <span class='ocrx_word' id='word_1_331' title='bbox 1318 5057 1697 5159; x_wconf 66' lang='lat' dir='ltr'>poenitentiarius,</span> <span class='ocrx_word' id='word_1_332' title='bbox 1725 5056 1796 5146; x_wconf 89' lang='lat' dir='ltr'>cni</span> <span class='ocrx_word' id='word_1_333' title='bbox 1819 5073 1936 5146; x_wconf 80' lang='lat' dir='ltr'>certa</span> <span class='ocrx_word' id='word_1_334' title='bbox 1960 5075 2073 5172; x_wconf 73' lang='lat' dir='ltr'>prat·</span> 
     </span>
     <span class='ocr_line' id='line_1_41' title="bbox 599 5177 1820 5297; baseline -0.003 -33"><span class='ocrx_word' id='word_1_335' title='bbox 599 5217 621 5254; x_wconf 64' lang='lat' dir='ltr'>a</span> <span class='ocrx_word' id='word_1_336' title='bbox 661 5177 808 5267; x_wconf 89' lang='lat' dir='ltr'>bendn</span> <span class='ocrx_word' id='word_1_337' title='bbox 834 5195 906 5266; x_wconf 85' lang='lat' dir='ltr'>est</span> <span class='ocrx_word' id='word_1_338' title='bbox 933 5179 1147 5294; x_wconf 86' lang='lat' dir='ltr'>deputata</span> <span class='ocrx_word' id='word_1_339' title='bbox 1183 5195 1227 5266; x_wconf 93' lang='lat' dir='ltr'>et</span> <span class='ocrx_word' id='word_1_340' title='bbox 1260 5179 1381 5268; x_wconf 89' lang='lat' dir='ltr'>uuita</span> <span class='ocrx_word' id='word_1_341' title='bbox 1413 5196 1558 5296; x_wconf 84' lang='lat' dir='ltr'>petest</span> <span class='ocrx_word' id='word_1_342' title='bbox 1591 5199 1758 5297; x_wconf 87' lang='lat' dir='ltr'>aptare.</span> <span class='ocrx_word' id='word_1_343' title='bbox 1803 5219 1820 5260; x_wconf 70' lang='grc' dir='ltr'><strong>ι</strong></span> 
     </span>
     <span class='ocr_line' id='line_1_42' title="bbox 725 5303 2070 5422; baseline -0.005 -34"><span class='ocrx_word' id='word_1_344' title='bbox 725 5305 953 5420; x_wconf 85' lang='lat' dir='ltr'>Minusque</span> <span class='ocrx_word' id='word_1_345' title='bbox 988 5303 1158 5390; x_wconf 86' lang='lat' dir='ltr'>iavaret</span> <span class='ocrx_word' id='word_1_346' title='bbox 1180 5331 1355 5392; x_wconf 66' lang='lat' dir='ltr'>unumne</span> <span class='ocrx_word' id='word_1_347' title='bbox 1377 5303 1532 5392; x_wconf 81' lang='lat' dir='ltr'>ueteris</span> <span class='ocrx_word' id='word_1_348' title='bbox 1552 5306 1742 5394; x_wconf 80' lang='lat' dir='ltr'>Paterno</span> <span class='ocrx_word' id='word_1_349' title='bbox 1765 5315 2070 5422; x_wconf 67' lang='lat' dir='ltr'>argumentum</span> 
     </span>
     <span class='ocr_line' id='line_1_43' title="bbox 591 5424 2069 5547; baseline 0.004 -37"><span class='ocrx_word' id='word_1_350' title='bbox 591 5451 654 5510; x_wconf 79' lang='lat' dir='ltr'>ex</span> <span class='ocrx_word' id='word_1_351' title='bbox 680 5424 1003 5516; x_wconf 73' lang='lat' dir='ltr'>cousuetudine</span> <span class='ocrx_word' id='word_1_352' title='bbox 1030 5425 1215 5514; x_wconf 81' lang='lat' dir='ltr'>t&#39;uudata</span> <span class='ocrx_word' id='word_1_353' title='bbox 1249 5426 1292 5514; x_wconf 88' lang='lat' dir='ltr'>in</span> <span class='ocrx_word' id='word_1_354' title='bbox 1327 5457 1414 5514; x_wconf 86' lang='lat' dir='ltr'>nou</span> <span class='ocrx_word' id='word_1_355' title='bbox 1445 5458 1528 5518; x_wconf 77' lang='lat' dir='ltr'>usu</span> <span class='ocrx_word' id='word_1_356' title='bbox 1562 5427 1879 5547; x_wconf 78' lang='lat' dir='ltr'>iuuisuptianis</span> <span class='ocrx_word' id='word_1_357' title='bbox 1903 5459 1958 5516; x_wconf 80' lang='lat' dir='ltr'>ex</span> <span class='ocrx_word' id='word_1_358' title='bbox 1978 5445 2069 5542; x_wconf 72' lang='lat' dir='ltr'>pat·</span> 
     </span>
    </p>
   </div>
   <div class='ocr_carea' id='block_1_3' title="bbox 0 0 2295 6340">
    <p class='ocr_par' dir='ltr' id='par_1_4' title="bbox 0 0 2295 6340">
     <span class='ocr_line' id='line_1_44' title="bbox 0 0 2295 6340; baseline 0 0"><span class='ocrx_word' id='word_1_359' title='bbox 0 0 2295 6340; x_wconf 95' lang='lat' dir='ltr'> </span> 
     </span>
    </p>
   </div>
  </div>
 </body>
</html>
