4460 6332
541 337 634 428 404
1008 343 1087 430 Die
1117 343 1177 431 23
1208 337 1395 454 Aupuati
1429 339 1567 432 1879.

544 459 739 580 demque
762 463 942 580 impune
971 479 1119 554 contro
1141 465 1448 553 ecclesiasticas
1472 462 1586 580 leges
1610 461 1902 578 perpetrari.
1931 465 2058 556 Prae-

540 585 651 670 sumi
691 585 854 700 pariter
892 615 977 673 non
1012 587 1147 676 debet
1178 586 1462 678 Guillcltnum
1497 585 1703 674 moribus
1753 601 1803 672 et
1839 583 2056 702 religione

541 721 855 820 praestantem,
893 740 971 798 ceo
1004 709 1209 800 adductis
1251 709 1498 799 ostenditur
1530 707 1844 808 documentis,
1869 708 2057 806 conficto

534 827 657 916 titulo
691 829 964 920 ordinantem
999 831 1206 949 decipere
1255 831 1459 936 voluisse,
1496 845 1544 918 ut
1585 829 1629 916 iu
1665 858 1854 948 poenas
1890 861 1916 916 a
1950 830 2044 923 iure

535 950 745 1039 canonico
777 954 1060 1044 comminutas
1094 955 1322 1044 incideret.
1362 951 1586 1042 Praesumi
1609 953 1811 1044 demum
1853 981 1948 1040 uou
1973 955 2050 1045 de-

531 1071 607 1160 bet
630 1075 838 1162 eumdem
867 1092 955 1165 tam
978 1077 1171 1166 bardum
1196 1107 1306 1178 esse,
1330 1091 1392 1181 ut,
1429 1076 1462 1164 si
1488 1091 1605 1164 tutus
1629 1077 1671 1164 in
1697 1107 1785 1164 sua
1823 1080 2049 1168 couscien-

531 1193 588 1284 tia
623 1226 707 1284 uou
742 1215 871 1303 esset,
913 1230 992 1315 pro
1024 1189 1179 1291 causae
1214 1197 1514 1320 propositione
1552 1199 1802 1298 insisteret,
1856 1198 1971 1288 dum
2007 1201 2048 1290 iu

526 1346 578 1405 ea
600 1318 851 1408 conditione
877 1322 1008 1411 modo
1026 1341 1236 1425 versatur,
1252 1339 1297 1410 ut
1314 1351 1368 1410 ex
1387 1322 1514 1410 bonis
1537 1323 1730 1440 propriis
1757 1321 1939 1410 valeret
1958 1324 2042 1412 sibi

530 1439 787 1557 requisitum
823 1475 846 1530 a
879 1445 1172 1562 Synodulibus
1205 1445 1375 1564 legibus
1397 1443 1708 1562 patrimonium
1749 1444 2043 1535 constituere.

655 1565 809 1650 Omnis
841 1583 988 1654 autem
1024 1569 1101 1656 ltuo
1133 1599 1265 1683 super
1308 1597 1355 1656 re
1398 1584 1568 1656 arcetur
1601 1565 1866 1655 amaritudo
1901 1567 1938 1656 si
1975 1599 2045 1684 pa·

531 1711 713 1800 rumper
744 1687 1067 1778 constitutionis
1100 1689 1350 1806 putrimouii
1398 1687 1504 1778 socri
1541 1688 1908 1778 instrumentum
1946 1720 2038 1807 per·

529 1807 764 1923 pendatur.
780 1809 1159 1930 Quandoquidem
1179 1843 1264 1902 non
1290 1809 1421 1900 modo
1439 1810 1655 1900 Antonius
1674 1809 1879 1900 Gusadei
1899 1813 2041 1927 ipsum

527 1929 792 2019 constituere
815 1933 950 2022 voluit
985 1936 1027 2022 iu
1061 1935 1294 2024 enunciato
1316 1933 1485 2026 credito
1519 1933 1726 2051 lrugilero
1753 1965 1839 2021 oon
1864 1934 2038 2048 rupious

528 2050 793 2168 amplissimo
815 2053 864 2142 di
888 2071 1030 2146 tuttce
1062 2057 1222 2174 riupole
1254 2057 1397 2145 azioni
1424 2089 1446 2146 c
1479 2055 1650 2170 rupioui
1681 2087 1703 2144 c
1735 2055 2038 2174 speciulmcuta

528 2171 576 2260 di
608 2175 766 2290 cripere
797 2211 818 2263 e
849 2181 1089 2295 corrrepuire
1121 2180 1197 2267 dui
1242 2179 1427 2270 debitori
1458 2179 1476 2266 i
1508 2177 1637 2298 srutti
1675 2179 1773 2268 cllo
1809 2178 1934 2268 detto
1968 2211 2034 2266 ru·

525 2297 726 2414 piena...
759 2301 1099 2416 prometteudonc
1119 2336 1139 2391 e
1159 2300 1470 2420 puruutcudoue
1493 2301 1536 2388 lu
1555 2301 1694 2390 oeritd
1724 2335 1747 2389 c
1784 2301 1934 2392 recltd
1954 2333 2029 2388 ιιοιι

528 2417 599 2506 clrc
633 2418 953 2538 l'caipidilitd...
990 2425 1068 2514 sed
1092 2427 1223 2516 otium
1253 2455 1332 2543 per
1356 2424 1635 2512 l'oraeroouzu
1670 2423 1791 2514 dello
1823 2455 2028 2540 premetur

524 2570 613 2630 core
634 2538 669 2628 il
689 2541 780 2658 Sip.
807 2545 997 2636 Antonio
1021 2545 1204 2638 Curudci
1225 2548 1281 2636 lac
1302 2545 1514 2666 odlliputo
1547 2545 1599 2634 ed
1629 2545 1808 2661 obblipa
1846 2547 1893 2634 lo
1920 2577 2023 2664 pro·

519 2663 626 2780 prio
655 2695 833 2778 persono
880 2669 997 2758 credi
1030 2703 1051 2758 e
1084 2671 1175 2758 deni
1219 2673 1404 2787 presenti
1435 2703 1456 2758 c
1486 2669 1627 2790 suttrri
1674 2670 1793 2758 nella
1846 2669 2022 2786 ruiplior

523 2785 666 2908 formo
698 2785 748 2874 di
779 2791 954 2906 ropione
984 2807 1089 2882 cotto
1124 2793 1167 2880 la
1197 2825 1305 2906 penu
1345 2789 1621 2884 dull'cmcudu
1653 2790 1718 2880 de'
1742 2791 1890 2882 dauni
1924 2793 2021 2880 lutc-

523 2910 629 2998 resai
659 2941 681 2996 e
711 2941 823 3026 apere
854 2913 982 3002 ouclrc
1014 2909 1234 3034 irrepctibi
1239 2915 1273 3004 li
1305 2915 1358 3006 ed
1398 2913 1763 3031 eutropiudiziuli.
1802 2917 1920 3008 Cum
1953 2911 2023 3030 igi·
2150 2961 2151 2964 ι

527 3047 598 3119 tur
631 3061 685 3120 ex
720 3031 999 3126 instrumenti
1024 3037 1111 3130 lide
1131 3055 1294 3128 scateat
1315 3039 1462 3128 omniu
1487 3039 1531 3126 in
1560 3038 1873 3130 constituentis
1902 3063 2017 3156 prae·

526 3151 743 3244 iudicium
779 3159 1045 3264 redundare,
1073 3191 1158 3251 non
1184 3177 1328 3280 potest
1359 3163 1502 3280 colligi
1537 3161 1682 3280 aliqua
1716 3163 1864 3266 fraus,
1891 3183 2019 3280 quam

527 3277 675 3366 nullus
708 3281 1003 3398 praesumitur
1034 3283 1312 3374 committere
1344 3285 1440 3376 sine
1479 3283 1714 3376 commodo
1746 3303 1795 3373 et
1834 3283 2018 3376 utilitate
2172 3381 2173 3390 p

527 3399 666 3490 multo
700 3403 845 3492 miuus
877 3435 978 3495 cum
1012 3406 1106 3496 eius
1138 3407 1302 3498 dumuo
1340 3439 1420 3498 ceu
1453 3408 1622 3526 optimc
1656 3407 1879 3524 ponderat
1912 3405 2015 3492 Gru·
2171 3417 2172 3440 ³

491 3525 634 3642 Utica.
674 3524 719 3608 iu
751 3523 928 3642 disrept.
964 3529 1052 3650 sor.
1087 3531 1256 3620 27821.
1291 3531 1370 3620 25.

651 3645 779 3758 Quod
813 3653 954 3770 magis
987 3653 1215 3774 magisque
1246 3652 1407 3742 evincit
1438 3651 1594 3771 agendi
1629 3653 1740 3742 ratio
1785 3649 2013 3771 panditur

526 3769 723 3856 Puroelro
747 3772 900 3876 Scotti,
919 3774 1155 3863 Guillolmo
1178 3775 1432 3866 adnotantur
1457 3815 1474 3856 ι
1501 3775 1528 3864 it
1550 3777 1641 3892 sig.
1664 3777 1851 3866 Purroeo
1884 3765 2010 3866 scotti

531 3929 549 3970 ι
589 3891 823 3984 Esecutore
862 3895 1211 3988 Testamentario
1254 3915 1671 4018 eruppreseutante
1713 3897 1893 3988 l'llrede
1934 3895 2009 3986 (la-

532 4051 550 4092 u
587 4011 727 4115 sudci,
765 4045 839 4104 era
875 4033 995 4106 tauto
1028 4051 1234 4139 persuaso
1266 4021 1346 4110 clrc
1381 4023 1408 4108 ll
1445 4020 1709 4140 patrimonio
1730 4018 1919 4114 Cusudei
1940 4043 2008 4106 era

531 4174 549 4214 ι
585 4151 768 4254 gravato
801 4137 873 4228 del
907 4169 1010 4257 peso
1042 4139 1158 4232 della
1189 4145 1475 4234 costitucioue
1507 4143 1579 4232 del
1616 4143 1703 4232 mio
1735 4137 2003 4234 Patrimooio

536 4297 553 4338 ι
592 4289 730 4360 sacro,
765 4260 845 4350 che
878 4262 919 4350 to
951 4261 1171 4356 denuncio
1204 4267 1243 4358 ul
1280 4267 1493 4384 llegistro,
1518 4265 1636 4356 uude
1659 4270 1862 4386 regolare
1885 4265 1913 4354 il
1936 4291 2006 4380 ptt·

535 4419 552 4458 ι
589 4395 797 4502 gamepto
828 4383 944 4475 della
979 4403 1088 4478 tussa
1120 4389 1166 4479 di
1199 4391 1466 4480 successione
1506 4421 1544 4493 ·;
1581 4389 1666 4478 allo
1699 4389 1745 4480 iu
1779 4391 1875 4482 loco
1906 4383 2002 4476 sub·

528 4502 611 4594 dit:
652 4545 670 4584 ι
709 4507 744 4594 Ε
777 4507 848 4624 poi
883 4508 991 4600 lalso
1013 4512 1093 4600 che
1126 4543 1212 4600 non
1244 4512 1306 4602 sia
1346 4539 1470 4628 presa
1498 4511 1666 4628 ipotecu
1689 4515 1754 4604 sui
1788 4513 1895 4602 lteni
1917 4503 2000 4598 dcl·

530 4663 548 4704 ι
589 4625 789 4718 l'ereditit
823 4629 1021 4736 Casudei,
1058 4635 1297 4724 altrimenti
1332 4635 1373 4723 lo
1394 4651 1527 4722 stesso
1544 4634 1635 4752 sig.
1663 4636 1852 4726 Purroco
1874 4623 1998 4726 Scolll

532 4787 550 4824 ι
591 4749 705 4838 nella
739 4751 895 4841 lettera
928 4755 1137 4844 scrittami
1172 4757 1213 4844 iu
1240 4763 1400 4878 Agosto
1419 4757 1540 4846 1877
1560 4787 1644 4846 ιιοιι
1669 4756 1994 4850 avrebbedetttt

532 4909 549 4950 ι
589 4871 669 4959 elte
703 4873 744 4961 io
778 4872 923 4964 lacessi
961 4908 1019 4965 uu
1054 4879 1261 4970 mandato
1298 4881 1343 4969 di
1379 4911 1562 4998 procura
1596 4911 1829 5000 apersouu
1852 4879 1897 4972 di
1921 4871 1997 4963 mio
2038 4921 2052 4994 u·

528 5031 546 5072 ι
585 4990 764 5101 liducia3
803 4999 962 5113 perche
995 5019 1148 5120 questa
1183 5019 1354 5121 potesse
1388 5035 1412 5092 a
1447 5031 1575 5092 nume
1614 5005 1704 5092 mio
1740 5004 1805 5094 lar
1835 4991 1994 5096 courcel-

527 5153 546 5194 ι
587 5115 677 5205 lure
710 5117 911 5236 l’ipotoca
944 5155 1071 5244 presa
1103 5126 1371 5216 soll'ereditlt
1403 5124 1584 5216 Casudei
1619 5155 1644 5214 a
1677 5126 1766 5215 mio
1794 5127 1989 5218 tavare·-

522 5238 649 5330 llisce
683 5273 815 5359 porro
847 5242 974 5336 dictis
1007 5249 1183 5365 plenam
1206 5247 1339 5340 fidem
1365 5247 1663 5338 adhibendam
1696 5279 1790 5338 esse
1822 5245 1993 5340 suadent

523 5360 657 5477 ipsius
689 5362 845 5458 actoris
882 5399 1032 5485 preces
1064 5375 1112 5463 S.
1148 5371 1203 5460 Ο.
1238 5371 1409 5462 oblatae
1444 5373 1502 5458 ita
1534 5389 1739 5460 sonantes
1771 5371 1991 5488 d'iruporrt

523 5479 569 5570 ol
598 5485 756 5602 δίψιοι·
787 5487 903 5578 Colli
949 5492 1000 5582 di
1046 5493 1269 5612 sciupliore
1299 5493 1358 5586 da
1388 5493 1621 5614 puuluuquc
1652 5495 1822 5584 uinculo
1853 5493 1889 5584 il
1914 5513 1991 5607 pfl·

526 5607 726 5702 trimonio
760 5610 957 5732 Gnrudei.
