4516 6318
506 328 528 417 l
539 325 599 413 16
946 322 1031 414 Dia
1064 322 1123 410 l5
1156 321 1381 412 Februarii
1414 325 1553 416 t879.

506 447 596 539 rilli
628 447 705 538 diu
729 445 868 551 siluit;
896 447 1037 536 doner
1061 460 1157 565 post
1180 445 1348 565 elapsos
1370 447 1602 567 plusquam
1634 463 1805 566 septem
1841 481 1998 560 annos,

508 571 583 662 die
614 599 775 688 nempe
812 571 871 657 10
893 570 1078 687 Augusti
1108 569 1226 658 teat
1259 572 1504 660 Paraclrum
1538 573 1843 664 Oeconomum
1879 574 2003 664 Giro-

508 695 612 786 lami
647 693 764 810 apud
802 693 992 780 tribunal
1024 692 1151 782 civile
1172 693 1378 782 Perusiae
1413 695 1456 781 in
1482 694 1693 784 iudicium
1729 695 1917 799 vocavit,
1944 697 2001 788 ud

508 819 715 908 ellectum
750 815 1014 905 reclamandi
1052 816 1386 934 praeteritarum
1419 817 1680 935 pensionum
1715 817 1996 926 solutionem,

509 945 623 1062 quae
658 969 896 1057 numquam
933 938 1165 1057 praestitae
1197 937 1388 1029 lucrant.

635 1067 691 1150 At
724 1064 1001 1152 Oeconomus
1025 1061 1254 1168 Girolami,
1277 1063 1350 1184 qui
1375 1063 1431 1152 de
1455 1063 1535 1152 bac
1557 1061 1777 1180 pensionis
1799 1095 1995 1155 reserva·
2069 1173 2074 1180 1

510 1187 629 1277 tione
675 1186 761 1275 ullo
810 1200 1006 1304 tempore
1042 1214 1097 1273 ne
1131 1187 1315 1274 verbum
1350 1185 1529 1306 quidem
1564 1183 1809 1290 audiverat,
1836 1188 1893 1276 ab
1927 1189 2003 1278 lau·

514 1308 703 1398 iusmodi
738 1307 930 1396 iudiciali
965 1309 1178 1429 petitione
1212 1309 1421 1426 percitus
1459 1307 1823 1397 administrationi
1866 1341 1995 1427 paro·

512 1430 642 1523 cbiali
664 1429 984 1538 valedicturus,
1012 1431 1274 1551 Episcopum
1298 1431 1411 1521 illico
1429 1431 1696 1521 adivit.Voti
1715 1448 1858 1520 tamen
1882 1463 2001 1524 com·

511 1588 592 1677 pos
640 1553 760 1643 hand
795 1554 930 1644 lactus
978 1573 1058 1644 est:
1098 1554 1318 1672 siquidem
1368 1555 1543 1645 videtur
1592 1553 1712 1674 quod
1760 1557 2003 1676 Episcopus

510 1681 628 1769 bene
662 1707 843 1766 noscens
876 1677 1127 1768 huiusmodi
1170 1679 1456 1794 pensionem,
1495 1694 1648 1794 utpote
1682 1680 1727 1768 S.
1765 1678 1893 1768 Sedis
1919 1713 1996 1799 ap·

509 1799 773 1922 probatione
806 1798 1075 1907 destitutam,
1120 1801 1240 1890 nullo
1284 1801 1378 1890 inre
1424 1800 1645 1890 sullultam
1695 1829 1804 1906 esse,
1852 1801 2001 1892 eidem

510 1922 755 2043 persuasit,
811 1941 856 2012 ut
913 1955 1086 2014 causam
1144 1955 1224 2042 pro
1273 1923 1595 2042 parochialibus
1643 1922 1771 2012 bonis
1831 1926 2004 2016 tuendis

510 2049 763 2168 susciperet,
800 2047 1162 2167 quandoquidem
1199 2050 1434 2166 Episcopus
1480 2047 1574 2166 ipso
1624 2046 1873 2164 pecuniam,
1917 2080 1997 2166 pro

510 2171 587 2260 lite
605 2171 875 2274 sustinenda,
898 2172 1171 2290 provideret.
1196 2170 1453 2260 Huiusmodi
1472 2169 1837 2288 promissionibus
1859 2172 1998 2262 Oeco-

510 2325 668 2385 nomus
701 2295 897 2416 allectus,
936 2293 1133 2413 Episcopi
1169 2294 1390 2384 mandatis
1424 2295 1524 2382 licet
1560 2293 1723 2384 invitus
1765 2295 1995 2412 obtempe-

510 2419 626 2507 ravit
658 2435 791 2535 atque
823 2434 1060 2536 patronum
1095 2417 1179 2506 sibi
1212 2418 1360 2536 elegit,
1397 2418 1465 2506 cui
1500 2417 1561 2504 50
1596 2417 1771 2506 libellae
1803 2449 1885 2535 pro
1920 2419 2000 2509 lite

511 2539 814 2658 aggredienda
847 2539 1023 2629 oblatae
1056 2556 1173 2643 suut,
1209 2571 1322 2660 quae
1364 2540 1485 2628 iuxta
1534 2540 1744 2656 promissa
1791 2543 1848 2630 ab
1895 2541 1998 2659 Epi·

510 2695 646 2782 scopo
678 2664 846 2752 solutae
878 2662 1071 2751 luerunt.
1094 2667 1193 2754 Post
1226 2666 1335 2753 baec
1369 2664 1424 2752 ad
1460 2692 1654 2782 pugnam
1686 2680 1869 2752 ventum
1909 2681 1990 2770 est,

510 2817 625 2906 quae
667 2786 779 2875 votis
825 2817 911 2874 non
960 2787 1119 2877 arrisit:
1171 2787 1367 2875 tribunal
1414 2815 1607 2904 namque
1656 2785 1781 2875 civile
1827 2789 1999 2877 bonum

509 2911 576 3000 ius
609 2910 764 2998 actoris
798 2909 1050 3027 recognovit
1082 2927 1126 2999 et
1156 2911 1404 3000 Parochum
1438 2911 1742 2998 Oeconomum
1791 2941 1891 3000 cnm
1942 2910 2000 3000 ad

510 3033 768 3154 praeteritas
790 3063 956 3120 annuas
979 3033 1228 3152 pensiones,
1256 3051 1348 3122 tum
1370 3033 1504 3122 etiam
1528 3034 1583 3123 ad
1606 3062 1817 3148 expensas
1840 3034 1996 3125 iudicii

509 3155 741 3245 solvendas
772 3156 1101 3246 condemnavit.
1139 3158 1237 3271 Quo
1288 3155 1358 3243 vix
1409 3154 1562 3245 audito
1594 3158 1887 3261 Oeconomus,
1942 3187 1998 3246 ne

509 3277 786 3398 gravioribus
820 3279 916 3367 aliis
951 3280 1238 3370 incommodis
1271 3279 1447 3369 obviam
1470 3280 1568 3384 iret,
1596 3279 1844 3398 paroeciam
1871 3279 2002 3370 dimi·-

511 3403 564 3490 sit
595 3416 640 3490 et
672 3402 759 3490 litis
794 3403 1125 3520 prosequutioui
1174 3403 1355 3522 insuper
1404 3403 1630 3507 valedixit,
1668 3433 1782 3520 quae
1830 3403 1997 3494 deinde

509 3555 643 3642 opera
677 3539 720 3613 ct
750 3525 895 3614 studio
927 3525 1255 3618 Suboeconomi
1289 3528 1414 3644 regii,
1454 3528 1514 3615 uti
1553 3527 1736 3628 lerunt,
1774 3527 1831 3616 ad
1863 3557 1996 3644 quem

508 3648 728 3736 bonorum
762 3637 1079 3768 parochialium
1110 3650 1435 3739 administratio
1468 3649 1710 3766 spectabat,
1750 3667 1986 3768 resumpta,

361 3859 369 3876 ,
512 3772 742 3860 immutato
776 3772 878 3874 lato,
917 3775 1146 3861 meliorem
1181 3774 1347 3861 exitum
1386 3773 1557 3860 babuit.

633 3897 949 3985 Verumtamen
983 3896 1232 3985 huiusmodi
1257 3897 1529 3986 renunciatio
1555 3927 1607 3986 eo
1630 3895 1749 4016 quod
1774 3895 1831 3982 ab
1854 3899 1990 3985 Oeco-

510 4047 642 4106 nomo
667 4019 794 4106 nimis
816 4049 914 4107 sero
936 4019 1092 4108 emissa
1127 4019 1225 4122 luit,
1248 4021 1455 4111 eumdem
1491 4053 1516 4110 a
1549 4021 1710 4139 peracti
1737 4018 1886 4108 iudicii
1909 4051 2000 4108 mo·

507 4139 645 4228 lestiis
679 4141 921 4230 immunem
954 4143 1073 4258 baud
1109 4142 1318 4233 reddidit.
1356 4144 1470 4233 Sane
1504 4145 1652 4263 paullo
1686 4157 1783 4264 post
1815 4144 1907 4230 300
1947 4142 1995 4230 li·

506 4263 728 4384 bellarnm
761 4292 981 4355 summam
1015 4269 1184 4356 solvere
1217 4283 1388 4355 coactus
1421 4284 1486 4356 cst
1519 4299 1599 4386 pro
1646 4297 1725 4355 suo
1758 4281 1802 4354 et
1836 4265 1994 4354 adver-

506 4415 580 4475 sae
614 4387 746 4504 partis
779 4390 1040 4504 patrocinio3
1075 4405 1345 4510 quapropter
1378 4421 1478 4480 aere
1520 4391 1666 4479 alieno
1712 4421 1759 4480 sc
1808 4419 1994 4509 gravare

460 4503 468 4521 ’
508 4539 684 4600 necesso
717 4510 814 4598 luit.

632 4635 695 4723 Ex
726 4631 932 4724 hactenus
965 4635 1174 4753 expositis
1206 4637 1482 4728 Oeconomus
1515 4637 1727 4726 Girolami
1761 4649 1882 4724 ratus
1917 4635 1996 4723 lau-

500 4755 697 4846 xinsmodi
749 4767 961 4875 expensas
1011 4761 1080 4847 vel
1129 4759 1186 4848 de
1234 4760 1363 4848 bonis
1407 4761 1624 4880 Episcopi,
1677 4791 1765 4879 qno
1810 4759 1993 4849 iubente

508 4878 631 4968 litem
667 4881 760 5000 ipse
792 4881 995 4997 suscepit,
1034 4882 1103 4972 rel
1136 4883 1204 4972 sin
1236 4884 1383 4972 minus
1416 4883 1473 4972 de
1496 4883 1741 4974 redditibus
1766 4883 1994 5002 parochia·
2102 4903 2111 4922 '

507 5001 559 5091 lis
591 5002 1038 5122 beneflcii,·quorum
1086 5009 1223 5124 gratia
1267 5007 1318 5095 lis
1360 5023 1576 5124 suscepta·
1607 5006 1704 5112 luit,
1758 5005 1991 5095 solvendas
2049 5021 2051 5025 ’

510 5155 620 5230 esse,
658 5129 741 5216 snb
774 5125 847 5215 die
880 5130 908 5216 7
943 5129 1053 5218 lunii
1090 5131 1211 5220 1878
1243 5133 1298 5218 H.
1334 5132 1380 5221 S.
1416 5133 1472 5220 0.
1509 5131 1751 5248 supplicem
1787 5128 1989 5216 libellum

507 5248 669 5338 obtulit
701 5251 996 5367 expostulans:
1033 5249 1206 5376 offiarlui
1237 5253 1383 5341 aedua
1418 5253 1454 5340 le
1486 5285 1555 5340 aare
1586 5253 1762 5370 ropioni
1791 5250 1938 5367 oopliu
1970 5279 1994 5335 o

509 5369 630 5460 dallo
661 5373 796 5462 Caria
828 5407 852 5462 o
886 5375 1008 5465 dallo
1040 5376 1301 5465 Porroccltia
1322 5375 1442 5498 farlo
1471 5377 1681 5465 risorcire
1709 5369 1995 5488 de'prouirsi-

511 5495 571 5582 mi
603 5493 739 5584 douai
770 5499 1089 5616 iupiustameute
1120 5500 1300 5622 sollerti.
