4516 6318
737 353 821 442 Die
855 355 912 442 l3
946 353 1100 442 Martii
1132 351 1271 440 1879.
1655 348 1745 450 tta
1781 431 1784 437 .

252 503 353 608 pote
386 496 659 572 contractum
707 493 751 566 et
798 491 1124 566 sacramentnm
1175 475 1341 564 nelarie
1388 492 1651 568 attentatum
1698 483 1741 573 in

252 624 448 730 spretum
485 603 796 692 ecclesiasticae
850 601 971 718 legis.
1020 603 1207 688 Rursum
1245 600 1572 690 matrimonium
1617 605 1746 696 civile

249 766 303 822 ex
336 729 610 818 solemnibus
643 725 1014 815 declarationibus
1049 723 1278 811 Benedicti
1313 725 1434 812 xlv.
1470 727 1534 812 Pii
1581 729 1655 815 Vl.
1697 745 1742 819 et

251 857 316 946 Pii
355 855 432 940 tx.
472 852 512 938 in
552 864 903 967 praememorato
938 863 1033 935 actu
1069 847 1113 935 S.
1153 845 1521 938 Paenitentiariae
1555 868 1620 937 est
1652 886 1742 942 euc-
1792 945 1794 952 .

253 977 442 1066 rentoaia
481 990 602 1090 atquc
633 990 746 1058 ortus
798 1003 907 1058 arere
939 968 1096 1055 civilis.
1153 969 1287 1090 Atqui
1326 970 1371 1054 l⁰
1423 1002 1563 1090 neque
1611 1005 1742 1095 spon·

251 1100 356 1192 salia
389 1129 536 1216 neque
572 1093 900 1182 matrimonium
951 1092 1270 1181 clandestinum
1307 1093 1391 1182 diei
1432 1113 1574 1211 potest
1621 1117 1740 1193 aetus

251 1253 373 1313 mere
405 1221 560 1322 civiliS,
583 1219 686 1336 quia
721 1233 956 1336 utrumque
990 1217 1301 1331 ecclesiasticae
1336 1216 1623 1307 iurisdictioni
1661 1253 1727 1312 es-

247 1345 491 1437 sentialiter
523 1344 688 1444 subest,
716 1359 758 1430 et
780 1341 855 1459 qui
889 1339 1155 1428 eontrarium
1180 1357 1411 1442 assereret,
1442 1343 1659 1432 incideret
1687 1348 1730 1434 in

249 1467 570 1588 propositiones
592 1463 822 1553 danmatas
846 1463 887 1550 in
912 1461 1038 1551 Bulla
1062 1468 1295 1552 Auctorem
1316 1463 1438 1554 Fidei
1475 1467 1558 1554 sub
1583 1497 1628 1554 n.
1650 1470 1730 1559 58.

245 1613 291 1682 ct
326 1596 372 1680 iu
397 1591 581 1708 Syllabo
614 1591 659 1677 S.
697 1592 753 1678 lll.
775 1587 840 1674 Pii
877 1589 954 1674 lX.
980 1587 1066 1674 sub
1100 1619 1145 1675 n.
1183 1589 1260 1676 74:
1296 1585 1344 1673 2⁰
1387 1620 1439 1675 ex
1473 1605 1570 1676 actu
1608 1622 1730 1683 merc

245 1716 363 1806 civili
389 1713 629 1834 procedere
650 1711 800 1830 nequit
825 1708 1212 1830 impedimentum,
1236 1739 1396 1827 nempe
1419 1710 1597 1800 allectus
1616 1744 1737 1806 mere

244 1837 575 1936 ecclesiasticus,
593 1836 696 1955 quia
718 1837 897 1922 allectus
922 1864 1007 1921 oon
1032 1853 1141 1922 esset
1165 1865 1320 1922 causae
1343 1834 1718 1952 proportionatus.

370 1960 456 2053 Sed
475 1958 676 2076 inquiunt
696 1957 942 2046 contrariae
957 1959 1201 2046 sententiae
1224 1977 1475 2060 assertores,
1490 1959 1740 2052 huiusmodi

249 2085 566 2176 declarationes
601 2083 644 2169 in
678 2111 806 2170 sensu
842 2080 1040 2167 absoluto
1075 2097 1119 2168 et
1142 2081 1198 2171 ad
1231 2082 1524 2171 exclusionem
1548 2084 1740 2174 cuiusvis

251 2211 417 2300 lormae
451 2204 721 2294 matrimonii
746 2203 877 2291 etiam
903 2203 1013 2290 irriti
1048 2203 1325 2322 accipiendas
1349 2236 1433 2293 uon
1454 2236 1564 2294 esse.
1590 2208 1739 2298 Semel

251 2365 300 2423 ac
332 2333 449 2420 enim
487 2331 528 2416 iu
564 2343 661 2416 actu
695 2327 811 2414 civili
845 2357 899 2415 ex
932 2329 1154 2444 agentium
1193 2327 1436 2417 intentione
1474 2349 1740 2421 concurrant

253 2459 436 2546 materia
470 2471 513 2542 et
548 2447 686 2540 lorma
720 2450 988 2539 matrimonii
1024 2449 1300 2554 clandestini,
1338 2453 1635 2569 superallatae
1659 2459 1740 2544 Ee-

248 2581 406 2670 elesiae
440 2574 758 2667 declarationes
792 2605 843 2662 eo
878 2573 1040 2692 porrigi
1067 2605 1151 2662 non
1172 2575 1354 2678 debent,
1383 2593 1430 2662 ut
1451 2591 1621 2692 gestum
1641 2609 1735 2668 csse

249 2703 391 2792 uelint
414 2700 533 2820 quod
563 2728 715 2816 reapse
748 2715 920 2815 gestum
940 2696 1039 2784 luit.
1062 2699 1268 2788 Attamen
1295 2699 1540 2786 notandum
1558 2718 1739 2791 econtra

248 2827 423 2916 videtur
457 2825 503 2914 iu
536 2822 707 2941 primia,
744 2819 864 2939 quod
898 2821 1034 2908 verba
1071 2821 1137 2908 vel
1172 2820 1295 2941 signa
1328 2823 1597 2911 constituunt
1634 2855 1736 2912 ma·-

247 2949 438 3038 trimonii
476 2949 910 3062 lormam‘quatenus
943 2941 1215 3062 exprimunt,
1251 2977 1302 3036 ac
1335 2944 1579 3066 significant
1606 2947 1740 3037 iuterss

245 3103 354 3162 num
374 3071 563 3190 partium
593 3097 852 3156 eonsensum
870 3067 1158 3158 contrahendi
1175 3068 1232 3157 dc
1262 3069 1500 3187 praesenti.
1523 3069 1738 3181 Quamvis

245 3229 377 3316 porro
411 3195 567 3283 eadem
604 3192 741 3280 verba
777 3190 844 3278 vel
878 3189 1005 3306 signa
1028 3207 1257 3279 occurrant
1276 3211 1364 3281 tam
1387 3193 1429 3279 in
1451 3193 1735 3286 matrimonio

246 3319 366 3408 civili
398 3349 528 3440 quam
564 3318 608 3404 in
645 3311 928 3402 matrimonio
960 3313 1247 3420 clandestino,
1278 3317 1318 3404 in
1358 3315 1438 3404 boc
1474 3332 1620 3405 tamen
1657 3349 1736 3407 na-

247 3443 432 3532 turalem
466 3472 515 3528 ac
550 3439 730 3527 obviarn
769 3437 1004 3554 perbibent
1035 3437 1400 3555 significationem
1436 3439 1594 3526 interni
1628 3473 1734 3530 con·

243 3561 714 3654 sensus'contrabendi
751 3561 808 3650 de
842 3560 1081 3677 praesenti,
1101 3563 1204 3680 quia
1220 3581 1378 3682 sponte
1411 3593 1461 3651 ac
1496 3561 1615 3650 nullo
1639 3565 1733 3653 iure

239 3705 424 3806 cogente
456 3705 648 3806 agentes
688 3685 860 3772 nonnisi
896 3683 952 3771 ad
987 3683 1189 3773 ellectum
1225 3685 1469 3775 attentandi
1507 3687 1732 3775 matrimo-

243 3811 364 3900 nium
416 3822 827 3928 agereeensentur.
878 3809 937 3896 At
968 3806 1012 3893 iu
1049 3810 1330 3898 matrimonio
1383 3809 1500 3898 civili
1542 3807 1731 3916 lideleS,

241 3949 342 4024 utut
380 3933 603 4030 inriti,a
655 3931 760 4050 legis
813 3931 1070 4020 necessitate
1113 3933 1467 4052 compelluntur,
1515 3949 1558 4020 et
1598 3934 1735 4022 verba

243 4058 310 4145 vel
345 4059 469 4176 signa
503 4057 701 4145 eiusdem
736 4053 1038 4143 caeremoniae
1072 4058 1297 4146 occasione
1329 4057 1530 4146 adbiberi
1563 4056 1728 4162 solita,

240 4179 334 4270 sive
369 4181 489 4268 iuxta
512 4179 729 4268 Ecclesiae
750 4207 949 4280 sensum,
972 4177 1065 4267 sive
1088 4210 1140 4266 ex
1159 4184 1383 4269 communi
1418 4179 1616 4268 lidelium
1653 4211 1734 4270 usu

242 4320 286 4392 et
318 4305 544 4423 opinione,
572 4303 665 4392 sive
699 4333 752 4390 cx
794 4318 952 4390 natura
984 4319 1103 4391 actus
1137 4321 1269 4422 prout
1301 4304 1417 4394 licite
1451 4301 1544 4391 fieri
1572 4320 1731 4420 potest,

245 4427 414 4516 directa
469 4444 570 4515 sunt
618 4425 673 4514 ad
729 4423 1064 4543 significandum
1123 4429 1387 4548 obsequium
1436 4456 1539 4544 erga
1592 4427 1733 4544 legem

241 4550 457 4653 civilem,
510 4568 555 4638 et
603 4547 959 4637 satisfaciendum
1019 4549 1112 4638 eius
1162 4565 1440 4672 praecepto,¹
1475 4579 1532 4636 ue
1578 4577 1733 4636 verum

243 4673 575 4762 matrimonium
636 4672 724 4760 iam
775 4689 1049 4763 contractum
1101 4675 1170 4762 vel
1228 4705 1328 4764 mox
1382 4669 1733 4762 contrabendum

242 4795 407 4886 dabitis
440 4797 642 4916 privetur
675 4794 920 4883 ellectibus.
975 4795 1125 4885 Verba
1165 4795 1298 4915 igitur
1335 4797 1403 4886 rel
1456 4795 1596 4915 sigua,
1620 4825 1734 4914 qaae

242 4917 513 5008 adhibentur
552 4921 598 5008 in
639 4918 923 5008 matrimonio
971 4919 1090 5008 cirili
1137 4951 1192 5010 ex
1225 4920 1521 5039 peculiaribus
1557 4919 1734 5008 lruiusec

238 5043 548 5132 caeremoniae
590 5042 807 5134 adiunctis
857 5073 943 5132 uon
1009 5061 1110 5132 snut
1157 5045 1315 5134 idonea
1375 5045 1428 5134 ad
1481 5043 1738 5132 naturaliter

240 5163 579 5282 significandum
621 5167 846 5254 internum
880 5197 1141 5256 consensum
1185 5165 1472 5258 contrahendi
1518 5165 1575 5254 dc
1609 5195 1735 5285 prae·

237 5287 398 5394 senti,
449 5292 553 5409 quia
599 5307 779 5408 urgente
828 5289 935 5408 legis
992 5289 1250 5383 necessitate
1291 5293 1348 5382 ad
1408 5291 1541 5379 alium
1596 5289 1732 5379 finem

236 5407 405 5502 directe
430 5413 636 5518 tendant,
666 5445 714 5502 ac
748 5429 863 5502 recte
895 5413 1136 5504 consistunt
1168 5417 1315 5535 quoad
1350 5447 1424 5505 eos
1456 5415 1589 5504 etiam
1625 5441 1731 5503 saue

238 5533 471 5651 plurimos
504 5536 580 5659 qni
615 5536 786 5625 nullum
807 5538 1264 5646 tuuematrimouiam
1307 5569 1521 5662 peragere
1555 5537 1728 5629 volunt.
