4460 6332
563 373 656 464 410
1028 371 1111 457 Die
1141 371 1202 460 23
1234 369 1419 486 Aupusti
1452 371 1590 460 4879.
2171 449 2172 480 ,

561 495 750 615 hyterali
783 491 1068 611 praebendae
1082 495 1251 582 adnexa
1271 493 1343 594 sit,
1370 494 1445 581 sed
1467 495 1614 610 potius
1637 489 1851 610 portioni
1880 521 2076 606 suppres-

562 649 707 710 sarum
743 615 1119 734 praebendarum,
1147 645 1260 734 quae
1288 614 1679 734 drcbipresbytero
1710 611 1987 702 adiudicata
2005 615 2075 706 suit

562 773 641 862 pro
663 739 855 858 gerenda
870 737 1116 826 animarum
1132 767 1247 842 cura;
1270 737 1548 855 subindeque
1564 769 1711 856 neque
1735 737 1825 838 ius,
1852 767 2000 853 neque
2022 771 2074 826 re·

562 881 630 954 cta
646 863 757 951 ratio
777 877 1013 978 pateretur,
1031 875 1077 947 ut
1094 861 1184 976 ipse
1202 861 1293 950 aliis
1318 861 1544 950 laboribus
1562 861 1791 948 distentus
1813 890 1903 974 pro
1924 862 2076 978 quibus

562 986 810 1074 mercedem
846 1001 885 1070 et
913 1013 998 1069 non
1026 983 1166 1070 levem
1196 983 1396 1100 percipit,
1420 985 1550 1070 etiam
1575 983 1796 1072 omnibus
1847 981 1984 1096 potiri
2012 983 2073 1074 de·

561 1111 663 1198 beat
683 1105 937 1224 privilegiis,
957 1107 1117 1226 quibus
1135 1107 1163 1192 ii
1184 1105 1386 1193 fruuntur
1409 1107 1603 1207 Parocbi,
1624 1137 1829 1222 quorum
1852 1104 2068 1220 dignitati,

567 1233 636 1320 vel
669 1229 940 1316 canonicatui
972 1227 1193 1316 adnexum
1229 1245 1294 1316 est
1326 1261 1434 1316 onus
1468 1261 1597 1317 curae
1633 1228 1925 1315 animarum.

688 1353 870 1468 Optimo
926 1351 1111 1467 proinde
1164 1353 1257 1440 iure
1310 1352 1529 1440 concludit
1582 1349 1871 1466 Capitulum,
1933 1353 2067 1438 oneris

562 1474 829 1564 Parochialis
864 1475 1001 1587 gratia
1054 1473 1229 1560 cessisse
1267 1515 1284 1552 ι
1327 1505 1382 1560 un
1413 1474 1673 1592 particulare
1706 1501 1736 1560 e
1775 1473 1871 1558 ben
1910 1471 2065 1586 pingue

569 1641 585 1676 «
624 1595 861 1711 stipendio,
900 1597 978 1682 ebo
1014 1597 1154 1710 prima
1189 1625 1273 1682 non
1309 1595 1342 1684 si
1376 1596 1546 1714 godeva
1594 1596 1650 1684 da
1696 1595 1772 1681 obi
1826 1592 2062 1682 esercitava

568 1761 583 1800 ι
627 1721 665 1806 ia
700 1751 801 1806 cura
836 1717 951 1805 dede
985 1719 1148 1806 anime.
1186 1719 1220 1804 Ε
1254 1717 1298 1806 di
1332 1717 1439 1806 fatto
1473 1719 1557 1836 egli
1583 1719 1609 1806 it
1636 1717 1807 1833 Signor
1835 1715 2062 1832 Arciprete

568 1883 583 1922 ι
625 1841 720 1959 oggi
756 1841 1004 1956 percepisse
1038 1841 1075 1928 ia
1108 1841 1266 1928 vistosa
1301 1871 1469 1928 somma
1519 1855 1637 1929 netta
1686 1840 1746 1926 da
1801 1839 2062 1956 quaiunque

568 2007 585 2046 ι
626 1995 728 2082 peso
762 1995 786 2050 e
821 1981 929 2050 tasse
961 1963 1262 2080 governative,
1311 1964 1589 2052 ordinariee
1632 1959 1982 2055 straordinarie.
2018 1961 2057 2050 di

570 2131 586 2166 «
626 2088 723 2174 Lire
759 2087 928 2172 tremiia
950 2087 1141 2172 seieento
1166 2103 1397 2174 ottantuuo
1435 2086 1710 2174 eeentesimi
1741 2086 2056 2200 cinquantatre

569 2252 587 2290 ι
627 2211 766 2298 diviso
811 2209 878 2294 nei
932 2207 1063 2296 modo
1117 2224 1343 2324 seguente,
1394 2209 1487 2295 ciue
1536 2237 1662 2296 come
1715 2205 1953 2296 Canonico
1995 2203 2055 2288 Li·

569 2375 584 2410 ·
628 2363 673 2418 re
708 2331 926 2433 4225‚6t;
965 2361 1089 2416 come
1123 2332 1358 2420 Sacerdote
1390 2331 1490 2418 Lire
1542 2330 1736 2434 atat&
1793 2358 1880 2446 per
1929 2343 2051 2445 quota

569 2499 584 2532 t
625 2452 1078 2572 parrochiaieobegii
1113 2453 1283 2539 riviene
1319 2484 1397 2571 per
1428 2470 1539 2542 sesta
1575 2467 1698 2572 parte
1732 2451 1782 2540 di
1838 2463 1951 2537 sette
1997 2479 2056 2534 ea·

566 2618 585 2658 ι
626 2575 815 2663 nonicati
847 2576 1063 2692 suppressi
1100 2575 1199 2662 Lire
1234 2577 1454 2680 trusam
1492 2607 1517 2663 e
1561 2575 1827 2664 finalmente
1881 2571 1954 2659 dai
1998 2572 2049 2656 te-

569 2740 587 2780 «
627 2715 727 2816 gato
764 2700 903 2786 Ponza
938 2699 1036 2783 Lire
1071 2699 1302 2798 mauu...
1342 2715 1513 2786 mentre
1549 2699 1575 2784 it
1601 2691 2047 2816 sempliceCanonieo

568 2863 584 2900 ι
625 2820 680 2908 ed
714 2821 850 2906 anche
886 2821 927 2908 le
959 2836 1132 2936 quattro
1157 2820 1334 2938 Dignitia
1368 2821 1440 2909 del
1474 2821 1686 2939 Capitoio,
1724 2820 1826 2908 ciue
1863 2812 2047 2902 Arcidia·

569 2987 584 3023 ι
624 2973 751 3046 cono,
789 2944 993 3044 Cautum,
1033 2943 1343 3032 Primicerioe
1392 2943 1543 3031 Priore
1587 2971 1671 3030 non
1712 2941 1927 3029 ricevono
1980 2963 2049 3052 per

566 3107 584 3146 ι
624 3069 758 3154 Massa
793 3065 871 3153 che
905 3065 1002 3152 Lire
1035 3066 1225 3169 672,80;
1265 3097 1344 3182 per
1377 3069 1509 3153 Messe
1544 3065 1643 3152 Lire
1678 3063 1851 3168 730,tt
1918 3060 2045 3178 giusta

566 3229 583 3267 ι
626 3192 667 3278 la
702 3187 869 3306 liquida
903 3187 1094 3276 stabilita
1129 3187 1203 3278 dal
1237 3191 1459 3291 Governo,
1497 3219 1521 3274 e
1554 3188 1632 3276 ebe
1667 3185 1710 3275 in
1736 3219 1830 3276 uno
1856 3185 2044 3273 formano

569 3351 587 3392 ι
627 3311 727 3398 bire
763 3311 982 3413 tudam.
1027 3351 1044 3390 ι

686 3433 807 3524 ldem
843 3433 1155 3522 consectarium
1193 3433 1348 3552 potiori
1382 3434 1551 3521 ratione
1585 3432 1837 3522 tenendum
1877 3425 2043 3516 videtur

562 3557 695 3645 etiam
722 3557 764 3643 in
785 3555 1170 3644 distributionibus
1193 3585 1305 3674 quae
1323 3557 1506 3644 audiunt
1534 3558 1646 3644 inter
1669 3568 1944 3672 praesentes.
1970 3547 2044 3634 Ma·

562 3679 682 3768 xime
705 3681 805 3798 quia
838 3677 894 3766 ad
918 3679 1045 3766 hasce
1081 3677 1309 3766 lucrandas
1330 3677 1431 3765 satis
1455 3708 1538 3765 non
1575 3697 1639 3766 est
1673 3679 1788 3782 ficta,
1822 3676 1899 3766 sed
1924 3667 2037 3759 realis

561 3817 604 3886 et
641 3803 818 3918 physica
853 3801 1097 3917 praesentia
1129 3799 1376 3888 beneficiati
1402 3802 1640 3918 requiritur
1662 3793 2031 3920 quemadmodum

560 3924 723 4037 passim
756 3923 882 4010 docet
899 3925 944 4012 S.
971 3923 1021 4010 C.
1044 3924 1279 4040 praecipue
1314 3953 1417 4011 vero
1441 3923 1484 4010 in
1505 3925 1777 4012 Praenestina
1811 3915 2036 4010 Falieutiu·

563 4074 656 4128 rum
689 4045 749 4130 29
782 4045 889 4130 tutti
933 4046 1052 4133 4837
1092 4044 1136 4167 3.
1179 4046 1228 4130 In
1272 4049 1394 4134 tertio
1426 4047 1583 4152 Dubio,
1636 4047 1904 4134 Terracinam
1937 4034 2032 4122 Pri·

560 4195 727 4254 ucrueu.
753 4167 1136 4255 Emolumeatorum
1158 4171 1218 4257 23
1240 4169 1342 4256 Dee.
1370 4171 1491 4257 t826
1514 4170 1560 4292 3.
1586 4171 1713 4272 Dein,
1739 4169 1941 4256 Suuouen.
1961 4155 2032 4243 Di·

560 4287 825 4382 &ributionis
860 4290 918 4376 t5
952 4290 1139 4378 Decemb.
1170 4293 1305 4389 t7to,
1343 4291 1595 4379 Calurituna
1627 4292 1809 4380 Onerum
1841 4293 1897 4378 17
1928 4285 2029 4394 Sept.

562 4413 675 4502 4734
719 4411 764 4534 3.
806 4413 957 4524 Quoad
998 4414 1222 4531 reliquum,
1258 4415 1435 4502 Reatina
1468 4415 1737 4503 [ubilationis
1769 4416 1831 4503 28
1873 4399 2032 4525 Aprilis
2166 4452 2168 4531 3

562 4535 685 4625 t770
718 4535 763 4657 3.
800 4537 958 4624 Contra
982 4537 1056 4626 ubi
1092 4537 1275 4625 traditur
1308 4537 1430 4656 quod
1465 4538 1599 4626 tribui
1633 4537 1798 4626 debent
1827 4579 1844 4616 ε
1874 4525 2031 4621 Emolu·
2166 4543 2167 4563 ¹

566 4699 583 4738 ι
624 4677 774 4747 menta
814 4659 1243 4761 Anniversariorum,
1290 4661 1619 4750 Processionum
1664 4660 1940 4776 aliorumque
1979 4643 2027 4732 si·
2164 4573 2167 4749 i

567 4821 584 4862 ι
625 4780 797 4868 milium
822 4813 934 4899 quae
973 4815 1027 4870 ex
1066 4801 1347 4902 praesumpta
1382 4799 1635 4872 testatorum
1671 4769 2028 4870 voluntaterelin·
2162 4795 2164 4858 t

566 4943 583 4982 c
622 4919 820 5022 quuntur
846 4905 1174 5022 Capituiaribus
1204 4921 1303 4995 actu
1328 4906 1702 5010 interessentibus,
1740 4909 1813 5024 qui
1849 4933 1925 5024 pro
1946 4887 2024 4982 ani·

564 5065 582 5104 ι
624 5025 780 5114 mabus
814 5028 1149 5117 Beneiactorum
1185 5059 1335 5146 preces
1367 5029 1626 5118 fuderint».

689 5149 821 5262 Quod
855 5146 958 5238 vero
981 5169 1146 5268 spectat
1167 5151 1224 5240 ad
1248 5151 1459 5240 solientias
1492 5151 1931 5240 animadvertendum
1967 5161 2032 5222 oe.

559 5272 694 5360 currit
728 5302 781 5360 ex
815 5273 920 5360 iuris
953 5271 1238 5391 dispositione
1271 5305 1515 5364 accrescere
1547 5275 1713 5366 debere
1737 5253 2023 5362 antummodo

565 5391 941 5500 interessentibus,
978 5397 1053 5516 qui
1075 5399 1133 5486 ob
1156 5398 1340 5516 aliorum
1360 5397 1601 5486 absentiam
1621 5396 1835 5486 maiorem
1852 5387 2021 5483 subeunt

559 5513 605 5600 in
638 5517 769 5605 choro
802 5519 1015 5606 laborem.
1052 5523 1176 5638 Ipsae
1209 5522 1327 5607 euim
1364 5535 1587 5638 tamquam
1612 5521 1834 5638 premium
1858 5520 2017 5642 interes·
2158 5541 2159 5586 ³

557 5637 756 5727 sentibus
788 5641 967 5745 dantur,
1005 5657 1048 5732 et
1081 5643 1125 5730 in
1145 5673 1331 5761 poenam
1355 5643 1613 5732 absentibus
1636 5643 1905 5732 auferuntur.
1926 5631 2018 5720 1¹¹ssc
