4460 6332
537 297 630 388 138
1002 287 1086 374 Dic
1117 285 1178 374 23
1212 283 1395 399 Aequa·
1428 281 1567 370 1879.

538 419 664 522 dum;
692 413 927 504 etenimex
950 409 1141 528 eoquod
1166 407 1258 524 ipsa
1292 403 1476 494 mandat
1508 431 1722 524 expresse
1759 399 1823 491 ad
1858 398 2048 524 dignita.
2152 384 2153 387 i

543 557 607 631 tes
638 555 682 628 et
715 535 938 656 quaedam
971 529 1185 622 beneficia
1219 527 1494 648 assequenda
1525 527 1825 618 doctoratum
1874 528 1944 615 vei
1976 537 2048 626 sat.

542 682 631 754 tem
668 657 890 749 licentiam
914 655 1098 776 requiri,
1136 651 1253 742 band
1289 649 1515 740 descendit
1559 647 1870 740 Tridentinos
1903 653 2045 750 Patras

540 784 740 903 Prniytas
774 779 1036 870 Ductoribus
1070 778 1357 896 aequiparare
1380 773 1583 882 votuisse,
1617 771 1699 863 scd
1730 786 1918 861 tantum
1941 783 2050 896 quod

543 903 810 1010 assumendi,
842 903 908 990 sin
932 900 1141 1000 doctorali
1168 899 1332 1000 laurea,
1351 897 1605 1016 proximiori
1632 895 1803 984 saitem
1836 901 1981 1014 gradu
1998 904 2051 992 in.

542 1030 690 1148 siqniti
723 1026 885 1116 forent.
923 1021 1241 1141 Dispositiones
1275 1033 1424 1110 antem
1460 1021 1611 1110 Bniiae
1644 1019 1768 1110 Sixti
1796 1020 1861 1110 IV
1883 1039 1929 1109 et
1952 1025 2049 1115 Leo-

542 1155 610 1244 nis
641 1154 684 1240 X
717 1179 831 1269 quae
853 1179 934 1268 pru
957 1145 1074 1234 bisce
1106 1143 1377 1264 praebendis
1410 1143 1551 1260 legem
1589 1141 1731 1230 veluti
1760 1141 1971 1251 edicunt,
2007 1151 2043 1239 in

544 1274 853 1392 Hispaniarum
889 1269 1069 1386 regione
1102 1267 1285 1356 minime
1319 1265 1374 1355 ad
1408 1297 1501 1354 rem
1536 1265 1677 1356 iacere
1715 1265 1958 1358 videntur.
1993 1275 2047 1361 Er

542 1395 773 1520 posteriori
792 1421 984 1511 namque
1006 1389 1294 1508 dispositione
1313 1389 1447 1478 Pinna
1466 1391 1761 1478 Doctoratum
1789 1389 2042 1508 requirente

542 1521 670 1636 origo
703 1515 986 1637 praebendae
1033 1512 1265 1604 doctoralis
1306 1529 1349 1600 et
1403 1511 1658 1630 Magistraiis
1708 1507 2073 1607 barbastrensis

544 1641 766 1732 'Ecclesiae
798 1635 1038 1756 repetenda
1071 1650 1150 1741 ast3
1171 1634 1248 1724 sed
1267 1633 1423 1725 scitum
1459 1635 1502 1722 in
1535 1633 1629 1723 iure
1661 1651 1732 1723 est
1752 1636 1885 1754 quod
1903 1640 2040 1754 generi

546 1795 723 1882 semper
755 1791 834 1878 per
865 1759 1054 1878 speciem
1089 1757 1327 1874 derogatur
1358 1759 1451 1846 sire
1484 1787 1621 1878 genus
1666 1757 1923 1873 praecedat
1953 1789 2039 1878 spe·

547 1889 676 1991 ciem,
713 1885 806 1972 sive
838 1882 1002 2000 species
1035 1881 1268 1999 praecedat
1302 1911 1438 1998 genus
1472 1879 1561 1966 Fal.
1599 1882 1643 1966 iu
1679 1878 1734 1967 G.
1778 1881 1800 1967 1
1846 1914 1961 1970 uem.
1988 1884 2038 1971 10

547 2041 655 2099 sert.
680 2005 868 2096 &eunde
901 2003 1125 2120 dispositio
1158 2003 1240 2091 col.
1277 2005 1304 2090 7
1338 2004 1383 2090 r'n
1415 2003 1492 2124 fin.
1513 2001 1565 2090 de
1587 2001 1831 2119 descript..
1872 2006 1972 2094 Dec.
1995 2007 2036 2092 L.

547 2131 599 2221 ln
630 2145 715 2220 toto
749 2130 839 2216 iure
872 2129 933 2217 80
966 2126 1046 2214 col.
1084 2129 1112 2215 3
1145 2159 1258 2214 rrum.
1296 2127 1512 2214 7ocrs.ct
1529 2128 1612 2214 iste
1627 2127 1852 2216 conclusio
1886 2127 1937 2218 de
1959 2161 2035 2242 rcq.

549 2255 655 2354 ier„
694 2255 815 2340 Bert.
852 2251 898 2338 in
931 2249 981 2336 L.
1023 2249 1261 2361 erecsitunr
1297 2249 1356 2336 12
1388 2247 1434 2372 S.
1459 2247 1508 2336 Si
1529 2253 1622 2367 quis
1637 2249 1833 2370 [undum
1853 2249 2031 2372 defend.

549 2379 696 2475 iactr..
734 2375 929 2462 Grotius.
956 2372 1143 2490 Dircrpt.
1179 2371 1268 2492 [or.
1305 2403 1398 2488 cop.
1435 2371 1465 2458 9
1498 2404 1610 2462 rrum.
1648 2375 1693 2480 3;
1734 2393 1784 2464 et
1808 2375 1932 2496 qnod
1957 2403 2034 2464 rna·

550 2501 615 2618 gis
646 2499 743 2618 quis
775 2495 910 2586 debet
943 2495 1155 2612 adstringi
1197 2495 1369 2611 iegibus
1412 2495 1599 2613 propriis
1637 2527 1779 2615 quam
1828 2496 2034 2616 generali·-

548 2623 636 2712 bus
668 2622 809 2708 Gestr.
845 2617 993 2706 contii.
1031 2619 1091 2706 79
1126 2617 1201 2704 tit.
1239 2618 1284 2716 lt,
1321 2617 1517 2706 Gratiae.
1546 2619 1625 2707 lec.
1652 2623 1726 2709 eit.
1768 2653 1818 2710 a.
1847 2621 1924 2708 12.

674 2743 904 2860 Minusque
937 2740 1129 2830 invocari
1144 2757 1327 2856 possunt
1347 2741 1441 2830 sive
1461 2741 1673 2859 generalis
1695 2741 1977 2834 consuetudo
1996 2739 2032 2826 in

551 2869 646 2958 aliis
678 2865 877 2956 Ecclesiis
909 2863 1217 2983 Hispaniarum
1253 2863 1421 2982 vigens,
1458 2863 1551 2953 sive
1573 2879 1734 2954 statuta
1759 2863 2026 2985 capitularia.

552 2990 644 3081 sive
680 2987 866 3078 mutatio
898 3001 1034 3076 status
1067 2985 1295 3082 Ecclesiae.
1333 2989 1427 3076 Non
1461 2989 1749 3094 consuetudm
1794 2992 1893 3108 ipsa
1925 2985 2028 3075 enim

442 3141 451 3163 '
553 3114 687 3202 stricti
722 3111 827 3201 iuris
860 3127 926 3200 est
958 3111 1082 3198 Bert.
1120 3111 1164 3196 in
1197 3109 1247 3198 L.
1289 3111 1303 3195 1
1337 3107 1388 3231 ff.
1426 3109 1471 3233 S.
1501 3110 1549 3199 si
1582 3111 1788 3228 quisbue
1823 3107 2029 3204 interdicto

553 3235 605 3324 dc
639 3237 783 3324 itiner.
821 3251 958 3350 ertoq.
990 3235 1153 3350 privet.
1189 3233 1468 3352 subindeque
1500 3234 1557 3323 dc
1590 3234 1684 3324 ioco
1717 3237 1779 3327 ad
1804 3237 1947 3326 iocum
1968 3259 2029 3318 ex·
2150 3235 2151 3318 1

556 3359 676 3450 tendi
711 3388 796 3446 non
831 3357 967 3446 debet
999 3359 1049 3444 L.
1087 3359 1115 3454 3
1150 3357 1192 3443 io
1227 3356 1304 3476 fin.
1339 3354 1391 3478 ff.
1417 3354 1469 3443 dc
1501 3371 1684 3463 testem,
1710 3355 1906 3448 Oldred.
1930 3381 2025 3440 conr.

553 3483 646 3572 237
672 3479 753 3569 cot.
779 3481 823 3579 i,
846 3477 976 3570 Surd.
999 3511 1108 3566 conr.
1135 3479 1225 3568 323
1257 3509 1371 3566 num.
1398 3478 1557 3570 13111.
1584 3477 2025 3581 &orornamenta

553 3635 646 3720 cup.
683 3605 775 3692 973
807 3635 850 3690 rr.
889 3603 949 3690 39
966 3633 1076 3720 seqq.
1103 3603 1198 3690 Non
1217 3599 1470 3716 capitularia
1493 3619 1653 3692 statuta
1673 3603 1881 3724 Episcopi
1899 3613 2026 3690 aucto·

558 3729 687 3818 ritate
707 3723 980 3830 confirmata,
1006 3723 1104 3812 cum
1140 3725 1232 3843 ipsa
1255 3723 1509 3814 Pontificius
1532 3725 1684 3816 Buliae
1707 3723 2025 3848 dispositionem

559 3850 798 3938 reformare
822 3877 909 3936 non
932 3849 1121 3936 valeant.
1148 3851 1315 3964 Aperte
1337 3847 1454 3936 enim
1491 3849 1586 3938 iura
1608 3849 1801 3940 clamant
1822 3845 1939 3970 qued
1961 3842 2022 3932 itte

556 3972 632 4088 qui
668 4002 754 4061 non
790 3985 933 4087 potest
975 3969 1142 4088 aliquid
1175 3971 1344 4075 toliere,
1383 4001 1526 4090 neque
1561 3973 1953 4064 vaiet-reformare
1980 3965 2021 4051 L.

556 4095 855 4211 [crispantium
888 4091 933 4215 S.
955 4089 1078 4182 Adeo
1109 4091 1159 4215 ff.
1183 4092 1233 4180 dc
1258 4092 1420 4193 Pestis,
1448 4093 1610 4216 Rebuff.
1633 4097 1677 4183 in
1698 4097 1749 4184 L.
1771 4096 1932 4187 Motum
1948 4085 2023 4177 212

558 4217 605 4344 S.
639 4217 899 4308 Structorem
933 4215 991 4304 ed
1022 4216 1099 4338 fin.
1135 4247 1244 4305 aero.
1295 4215 1511 4306 interdum
1550 4216 1601 4338 ff.
1638 4219 1689 4306 de
1715 4221 1832 4311 ocrb.
1868 4208 2020 4334 siquis..

559 4344 754 4430 Gratiae.
778 4339 859 4428 loe.
885 4342 958 4428 cit.
990 4371 1083 4455 cop.
1120 4341 1349 4430 esseron.
1386 4341 1462 4427 t7.
1499 4341 1586 4430 Sed
1621 4371 1765 4462 neque
1789 4336 2022 4462 Capitulum

558 4465 605 4554 in
637 4466 726 4554 suis
757 4462 997 4553 condendis
1030 4465 1212 4554 Statutis
1234 4461 1291 4551 dc
1314 4493 1430 4552 anno
1454 4463 1592 4567 1853,
1616 4495 1761 4584 neque
1776 4467 2020 4586 Episcopum

560 4587 604 4674 in
628 4585 887 4676 eorumdem
912 4587 1233 4704 approbatione
1254 4586 1406 4675 toliere
1434 4589 1624 4676 valuisse
1642 4587 1912 4706 Apostoticas
1928 4585 2022 4672 Con·

557 4709 805 4799 stitutioncs
855 4709 897 4796 iu
947 4729 1173 4826 comperto
1221 4725 1301 4814 est;
1339 4737 1444 4826 crgo
1477 4741 1622 4829 neque
1674 4713 1731 4800 ab
1773 4713 1877 4831 ipsis
1908 4704 2021 4796 Piaet
2143 4731 2154 4820 u

560 4833 821 4922 Constitutio
853 4847 1019 4949 poterat
1053 4831 1298 4921 reiormari.
1336 4833 1430 4922 Non
1463 4833 1646 4924 demum
1679 4837 1865 4924 mutatio
1905 4839 2020 4919 status

560 4955 792 5058 Ecclesiae,
831 4957 936 5044 baec
968 4954 1087 5043 enim
1121 4953 1310 5044 fortassis
1342 4953 1558 5045 sufficiens
1590 4958 1698 5045 ratio
1732 4959 1949 5048 videretur
1974 4938 2020 5032 ed
2142 4971 2143 4990 ¹

561 5079 850 5168 obtinendam
875 5110 899 5164 a
921 5077 1134 5194 Suprema
1153 5077 1403 5195 Apostolica
1425 5079 1682 5169 auctoritate
1697 5076 2020 5170 moderationem
2144 5101 2145 5105 ¹

560 5201 724 5291 Pianae
757 5199 1067 5321 dispositionis,
1104 5202 1289 5290 minime
1336 5231 1441 5290 vcro
1491 5203 1547 5292 ad
1596 5201 1734 5320 ipsam
1768 5220 1902 5293 marte
1932 5217 2016 5314 pr0·

560 5323 1017 5444 priomoderaudam.
