4516 6318
564 375 654 463 422
1008 373 1091 460 Die
1125 372 1183 458 l5
1216 371 1441 460 Februarii
1474 371 1611 461 t879.

125 748 530 874 Sess.25.cup.l3
690 632 1237 834 VlRDUNEN.1URlS
1285 738 1630 832 FUNERANDI.
1667 782 1699 814 =
1734 741 1951 831 Vertcnte
1983 777 2061 836 an-

127 884 181 974 de
210 882 401 1008 Reform,
562 899 618 955 no
658 867 780 954 4876
813 863 887 952 die
920 863 981 949 24
1014 861 1291 980 Septembris
1323 863 1375 950 R.
1404 863 1462 948 D.
1497 859 1632 950 lulius
1666 861 1823 951 Didiot
1876 867 2058 960 contos-

557 991 696 1080 sarius
745 985 999 1076 Monialium
1045 983 1407 1104 congregationis
1460 985 1604 1074 Sancti
1641 985 1794 1100 loseph
1851 989 1895 1075 in
1945 995 2056 1084 urbe

554 1110 825 1202 virdunensi
869 1108 1183 1210 existentium,
1219 1105 1467 1224 supplicem
1493 1105 1695 1195 libellum
1729 1110 1783 1194 Η.
1810 1109 1856 1199 S.
1895 1113 1945 1200 C.
1983 1145 2055 1205 ex.

556 1235 715 1336 hibuit,
753 1230 965 1319 nonnulla
999 1231 1134 1319 dubia
1183 1259 1451 1347 proponens.
1491 1230 1685 1316 Praestat
1722 1260 1776 1317 ex
1812 1233 1946 1349 ipsius
1979 1269 2057 1330 ore

556 1387 608 1447 ea
655 1355 900 1475 percipere:
931 1393 948 1432 v
978 1353 1094 1442 Ante
1138 1352 1296 1469 viginti
1330 1365 1526 1470 quatuor
1559 1382 1699 1439 annos
1732 1353 2056 1452 lllustrissimus

564 1521 580 1560 ι
622 1511 670 1567 ac
710 1475 1119 1566 Reverendissimus
1164 1474 1413 1564 [rudovicus
1460 1478 1614 1562 Rossat
1658 1477 1901 1595 Episcopus
1948 1483 2056 1571 Vir-

563 1644 580 1682 «
620 1599 826 1692 dunensis
859 1599 933 1688 iel.
983 1630 1070 1686 rec.
1107 1597 1502 1716 congregationem
1537 1597 1794 1685 Monialinm
1828 1604 1873 1692 S.
1896 1604 2052 1724 loseph

559 1767 577 1806 ι
616 1727 660 1812 in
696 1725 775 1812 hac
807 1754 884 1810 sua
919 1721 1094 1810 civitate
1127 1722 1285 1822 erexit,
1324 1718 1382 1807 ad
1417 1749 1619 1806 normam
1655 1719 1821 1811 scilicet
1863 1726 2054 1843 Congre-

557 1888 587 1927 «·
615 1848 801 1966 gationis
834 1843 1032 1932 eiusdem
1068 1843 1275 1946 nomioiS,
1313 1873 1428 1961 quae
1453 1872 1594 1958 nuper
1618 1845 1675 1930 ab
1699 1845 1951 1962 Apostolica
1976 1853 2053 1940 Se-

559 2010 576 2052 ι
615 1971 672 2060 de
707 2000 786 2086 pro
817 1967 1006 2056 dioecesi
1042 1966 1272 2056 Bellicensi
1313 1965 1557 2083 approbata
1603 1982 1682 2054 est.
1732 1969 1942 2058 Monialcs
1974 2004 2053 2061 au-

559 2133 576 2180 ι
618 2113 706 2182 tem
745 2107 840 2210 post
874 2091 1134 2177 novitiatum
1171 2088 1367 2208 legitime
1401 2102 1602 2178 exactum
1638 2089 1723 2176 tria
1755 2106 1856 2179 vota
1882 2095 2053 2212 religio·

557 2254 576 2294 ι
618 2215 763 2304 nisio
808 2229 1072 2331 perpetuum
1118 2211 1358 2316 emittunt,
1396 2227 1440 2300 et
1473 2210 1796 2330 Superiorissae
1840 2216 2049 2307 Generali

559 2378 576 2416 ε
615 2338 851 2428 obediunt.
888 2340 1083 2424 Domum
1119 2334 1357 2424 novitiatus
1392 2349 1436 2421 et
1479 2334 1758 2450 professionis
1803 2338 2053 2454 praedictus

558 2501 575 2540 ι
615 2461 853 2579 Episcopus
898 2458 982 2546 sihi
1028 2457 1285 2547 immediate
1327 2457 1570 2546 subiectam
1606 2455 1708 2543 lecit
1750 2475 1792 2547 et
1828 2461 1887 2547 ita
1918 2463 2049 2552 a'iu-

548 2623 576 2662 .«
615 2583 867 2672 risdictione
901 2580 1139 2698 parochiali
1174 2581 1452 2683 immunem,
1490 2596 1538 2667 ut
1571 2580 1782 2695 Superior
1821 2601 1899 2670 aut
1932 2588 2049 2676 Con-

558 2746 576 2784 «
615 2703 836 2808 lessarioS,
874 2734 1183 2823 quaecumque
1206 2703 1260 2791 ad
1283 2702 1420 2788 vitam
1454 2701 1734 2820 spiritualem
1768 2705 1940 2811 iuvant,
1979 2740 2046 2797 sa-

557 2866 574 2904 «
614 2849 837 2918 eramenta
872 2827 1097 2930 nimirum,
1135 2825 1399 2914 doctrinam·
1429 2825 1726 2924 christianam,
1764 2846 2046 2951 caeterasque

556 2991 574 3032 ι
613 2950 856 3041 lonctiones
888 2979 1047 3053 sacras,
1084 2951 1127 3036 in
1162 2948 1341 3068 proprio
1374 2948 1533 3037 domus
1577 2948 1767 3037 oratorio
1801 2969 2050 3043 constanter

558 3115 575 3152 ι
616 3073 1007 3164 administraverit.
1061 3075 1213 3191 Neque
1262 3070 1381 3158 enim
1424 3069 1544 3189 ipsae
1590 3071 1814 3175 llloniales,
1853 3075 2045 3165 novitiae

551 3235 572 3288 ,s
613 3213 689 3284 aut
723 3195 894 3312 puellae
927 3226 1040 3314 quae
1074 3195 1137 3282 ihi
1182 3193 1454 3298 educantur,
1494 3191 1549 3281 ad
1585 3191 1853 3284 audiendam
1891 3199 1934 3285 in
1969 3229 2048 3288 cc-

547 3357 572 3396 s
611 3318 740 3408 clesia
774 3319 1011 3434 parochiali
1048 3318 1220 3406 Missam
1254 3319 1669 3405 communionemve
1703 3317 1953 3434 paschalem
1979 3355 2048 3412 su-

555 3477 573 3522 «
612 3441 886 3558 scipiendam
921 3440 1099 3529 adactae
1133 3457 1249 3529 sunt.
1285 3442 1437 3557 Neque
1461 3438 2042 3556 parochusaegrotantesin

556 3603 573 3640 ι
611 3563 746 3654 domo
782 3594 994 3682 umquam
1028 3563 1173 3654 visitat
1207 3578 1282 3652 aut
1314 3579 1452 3666 curat,
1491 3576 1566 3650 aut
1595 3561 1769 3681 aliquid
1793 3566 2044 3684 Congreget-

558 3687 722 3776 «tioni
774 3686 877 3776 utile
910 3701 1118 3804 praestat.
1799 3713 1801 3718 ·

547 3875 555 3881 -
680 3853 697 3888 «
736 3813 973 3926 Propterea
1006 3808 1390 3898 Reverendissimo
1414 3807 1626 3924 Episcopo
1651 3809 1805 3896 Rossat
1838 3839 1889 3898 ea
1916 3839 2043 3903 mens

404 3981 407 3988 .
559 3971 577 4011 ι
616 3933 712 4037 luit,
751 3947 799 4020 ut
831 3919 1295 4050 iosipshmlunerum
1326 3961 1403 4019 seu
1445 3931 1698 4047 sepulturae
1740 3931 1797 4018 ad
1830 3933 2045 4026 Sacerdo-

556 4091 574 4134 ι
616 4071 704 4144 tem
739 4055 892 4144 domui
928 4055 1228 4174 praepositum
1266 4070 1491 4172 tamquam
1527 4051 1582 4140 ad
1617 4083 1769 4140 verum
1795 4069 1838 4142 ct
1860 4058 2043 4148 ordina-

555 4193 575 4257 ε’
612 4178 724 4265 rium
761 4193 972 4266 rectorem
1007 4179 1246 4295 pertineret
1266 4212 1277 4283 ;
1315 4209 1403 4295 quo
1436 4193 1657 4264 caeterum
1692 4176 1922 4295 privilegio
1957 4179 2038 4269 do·

557 4339 574 4380 ι
612 4332 707 4390 mos
742 4300 848 4390 alias
881 4300 989 4388 duas
1023 4301 1279 4389 monialium
1320 4316 1520 4387 votorum
1555 4297 1823 4416 simplicium
1869 4301 1913 4386 in
1961 4335 2040 4392 sua

556 4463 573 4501 ι
611 4423 800 4513 dioecesi
833 4422 1073 4512 decoravit.
1114 4426 1169 4510 Αι
1202 4422 1306 4545 quia
1340 4421 1551 4511 functioni
1578 4421 1752 4510 funebri
1776 4423 2036 4533 oratorium,

555 4581 573 4622 ε
614 4563 767 4665 utpote
802 4545 931 4634 nimis
964 4563 1198 4665 angustum
1243 4545 1428 4635 minime
1477 4560 1626 4661 aptum
1680 4561 1787 4641 erat,
1825 4545 1926 4635 ideo
1958 4581 2040 4667 per

554 4701 572 4744 ι
613 4671 761 4788 plures
795 4698 932 4756 annos
966 4669 1180 4786 parochus
1229 4670 1282 4757 ad
1318 4669 1398 4755 hoc
1436 4685 1614 4757 vocatus
1649 4685 1729 4770 est,
1771 4685 1817 4754 ut
1851 4701 2038 4789 corpora

557 4827 574 4864 τ
613 4792 918 4881 defunctarum
951 4793 1205 4882 Monialium
1241 4791 1298 4878 ab
1331 4791 1438 4878 ostio
1473 4791 1631 4879 domus
1652 4793 1952 4882 conventualis
1976 4797 2040 4884 le·

556 4950 573 4988 ι
613 4930 713 5003 vata
749 4913 804 5002 ad
838 4915 1062 5004 ecclesiam
1097 4913 1391 5003 cathedralem
1415 4927 1458 5001 ct
1479 4913 1537 5002 ad
1560 4913 1876 5002 coemeterium
1902 4948 2040 5038 usque

554 5071 573 5113 ι
612 5038 881 5144 deduceret;
919 5038 1230 5127 coemeterium
1276 5055 1424 5125 autem
1476 5037 1552 5126 toti
1599 5037 1764 5127 civitati
1801 5069 2038 5128 commune
2084 5035 2086 5040 ⁴

553 5201 572 5242 ι
611 5178 690 5266 est,
709 5191 787 5248 nec
822 5161 896 5250 uni
930 5177 1101 5250 tantum
1137 5162 1325 5279 parocho
1348 5177 1637 5250 reservatum.
1657 5161 1859 5250 Orator-io
1883 5177 2034 5250 autem

553 5323 571 5363 ι
611 5283 811 5400 ampliori
846 5302 889 5372 et
921 5284 1024 5372 satis
1057 5283 1290 5373 commodo
1323 5282 1455 5390 lacto,
1492 5283 1777 5372 confessarius
1810 5299 1853 5370 et
1881 5299 2031 5374 orator

552 5441 571 5488 ι
609 5407 684 5524 qui
718 5435 865 5520 supra,
902 5405 968 5494 ius
1001 5406 1263 5497 luneralium
1298 5407 1438 5524 prima
1485 5439 1572 5528 qua
1596 5404 2032 5526 potuitviceallrho

486 5537 489 5542 ’
549 5566 567 5606 ι
605 5545 648 5616 et
681 5529 808 5616 lllmo
840 5531 1048 5620 Praesule
1094 5531 1342 5650 Augustino
1384 5533 1621 5648 llacquart,
1668 5559 1785 5618 nunc
1817 5528 2030 5652 Episcopo
2130 5545 2162 5558 ''
