4530 6336
552 246 645 335 286
1050 241 1134 328 Die
1166 241 1216 330 2l
1259 241 1376 329 lunii
1409 239 1547 330 l879.

532 365 647 474 eet
675 364 1050 485 Albarracinensi)
1075 365 1183 454 duas
1223 361 1498 481 praebendas
1526 391 1675 452 creare
1697 393 1745 450 ac
1775 359 1908 451 etiam
1928 359 2046 451 ordi·

557 531 576 574 ι
605 522 709 580 nare
728 491 913 608 possitis.
931 531 947 564 ι
963 489 1087 578 Hisce
1121 519 1252 608 porro
1276 486 1699 587 CanonicisCuratis,
1721 484 1845 574 aiunt
1866 485 2045 602 Cupitu-

554 614 908 733 lares,obligati0
939 611 1226 701 incumbebat
1245 610 1357 699 inter
1375 609 1479 698 alias
1498 608 1681 696 laciendi
1713 607 2044 696 hebdomadam

554 739 600 828 in
618 739 783 840 elr'oro,
820 749 864 824 ct
898 735 1085 828 canendi
1109 734 1310 854 quotidie
1329 734 1503 822 Missam
1532 733 1904 835 conventualem,
1931 733 2053 848 quod

552 893 712 951 munus
744 859 833 948 lere
855 859 1232 948 acanonicatuum
1260 855 1482 946 erectione
1512 886 1593 974 por
1621 853 1916 970 Coppellanos
1929 853 2046 946 Sub-

553 985 724 1074 stitutos
762 982 1011 1083 obiverunt,
1048 979 1436 1099 dum'Dignitates
1464 997 1507 1068 et
1532 979 1807 1095 Cupitulares
1845 1007 1891 1065 se
1930 977 2047 1095 ipsos

554 1105 670 1198 ultro
700 1103 931 1194 ollerentes
960 1105 1015 1193 ad
1052 1105 1259 1192 maiorem
1300 1104 1439 1192 cultus
1469 1101 1754 1221 splendorem
1789 1097 1949 1188 diebus
1979 1131 2047 1190 so·

555 1227 847 1319 lemnioribus
867 1227 1173 1316 tantummodo
1196 1227 1272 1315 lras
1290 1257 1431 1315 sacras
1448 1224 1690 1315 lunationes
1715 1253 1924 1342 peragere
1941 1255 2048 1314 eou-

557 1367 829 1455 sueverunt‚
863 1352 921 1438 ita
951 1369 1095 1439 tamen
1117 1365 1162 1439 ut
1185 1349 1457 1467 stipendium
1492 1349 1840 1443 Substitutorum
1873 1364 1918 1436 et
1935 1347 2052 1437 elee-

560 1505 771 1593 mosynae
829 1474 1054 1562 Missurum
1096 1473 1463 1566 conventualium
1501 1488 1588 1562 tam
1623 1469 1881 1562 Substitutis
1911 1499 2047 1592 quam

560 1599 757 1717 ipsismet
788 1596 1114 1716 capitularibus
1148 1629 1172 1686 a
1206 1596 1434 1688 Canonieis
1471 1597 1657 1694 Curatis,
1684 1609 1730 1684 et
1761 1625 1814 1681 ex
1833 1593 1920 1682 suis
1951 1627 2055 1712 pro·

562 1720 769 1812 ventibus
791 1737 835 1808 et
853 1720 1178 1822 emolumentis,
1203 1721 1569 1838 persolverentur,
1597 1719 1716 1807 iusta
1750 1715 2054 1807 [undationem
2174 1785 2177 1792 ‚

559 1875 634 1934 seu
668 1843 937 1933 erectionem
970 1873 1147 1932 suorum
1181 1843 1523 1934 beneficiorum.

689 1965 744 2054 Ut
779 1966 968 2083 probent
998 1984 1143 2055 autem
1178 1967 1449 2086 Capitularcs
1499 1967 1558 2053 vi'
1592 1966 1717 2054 huius
1765 1963 2055 2053 consuetudi-

561 2089 628 2179 nis
685 2091 851 2178 nullam
898 2088 1210 2208 obligationem
1262 2091 1562 2194 contraxisse,
1614 2089 1693 2180 sed
1744 2103 1914 2176 tantum
1970 2089 2055 2176 lro-

559 2213 678 2303 noris
716 2241 846 2302 eausa
906 2230 1049 2303 actum
1090 2243 1210 2300 mere
1259 2214 1554 2303 facultativum
1602 2211 1873 2312 exercuisse,
1925 2211 2057 2300 invo-

442 2409 446 2416 ,
562 2351 661 2426 cant
693 2351 738 2424 et
775 2335 855 2451 ipsi
890 2333 1203 2425 resolutionem
1222 2337 1340 2430 Sacri
1381 2338 1521 2426 Vestri
1551 2334 1735 2426 Ordinis
1772 2333 1858 2422 dici
1897 2335 1944 2421 ll
1988 2337 2054 2424 la·
2102 2421 2105 2426 .

481 2491 490 2504 .
565 2457 705 2548 nuarii
760 2459 882 2546 4590
913 2459 998 2546 iam
1035 2489 1163 2575 supra
1199 2462 1395 2548 relatam:
1442 2502 1459 2540 ι
1503 2460 1712 2547 Cauoru'oi
1744 2473 1781 2546 et
1812 2455 2055 2575 Dr'puitotcs

562 2595 749 2673 leuentur
772 2611 852 2698 per
878 2585 1054 2700 seipsos
1091 2580 1241 2670 ‹tit-tna
1257 2581 1398 2706 officio
1420 2582 1553 2687 obire,
1579 2615 1651 2671 uec
1676 2613 1758 2668 nou
1789 2581 1941 2669 Missos
1963 2615 2053 2669 rnu-

564 2707 674 2794 iores
709 2735 853 2791 eernere
882 2705 975 2792 illis
1008 2703 1152 2795 diebus
1184 2709 1331 2822 perillus
1364 2707 1621 2796 testatoris
1653 2705 1719 2792 uel
1773 2705 1963 2822 legitimo
1997 2705 2052 2791 il·

563 2827 647 2916 lr'tra
665 2827 874 2916 Ecclesiae
895 2829 1187 2918 consuetudine
1201 2843 1405 2919 terrentur.
1433 2835 1575 2924 »Cum
1598 2861 1719 2931 vcro,
1739 2830 1859 2917 nullo
1881 2831 2055 2919 Statuto

563 2951 941 3070 adstringerentur
956 2955 1009 3044 ad
1031 2956 1200 3043 Missum
1217 2955 1562 3045 Conventualem
1587 2951 1914 3054 celebrandam,
1954 2953 2054 3042 licet

562 3075 924 3164 consuetudinem
942 3095 1182 3180 servarent,
1202 3093 1363 3181 tamen,
1383 3095 1688 3196 proutconstat
1701 3107 1756 3164 ex
1772 3077 1875 3164 aretis
1888 3079 2057 3196 capitu·

562 3198 727 3287 laribus
745 3197 847 3286 anni
866 3201 986 3289 t673
1006 3217 1098 3318 post
1114 3200 1274 3289 dictam
1296 3203 1622 3302 resolutionem,
1645 3219 1686 3289 et
1706 3201 2053 3317 eleemosynam,

564 3351 645 3438 pro
671 3323 793 3411 Missa
827 3342 1149 3442 perceperunt,
1188 3343 1229 3412 ct
1259 3324 1489 3414 Canonieis
1525 3325 1729 3425 Curatis,
1772 3324 1932 3440 quibus
1967 3325 2047 3412 lroc

565 3445 887 3564 onusquotidie
922 3447 1221 3552 incumbebat,
1255 3449 1563 3564 obligationem
1595 3446 1842 3564 appdicundi
1878 3449 2053 3534 Missam

563 3599 647 3688 pro
679 3601 755 3658 sua
797 3569 1039 3659 intentione
1079 3569 1238 3660 talibus
1266 3571 1425 3659 diebus
1456 3573 1777 3688 imposuerunt.
1804 3571 1914 3659 Cum
1934 3571 2054 3658 euim

466 3787 473 3806 ,
564 3691 691 3782 Bulla
729 3692 1016 3782 institutionis
1048 3694 1287 3784 Clementis
1318 3697 1417 3782 Vlll
1451 3711 1628 3794 statuat,
1654 3693 1774 3815 quod
1806 3695 1865 3782 ad
1886 3695 2051 3782 lucran-

452 3857 457 3868 ·
568 3813 647 3902 dos
681 3815 843 3904 lructus
877 3847 1065 3926 grossos
1107 3849 1156 3906 ac
1187 3817 1517 3907 distributiones
1550 3817 1682 3906 trium
1716 3817 1933 3914 mensium
1978 3847 2055 3904 va·

568 3937 764 4044 cationis,
797 3937 955 4026 sullicit
987 3941 1227 4030 assistentia
1252 3943 1542 4030 uniusllorae
1576 3941 1782 4046 maioris,
1818 3959 1936 4029 certo
1972 3972 2057 4028 non

564 4061 1047 4177 poterantCapitulares
1063 4064 1271 4182 nequead
1288 4067 1453 4154 Missam
1470 4063 1813 4155 Conventualem
1833 4094 1978 4182 neque
2000 4061 2056 4152 ad

566 4181 891 4302 hebdomadam
937 4187 1245 4276 celebrandam
1290 4189 1490 4307 obligari.
1541 4229 1557 4265 ι
1604 4191 1649 4274 ln
1694 4189 1802 4276 duas
1844 4187 2050 4306 aequales

572 4340 588 4384 r
629 4324 773 4422 partos
792 4303 911 4426 (sunt
930 4311 1065 4399 verba
1109 4313 1430 4400 Pseudobullae
1454 4311 1693 4402 Clementis
1714 4315 1807 4399 Vlll
1830 4309 2052 4431 loquentis

571 4465 587 4506 ι
628 4427 686 4517 de
721 4431 935 4520 reditibus
982 4435 1402 4556 l'raebcndatorum)
1441 4433 1699 4538 dividatur,
1727 4465 1915 4556 quarum
1966 4433 2082 4520 una¹

574 4591 589 4626 ι
629 4552 888 4646 Praebenda
936 4587 1011 4645 seu
1056 4560 1211 4648 Grossa
1257 4575 1462 4663 voretur3
1501 4561 1637 4648 altera
1679 4589 1784 4647 vero
1829 4558 1875 4645 in
1908 4555 2053 4644 distri·

571 4714 587 4754 ι
626 4675 888 4766 butionibus
934 4681 1205 4799 quotidianis
1249 4683 1468 4770 corrsistat.
1518 4684 1721 4772 Grossam
1763 4703 1878 4768 vero¹
1911 4710 2055 4769 unus-

572 4837 587 4875 ι
627 4799 813 4919 quisque
845 4804 1088 4894 Canonicus
1122 4808 1330 4909 lueretur,
1368 4807 1442 4924 qui
1482 4805 1666 4924 singulis
1699 4804 1821 4892 annis
1857 4835 1936 4922 per
1969 4833 2055 4888 no-

573 4961 589 5000 ι
630 4925 811 5041 noginta·
840 4927 934 5015 dics
966 4929 1196 5018 continuos
1228 4930 1318 5017 sive
1337 4930 1619 5047 interpolatos
1644 4929 1848 5032 resideat,
1876 4956 2058 5045 compu-

570 5081 588 5126 ι
630 5061 720 5136 tato
754 5080 924 5138 annoa
965 5051 1039 5142 die
1088 5056 1231 5170 prima
1266 5055 1557 5157 Novembris,
1596 5051 1729 5174 idque
1764 5053 1805 5139 in
1843 5083 1929 5139 una
1964 5051 2056 5137 sal·-

573 5208 590 5247 ·
631 5185 719 5258 tem
755 5203 808 5259 ex
842 5176 968 5264 lloris
1007 5209 1116 5295 quas
1161 5177 1346 5264 maiores
1390 5191 1579 5281 vocant,
1630 5207 1789 5294 nempe
1825 5176 1892 5264 vel
1929 5175 2052 5262 Missa

571 5330 587 5369 ι
628 5293 937 5402 Conventuali,
976 5305 1046 5390 vel
1084 5303 1287 5418 Vesperis
1319 5301 1389 5388 vel
1418 5299 1635 5388 Matutinis
1673 5367 1682 5386 .
1724 5366 1733 5386 .
1776 5369 1786 5389 .
1827 5367 1837 5387 .
1875 5300 1920 5390 Si
1955 5297 2052 5418 quis

572 5449 589 5491 ι
632 5433 778 5505 autem
816 5453 974 5514 novom
1011 5425 1234 5513 mensibus
1265 5425 1386 5527 anni,
1430 5423 1496 5512 vel
1543 5422 1740 5512 ducentis
1775 5425 2052 5544 septuaginta
