4558 6340
531 397 624 494 266
1030 391 1112 484 Die
1143 390 1194 480 21
1235 390 1353 480 Iunii
1386 391 1525 480 1879.

537 567 555 610 ι
594 517 625 606 il
657 515 877 607 Ca'nonico
908 512 1150 602 illuminati
1180 544 1205 602 e
1232 515 1328 604 suoi
1365 515 1517 613 Credi,
1545 515 1698 631 poiche
1732 519 2025 634 quest’asser-

541 690 558 733 ‹
595 639 734 743 aione,
771 639 882 726 oltre
923 666 1065 727 essere
1100 636 1353 756 gratuitae
1388 636 1681 728 interamentc
1704 641 2025 730 contradditto-

542 813 558 852 ι
597 763 659 851 ria
694 761 783 848 olla
816 759 889 846 bert
921 760 1155 848 conosciutu
1188 775 1392 848 esottezzo
1425 759 1495 846 dcl
1528 759 1741 849 canonico
1781 763 2025 852 Illuminuti

541 885 714 974 «dallo
747 897 882 971 stesso
915 882 1133 972 Canopico
1165 883 1330 971 Fattori
1376 884 1636 971 encomiata.
1663 889 1696 972 E
1734 884 1801 974 eid
1837 889 2026 976 sarebbe

402 1118 407 1128 x
542 1055 559 1094 ι
598 1025 708 1097 stato
740 1035 899 1095 ancora
938 1022 1089 1093 contro
1128 1005 1169 1094 la
1207 1005 1385 1092 volontd
1426 1005 1499 1093 del
1542 1009 1785 1110 Testatore,
1823 1009 1851 1096 il
1891 1011 2025 1126 quale

540 1175 556 1218 ι
599 1133 669 1220 uel
697 1143 962 1218 testamento
995 1127 1163 1216 inculcb
1199 1127 1238 1215 al
1280 1127 1481 1244 Capitolo
1511 1127 1653 1216 Erede
1697 1131 1851 1218 chela
1890 1133 2025 1220 Busta

469 1241 476 1255 ’
542 1301 558 1340 ι
597 1253 662 1342 coi
700 1249 951 1342 documenti
985 1279 1009 1336 e
1041 1249 1229 1340 Cartellc
1261 1249 1297 1338 si
1340 1280 1672 1338 conservassem
1711 1252 2025 1342 nell’Arcbivio

542 1421 559 1462 ι
599 1377 671 1466 del
709 1374 923 1492 Capitale,
969 1372 999 1460 il
1030 1374 1159 1489 quale
1181 1371 1576 1461 coll'accettazione
1613 1373 2023 1494 rimaseobbligato

542 1545 558 1584 ι
599 1531 624 1588 e
659 1495 955 1616 responsabile
998 1494 1044 1582 di
1068 1497 1322 1616 qualunque
1366 1493 1698 1586 eventualita.·

664 1625 741 1712 Ast
775 1648 1014 1736 parumper
1046 1617 1234 1705 admisso
1257 1615 1507 1709 huiusmodi
1532 1618 1737 1706 cedulam
1765 1619 1886 1734 apud
1923 1620 2025 1708 lllu-

537 1746 692 1836 minati
728 1740 937 1830 haeredes
971 1769 1127 1857 reapse
1160 1741 1363 1856 reperiri,
1384 1742 1527 1830 adbuc
1554 1741 1697 1829 locum
1730 1741 1901 1828 obtinet
1935 1773 2025 1830 sor-

537 1901 610 1960 mo
648 1895 778 1986 quem
817 1861 1017 1980 superius
1052 1861 1163 1951 circa
1215 1893 1434 1952 summam
1472 1881 1580 1952 scut.
1623 1865 1673 1950 61
1735 1863 2019 1969 instituimus;

536 1989 790 2110 Capitulum
822 2015 984 2102 nempe
1010 1999 1162 2102 utpote
1201 1985 1438 2075 haeredem
1493 1983 1792 2089 fiduciariam,
1829 2001 2022 2076 tutorem

536 2146 587 2203 ac
621 2109 905 2202 mandantem
940 2138 1019 2224 pru
1069 2110 1368 2225 recuperanda
1403 2107 1651 2196 huiusmodi
1690 2109 1843 2198 cedula
1882 2110 2023 2198 teneri

539 2235 749 2326 haeredes
783 2229 1022 2318 llluminati
1066 2229 1108 2315 in
1163 2229 1374 2320 iudicium
1424 2259 1599 2320 vocare.
1650 2231 1900 2320 Constituta
1946 2233 2022 2321 tali

535 2359 671 2448 modo
698 2373 741 2446 et
767 2353 972 2471 Capitulo
1002 2349 1207 2468 imposita
1230 2354 1499 2471 obligatione
1524 2353 1791 2469 praedictam
1814 2353 2021 2444 cedulam

541 2483 626 2570 sub
679 2480 887 2566 alterutra
936 2475 1163 2594 lrypotlresi
1198 2475 1418 2565 Canonico
1458 2475 1696 2565 Ciocclretti
1742 2478 2018 2583 restituendi,

536 2619 691 2720 sponte
729 2631 805 2688 sua
837 2599 934 2686 lluit
969 2597 1220 2714 Capitulum
1255 2600 1393 2688 teneri
1427 2630 1603 2717 quoque
1626 2597 1682 2686 ad
1706 2599 1923 2688 lructuum
1948 2633 2025 2688 so-

535 2727 769 2826 lutionem,
795 2723 871 2840 qui
916 2721 1037 2808 iuxta
1074 2750 1321 2810 mensuram
1346 2757 1370 2811 a
1395 2725 1493 2840 lege
1513 2723 1581 2808 vel
1602 2753 1680 2808 usu
1707 2725 2019 2839 praescriptam

537 2880 619 2966 pro
642 2861 702 2933 tot
727 2875 942 2932 annorum
968 2845 1151 2934 decursu
1177 2846 1371 2963 percepti
1394 2862 1495 2934 sunt
1515 2845 1582 2934 vel
1607 2845 1772 2960 percipi
1798 2861 2020 2960 poterant.

662 2969 865 3084 Denique
887 2967 1000 3056 circa
1023 2967 1214 3056 dubium
1252 2968 1378 3056 tertio
1401 2969 1495 3056 loco
1530 2967 1803 3084 propositum
1837 2967 2024 3058 Canoni-

536 3123 610 3181 cus
634 3089 872 3182 Ciocclretti
894 3088 1208 3178 animadvertit
1231 3089 1508 3210 praeprimis,
1529 3089 1649 3208 quod
1672 3089 1705 3177 si
1729 3091 2024 3179 controversia

538 3213 594 3302 ad
629 3214 848 3301 tramitem
884 3213 1083 3328 superius
1115 3214 1301 3331 expositi
1333 3213 1468 3304 stricti
1492 3213 1595 3301 iuris
1628 3211 2020 3316 loretdirimenda,

537 3339 650 3426 actio
683 3337 767 3425 sibi
801 3352 1069 3451 competeret
1100 3338 1400 3454 compellendi
1433 3337 1685 3454 Capitulum
1710 3336 1766 3424 ad
1787 3335 2022 3426 reficienda

538 3459 705 3548 damna
738 3457 1022 3576 praebendae
1053 3461 1258 3578 Magnoni
1292 3491 1346 3548 ex
1392 3461 1709 3576 Capitularium
1755 3459 2021 3577 negligentia

538 3600 670 3701 atquc
704 3580 862 3669 iniuria
884 3581 1094 3680 obventu,
1132 3582 1295 3671 nedum
1329 3601 1509 3702 propter
1543 3581 1741 3670 redditus
1774 3583 1908 3669 annui
1942 3582 2022 3670 de·

538 3703 850 3810 minutionem3
888 3734 1042 3790 verum
1080 3705 1210 3794 etium
1245 3723 1426 3822 propter
1459 3705 1716 3796 reddituum
1745 3705 2020 3792 investimen-

537 3841 598 3930 ta‚
634 3859 748 3943 rpuae
784 3829 882 3914 licet
905 3859 928 3914 a
954 3841 1159 3914 testatore
1181 3827 1374 3916 dissertis
1397 3828 1698 3948 absolutisque
1725 3829 1873 3916 verbis
1897 3856 2021 3944 prac-

537 3951 712 4064 seripta3
751 3965 896 4036 tamea
931 3950 988 4035 ab
1022 3979 1136 4036 anno
1173 3951 1292 4036 1716
1315 3981 1451 4068 usquc
1479 3953 1534 4042 ad
1557 3980 1720 4039 annum
1749 3951 1869 4038 ‘1859
1891 3981 2024 4067 saepe

538 4071 711 4187 saepius
745 4069 993 4186 posthabita
1024 4071 1162 4160 lsrere.
1200 4073 1488 4162 Nihilominus
1539 4073 1817 4192 perpendens
1852 4075 1896 4160 in
1931 4075 2023 4160 tlic-

538 4211 658 4279 mate
691 4195 759 4311 agi
791 4195 850 4282 de
883 4224 945 4296 re,
983 4224 1113 4310 quae,
1150 4195 1208 4282 ob
1242 4195 1352 4283 tanti
1384 4201 1480 4286 aevi
1513 4197 1747 4286 decursum
1768 4205 1897 4312 ‘pene
1931 4195 2022 4282 im-

532 4315 745 4432 possibile
778 4318 835 4403 sit
868 4333 914 4404 ut
947 4318 1193 4405 executioni
1240 4320 1439 4408 mandari
1489 4323 1659 4410 valeat:
1697 4319 1857 4408 idcirco
1891 4319 2023 4408 velie·

536 4451 710 4526 mentcr
744 4441 951 4558 postulat,
990 4458 1036 4527 ut
1069 4445 1154 4530 EE.
1179 4443 1265 4529 PP.
1287 4473 1337 4528 ea
1361 4475 1445 4562 qua
1478 4445 1642 4560 pollent
1687 4441 1922 4560 prudentia
1945 4443 2025 4528 liu-

537 4560 727 4650 iusmodi
771 4563 1111 4650 controversiam
1148 4563 1261 4653 circa
1286 4566 1569 4681 praeteritum
1596 4583 1767 4683 tempus
1800 4597 1878 4684 pro
1901 4566 2020 4651 bono

538 4701 583 4772 et
615 4716 758 4802 aequo
791 4702 1074 4802 componant,
1114 4718 1170 4775 ne
1214 4686 1428 4775 testatoris
1476 4689 1549 4807 pia
1599 4690 1800 4776 voluutas
1839 4690 2021 4804 impune

539 4805 749 4894 eludatur
782 4823 825 4897 et
859 4839 913 4896 ue
955 4809 1133 4898 actualis
1176 4810 1462 4930 praebendae
1506 4843 1722 4927 possessor
1754 4843 1809 4898 cx
1842 4810 2021 4898 alterius

538 4929 748 5046 culpabili
782 4930 941 5049 agendi
976 4932 1143 5022 ratione
1180 4951 1270 5022 tam
1304 4964 1436 5050 grave
1469 4933 1680 5023 damnum
1716 4935 1973 5052 persentiat.

664 5056 725 5140 Ex
758 5056 896 5143 altcra
929 5085 1035 5142 vcro
1073 5071 1195 5174 parte
1228 5056 1479 5178 Capitulum
1515 5089 1595 5176 pro
1630 5059 1715 5145 aris
1748 5073 1792 5146 et
1826 5057 1929 5146 loris
1952 5087 2025 5143 su·

538 5175 674 5264 stinct
715 5178 982 5267 Canopicum
1022 5181 1258 5270 Giocchetti
1304 5184 1360 5271 ab
1413 5184 1506 5301 ipso
1556 5181 1703 5270 iudicii
1745 5179 1898 5269 limine
1931 5208 2024 5268 csse

537 5301 828 5388 reiiciendum
863 5330 914 5390 eo
958 5302 1078 5420 quod
1113 5304 1206 5394 eius
1245 5323 1473 5421 praetensa
1516 5306 1680 5394 credita
1728 5307 1884 5423 quovis
1919 5303 2021 5392 iuris

537 5419 825 5513 laudamento
858 5425 1174 5515 destituuntur.
1225 5430 1289 5518 Ac
1338 5428 1528 5546 primum
1563 5444 1695 5544 caput
1741 5426 2016 5545 aggrediens,

538 5543 660 5662 quod
693 5579 910 5639 summam
944 5569 1056 5640 scut.
1093 5551 1144 5637 61
1185 5583 1287 5640 cum
1322 5551 1444 5641 obul.
1482 5554 1539 5640 17
1573 5551 1894 5671 complectitur,
1922 5577 2022 5638 eam
