4460 6332
1591 321 1682 409 tte

232 591 312 678 Die
336 585 506 676 Sabbuti
529 585 589 672 20
610 579 861 698 Septembris
880 577 1002 666 4879
1025 576 1070 662 in
1084 572 1268 703 'Palatio
1284 569 1530 688 Apostolico
1567 569 1610 657 V
1611 569 1690 656 oti·

324 770 425 825 cuno
449 735 531 822 erit
551 733 683 820 Sucro
705 729 987 846 Gonprepatio
1010 723 1177 812 Conciti
1182 725 1213 827 i,
1240 723 1285 809 in
1309 755 1391 838 qtro
1407 736 1579 836 praeter
1601 719 1693 808 ulio

323 899 610 1002 proponentur
644 879 928 1000 infrascripto
959 873 1127 973 Dubio,
1167 876 1287 960 intacto
1319 903 1471 959 morem
1512 869 1692 957 eiusdem

323 1035 476 1124 Sacrae
509 1031 858 1148 Conprepotionis
893 1027 943 1114 de
977 1029 1069 1113 inre
1101 1023 1362 1112 resoluendn.

925 1393 983 1410 -

333 1693 738 1893 ΜΕΟΗΗΝΙΕΝ.
793 1797 1254 1894 DISPENSATIONlS
1289 1790 1834 1887 nATn1n0n11.'=Sns.
1865 1793 1927 1882 24
1962 1824 2056 1909 cop.
2095 1793 2114 1880 1

205 1933 296 2018 lam
331 1926 472 2044 prima
517 1925 609 2012 vice
643 1924 699 2013 de
741 1925 820 2014 bac
860 1957 986 2014 causa
1026 1923 1314 2042 disceptatum
1355 1939 1419 2010 est
1457 1921 1500 2010 in
1544 1921 1693 2038 plena·
1728 1915 2121 2038 debes..lllotrinr.

206 2052 272 2138 rio
296 2067 516 2138 conventu
551 2046 637 2134 diei
656 2049 717 2135 26
761 2048 857 2136 lolii
897 2047 1096 2164 proxime
1140 2045 1289 2165 elapsi3
1329 2062 1460 2162 atque
1500 2045 1579 2132 boc
1619 2045 1701 2134 dtr·

204 2177 280 2262 bio
315 2173 583 2290 proposito·
606 2172 677 2256 An
714 2173 769 2259 sit
803 2168 1094 2258 consulendum
1123 2169 1248 2258 ssno
1275 2199 1355 2284 pro
1391 2168 1702 2284 dispensatione

206 2295 470 2384 matrimonii
503 2295 590 2380 roti
612 2311 651 2380 et
673 2325 754 2380 non
786 2295 1056 2382 cornnrnmoti
1074 2302 1118 2380 in
1136 2325 1231 2380 casn
1252 2343 1281 2358 -
1302 2292 1466 2408 placuit
1489 2294 1574 2380 ΕΕ.
1605 2293 1697 2380 VV.

208 2413 780 2538 rescribere-Affirmotioe
810 2419 936 2504 uetito
972 2419 1064 2503 uiro
1100 2417 1280 2504 transitu
1314 2414 1371 2502 od
1403 2415 1514 2502 nlius
1530 2415 1701 2530 nuptias

209 2539 499 2628 inconsultos.
521 2539 853 2655 Conprepotione
868 2595 897 2610 -
912 2539 982 2628 Ad
1007 2540 1264 2656 petitionem
1289 2537 1537 2626 Delensoris
1561 2540 1703 2626 Matri·

207 2665 346 2754 monii
377 2660 645 2750 beneficium
666 2693 805 2751 novae
821 2660 1074 2752 audientiae
1090 2663 1266 2768 indulsi3
1289 2661 1407 2750 unde
1432 2662 1474 2748 in
1498 2693 1700 2778 praesen·
1798 2703 1799 2708 Ν

209 2788 324 2896 tibus
366 2785 554 2873 comitiis
589 2786 747 2872 iterum
799 2786 1093 2874 examinanda
1138 2783 1432 2874 controversia
1481 2785 1696 2892 desertum

209 2909 330 3030 quod
369 2927 414 2997 ut
447 2909 627 3026 planum
664 2908 890 3012 reddatur,
929 2939 1062 2997 novas
1100 2907 1505 2998 animadversiones
1539 2909 1596 2998 ab
1627 2939 1701 2997 eo·

209 3033 315 3120 dem
354 3031 511 3120 vinculi
548 3029 722 3120 vindice
758 3032 871 3150 typis
900 3031 1039 3121 editas
1072 3033 1118 3118 in
1154 3031 1465 3148 compendium
1506 3062 1698 3150 expono.

338 3155 553 3272 Deplorat
589 3184 693 3270 prae
731 3155 884 3272 primis
934 3155 1164 3258 Defensor,
1222 3155 1341 3273 qnod
1378 3168 1424 3242 nt
1457 3155 1698 3271 plurimum

210 3275 357 3394 periti,
395 3279 471 3396 qui
505 3277 548 3363 in
583 3277 723 3364 causis
745 3276 1148 3366 matrimonialibus
1171 3279 1226 3366 ad
1250 3275 1523 3395 corporalem
1547 3277 1701 3397 explo-

211 3397 426 3487 rationem
462 3399 696 3516 coniugum
731 3399 1000 3490 adhibentur
1033 3399 1352 3489 inconsiderate
1386 3435 1410 3490 a
1445 3402 1609 3490 normis
1653 3421 1698 3492 et

213 3521 562 3612 ordinationibus
595 3525 879 3612 Summorum
916 3522 1175 3611 Pontificum
1214 3526 1470 3641 praesertim
1492 3525 1697 3624 ¹Benedi-

211 3645 268 3732 cti
302 3647 407 3734 XlV
440 3663 484 3731 ot
516 3647 570 3730 H.
597 3647 642 3734 S.
670 3647 723 3734 0.
762 3643 1018 3752 desciscant;
1057 3647 1138 3734 boc
1178 3647 1269 3762 ipse
1318 3648 1564 3736 attribuens
1598 3678 1698 3736 am-

210 3765 368 3855 bitioso
403 3767 462 3852 illi
498 3768 718 3857 hnmanae
750 3770 984 3888 superbiae
1018 3770 1156 3857 aestui
1190 3801 1213 3856 a
1242 3769 1576 3886 sapientissimis
1614 3776 1700 3859 Ec-

212 3889 368 3978 clesiae
403 3890 573 4008 legibus
607 3921 699 3979 sese
735 3891 1057 4008 emancipandi.
1082 3883 1158 3980 'Ex
1191 3891 1272 3980 boc
1304 3894 1427 4012 sequi
1463 3895 1621 4002 innuit,
1652 3913 1698 3982 ut

212 4043 310 4099 cum
346 4013 565 4131 agendum
601 4011 656 4100 sit
680 4015 736 4104 de
761 4015 1042 4102 matrimonio
1079 4033 1171 4102 rato
1195 4032 1239 4102 et
1261 4046 1347 4102 non
1371 4035 1692 4121 consummato,

213 4133 408 4249 primum
444 4135 555 4222 illud
580 4167 629 4224 ac
651 4137 924 4253 potissimum
960 4137 1395 4226 inconsummationis
1434 4139 1700 4260 tbemaqua·

213 4252 248 4342 si
280 4255 336 4342 ad
372 4257 623 4344 inferiorem
658 4259 801 4347 locum
838 4261 1089 4376 repellatur,
1117 4276 1160 4347 et
1194 4289 1331 4378 super
1363 4261 1539 4351 incertis
1573 4297 1698 4380 prac-

215 4378 540 4494 sumptionibus
573 4399 616 4467 et
649 4383 907 4470 corriecturis
940 4383 1245 4472 constituatur.

337 4502 384 4586 ln
419 4501 637 4618 praesenti
670 4535 798 4619 porro
831 4535 958 4596 causa
991 4507 1213 4625 proposita
1246 4523 1310 4594 est
1344 4507 1493 4622 peritis
1510 4512 1698 4629 physicis

219 4624 418 4740 quaestio
451 4625 885 4717 inconsummationis
919 4630 1033 4718 inter
1065 4632 1269 4748 coniuges
1288 4632 1619 4723 Ferdinandum
1640 4639 1697 4726 de

215 4745 396 4834 Lalieox
445 4765 487 4836 et
538 4748 775 4838 Adrianam
825 4753 922 4840 Van
959 4753 1236 4856 lloobrouck‚
1284 4751 1359 4872 qui
1394 4755 1451 4843 ad
1500 4759 1698 4880 quinque

215 4869 388 4958 circiter
408 4875 653 4960 ¹'mensium
704 4875 890 4990 spatium
943 4877 1118 4964 insimul
1169 4875 1345 4993 pacifice
1395 4879 1698 4974 cohabitantes

214 5009 345 5108 atque
380 4993 422 5080 in
455 4992 611 5080 eodem
649 4997 850 5086 cubiculo
883 5016 927 5086 et
962 4999 1006 5086 in
1038 5001 1196 5089 eodem
1232 5002 1342 5090 lecto
1376 5003 1698 5096 condormien-

216 5131 279 5200 tes
311 5115 525 5232 coniugali
559 5115 695 5204 officio
730 5149 907 5235 operam
943 5151 1104 5212 navare
1123 5127 1594 5246 pertentarent-forse
1615 5163 1699 5220 urso

217 5235 397 5326 donnino
427 5237 476 5324 di
518 5237 1002 5358 nolte-Experimenta
1051 5245 1317 5352 huiusmodi,
1372 5249 1697 5346 obtestantibus

215 5360 471 5476 coniugibus
504 5361 678 5466 iisdem,
716 5363 834 5454 baud
869 5367 926 5456 ad
961 5367 1134 5484 plenam
1183 5385 1315 5490 atque
1353 5370 1589 5489 perlectam
1626 5410 1697 5468 co-

213 5481 367 5598 pulam
402 5504 716 5600 pervenerunt;
752 5487 1055 5580 Ferdinandus
1087 5492 1254 5610 quippe
1288 5492 1454 5582 ait-lo
1475 5499 1561 5585 mio
1598 5503 1692 5617 opi·
