<?xml version="1.0" encoding="UTF-8"?>
<!DOCTYPE html PUBLIC "-//W3C//DTD XHTML 1.0 Transitional//EN"
    "http://www.w3.org/TR/xhtml1/DTD/xhtml1-transitional.dtd">
<html xmlns="http://www.w3.org/1999/xhtml" xml:lang="en" lang="en">
 <head>
  <title>
</title>
<meta http-equiv="Content-Type" content="text/html;charset=utf-8" />
  <meta name='ocr-system' content='tesseract 3.04.00' />
  <meta name='ocr-capabilities' content='ocr_page ocr_carea ocr_par ocr_line ocrx_word'/>
</head>
<body>
  <div class='ocr_page' id='page_1' title='image "./thesaurusresolu00churgoog_0504.png"; bbox 0 0 4350 6326; ppageno 0'>
   <div class='ocr_carea' id='block_1_1' title="bbox 157 363 1679 2933">
    <p class='ocr_par' dir='ltr' id='par_1_1' title="bbox 157 363 1670 699">
     <span class='ocr_line' id='line_1_1' title="bbox 608 363 1670 480; baseline 0.003 -29"><span class='ocrx_word' id='word_1_1' title='bbox 608 365 690 452; x_wconf 86' lang='lat' dir='ltr'><strong>Die</strong></span> <span class='ocrx_word' id='word_1_2' title='bbox 721 364 782 452; x_wconf 74' lang='grc'><strong>20</strong></span> <span class='ocrx_word' id='word_1_3' title='bbox 813 363 1063 480; x_wconf 77' lang='lat' dir='ltr'><strong><em>Septembris</em></strong></span> <span class='ocrx_word' id='word_1_4' title='bbox 1097 365 1235 454; x_wconf 86' lang='grc'><strong>1879.</strong></span> <span class='ocrx_word' id='word_1_5' title='bbox 1577 365 1670 454; x_wconf 80' lang='grc'><strong>[(93</strong></span> 
     </span>
     <span class='ocr_line' id='line_1_2' title="bbox 157 487 1665 609; baseline 0.001 -35"><span class='ocrx_word' id='word_1_6' title='bbox 157 505 299 601; x_wconf 73' lang='lat' dir='ltr'><strong>aerae</strong></span> <span class='ocrx_word' id='word_1_7' title='bbox 335 487 393 575; x_wconf 87' lang='lat' dir='ltr'><strong>ad</strong></span> <span class='ocrx_word' id='word_1_8' title='bbox 429 488 611 609; x_wconf 72' lang='lat' dir='ltr'><strong>sortitam</strong></span> <span class='ocrx_word' id='word_1_9' title='bbox 661 487 805 575; x_wconf 84' lang='lat' dir='ltr'><strong>Coast.</strong></span> <span class='ocrx_word' id='word_1_10' title='bbox 839 487 1100 576; x_wconf 76' lang='lat' dir='ltr'><strong>Soractissimi</strong></span> <span class='ocrx_word' id='word_1_11' title='bbox 1147 487 1325 574; x_wconf 78' lang='lat' dir='ltr'><em>Domini</em></span> <span class='ocrx_word' id='word_1_12' title='bbox 1361 490 1516 576; x_wconf 81' lang='lat' dir='ltr'><strong>nostri:</strong></span> <span class='ocrx_word' id='word_1_13' title='bbox 1552 487 1665 576; x_wconf 75' lang='lat' dir='ltr'><strong>Eat.</strong></span> 
     </span>
     <span class='ocr_line' id='line_1_3' title="bbox 163 609 979 699; baseline 0.007 -7"><span class='ocrx_word' id='word_1_14' title='bbox 163 640 310 699; x_wconf 83' lang='lat' dir='ltr'><strong>causa</strong></span> <span class='ocrx_word' id='word_1_15' title='bbox 344 612 402 698; x_wconf 87' lang='lat' dir='ltr'><strong>l8</strong></span> <span class='ocrx_word' id='word_1_16' title='bbox 434 609 661 698; x_wconf 77' lang='lat' dir='ltr'><strong><em>Februarii</em></strong></span> <span class='ocrx_word' id='word_1_17' title='bbox 697 610 832 699; x_wconf 83' lang='lat' dir='ltr'><strong>t758.</strong></span> <span class='ocrx_word' id='word_1_18' title='bbox 976 693 979 698; x_wconf 88' lang='lat'>.</span> 
     </span>
    </p>

    <p class='ocr_par' dir='ltr' id='par_1_2' title="bbox 162 729 1679 2565">
     <span class='ocr_line' id='line_1_4' title="bbox 309 729 1671 850; baseline 0.001 -30"><span class='ocrx_word' id='word_1_19' title='bbox 309 736 461 850; x_wconf 87' lang='lat' dir='ltr'><strong>Neque</strong></span> <span class='ocrx_word' id='word_1_20' title='bbox 495 747 643 822; x_wconf 82' lang='lat' dir='ltr'><strong>maret</strong></span> <span class='ocrx_word' id='word_1_21' title='bbox 664 734 773 820; x_wconf 90' lang='lat' dir='ltr'><strong>ratio</strong></span> <span class='ocrx_word' id='word_1_22' title='bbox 796 732 983 824; x_wconf 75' lang='lat' dir='ltr'><strong>deducta</strong></span> <span class='ocrx_word' id='word_1_23' title='bbox 1007 729 1226 819; x_wconf 83' lang='lat' dir='ltr'><strong>aCaustit.</strong></span> <span class='ocrx_word' id='word_1_24' title='bbox 1253 730 1348 818; x_wconf 81' lang='lat' dir='ltr'><strong>Etsi</strong></span> <span class='ocrx_word' id='word_1_25' title='bbox 1383 733 1553 819; x_wconf 83' lang='lat' dir='ltr'><strong>minime</strong></span> <span class='ocrx_word' id='word_1_26' title='bbox 1586 735 1671 822; x_wconf 88' lang='lat' dir='ltr'><strong>Be·</strong></span> 
     </span>
     <span class='ocr_line' id='line_1_5' title="bbox 162 852 1674 976; baseline 0.003 -36"><span class='ocrx_word' id='word_1_27' title='bbox 162 855 345 944; x_wconf 88' lang='lat' dir='ltr'><strong>nedicti</strong></span> <span class='ocrx_word' id='word_1_28' title='bbox 379 857 483 944; x_wconf 88' lang='lat' dir='ltr'><strong>XlV</strong></span> <span class='ocrx_word' id='word_1_29' title='bbox 516 855 600 942; x_wconf 90' lang='lat' dir='ltr'><strong>sub</strong></span> <span class='ocrx_word' id='word_1_30' title='bbox 632 853 676 976; x_wconf 74' lang='lat' dir='ltr'><strong>S.</strong></span> <span class='ocrx_word' id='word_1_31' title='bbox 715 855 775 942; x_wconf 76' lang='lat' dir='ltr'><strong>tt</strong></span> <span class='ocrx_word' id='word_1_32' title='bbox 814 853 933 972; x_wconf 90' lang='lat' dir='ltr'><strong>quod</strong></span> <span class='ocrx_word' id='word_1_33' title='bbox 984 878 1145 970; x_wconf 82' lang='lat' dir='ltr'><strong>nempe</strong></span> <span class='ocrx_word' id='word_1_34' title='bbox 1190 867 1373 968; x_wconf 78' lang='lat' dir='ltr'><strong>urgente</strong></span> <span class='ocrx_word' id='word_1_35' title='bbox 1410 852 1674 944; x_wconf 76' lang='lat' dir='ltr'><strong>necessitate</strong></span> 
     </span>
     <span class='ocr_line' id='line_1_6' title="bbox 167 975 1676 1094; baseline 0.005 -35"><span class='ocrx_word' id='word_1_36' title='bbox 167 978 303 1066; x_wconf 87' lang='lat' dir='ltr'><strong>valet</strong></span> <span class='ocrx_word' id='word_1_37' title='bbox 334 977 466 1066; x_wconf 88' lang='lat' dir='ltr'><strong>etiam</strong></span> <span class='ocrx_word' id='word_1_38' title='bbox 502 977 739 1094; x_wconf 80' lang='lat' dir='ltr'><strong><em>Episcopus</em></strong></span> <span class='ocrx_word' id='word_1_39' title='bbox 781 976 826 1064; x_wconf 93' lang='lat' dir='ltr'><strong>in</strong></span> <span class='ocrx_word' id='word_1_40' title='bbox 860 977 1121 1064; x_wconf 78' lang='lat' dir='ltr'><strong>reluctantes</strong></span> <span class='ocrx_word' id='word_1_41' title='bbox 1154 975 1344 1064; x_wconf 90' lang='lat' dir='ltr'><strong>Clericas</strong></span> <span class='ocrx_word' id='word_1_42' title='bbox 1392 975 1676 1066; x_wconf 86' lang='lat' dir='ltr'><strong>animadver-</strong></span> 
     </span>
     <span class='ocr_line' id='line_1_7' title="bbox 169 1096 1670 1218; baseline 0.002 -32"><span class='ocrx_word' id='word_1_43' title='bbox 169 1114 280 1188; x_wconf 82' lang='lat' dir='ltr'><strong>tere</strong></span> <span class='ocrx_word' id='word_1_44' title='bbox 314 1100 521 1218; x_wconf 78' lang='lat' dir='ltr'><strong>gravihus</strong></span> <span class='ocrx_word' id='word_1_45' title='bbox 555 1101 732 1216; x_wconf 84' lang='lat' dir='ltr'><strong>poenis:</strong></span> <span class='ocrx_word' id='word_1_46' title='bbox 767 1126 865 1187; x_wconf 89' lang='lat' dir='ltr'><strong>cum</strong></span> <span class='ocrx_word' id='word_1_47' title='bbox 901 1097 1106 1187; x_wconf 88' lang='lat' dir='ltr'><strong>laudatus</strong></span> <span class='ocrx_word' id='word_1_48' title='bbox 1138 1096 1340 1186; x_wconf 76' lang='lat' dir='ltr'><strong>Pontifex</strong></span> <span class='ocrx_word' id='word_1_49' title='bbox 1374 1099 1482 1186; x_wconf 93' lang='lat' dir='ltr'><strong>inibi</strong></span> <span class='ocrx_word' id='word_1_50' title='bbox 1518 1099 1670 1216; x_wconf 82' lang='lat' dir='ltr'><strong>loqu&#39;a·</strong></span> 
     </span>
     <span class='ocr_line' id='line_1_8' title="bbox 170 1219 1679 1338; baseline 0.003 -31"><span class='ocrx_word' id='word_1_51' title='bbox 170 1237 258 1308; x_wconf 89' lang='lat' dir='ltr'><strong>tur</strong></span> <span class='ocrx_word' id='word_1_52' title='bbox 296 1221 352 1310; x_wconf 89' lang='lat' dir='ltr'><strong>de</strong></span> <span class='ocrx_word' id='word_1_53' title='bbox 385 1221 696 1311; x_wconf 78' lang='lat' dir='ltr'><strong>Sacerdotibus</strong></span> <span class='ocrx_word' id='word_1_54' title='bbox 729 1221 1054 1310; x_wconf 83' lang='lat' dir='ltr'><strong>celebrantibus</strong></span> <span class='ocrx_word' id='word_1_55' title='bbox 1089 1221 1130 1308; x_wconf 91' lang='lat' dir='ltr'><strong>iu</strong></span> <span class='ocrx_word' id='word_1_56' title='bbox 1156 1221 1313 1309; x_wconf 89' lang='lat' dir='ltr'><strong>diebus</strong></span> <span class='ocrx_word' id='word_1_57' title='bbox 1336 1219 1454 1310; x_wconf 87' lang='lat' dir='ltr'><strong>lestis</strong></span> <span class='ocrx_word' id='word_1_58' title='bbox 1478 1221 1534 1310; x_wconf 92' lang='lat' dir='ltr'><strong>de</strong></span> <span class='ocrx_word' id='word_1_59' title='bbox 1552 1252 1679 1338; x_wconf 85' lang='lat' dir='ltr'><strong>prae·</strong></span> 
     </span>
     <span class='ocr_line' id='line_1_9' title="bbox 170 1342 1678 1463; baseline 0.003 -34"><span class='ocrx_word' id='word_1_60' title='bbox 170 1360 313 1459; x_wconf 86' lang='lat' dir='ltr'><strong>cepta</strong></span> <span class='ocrx_word' id='word_1_61' title='bbox 349 1344 394 1434; x_wconf 92' lang='lat' dir='ltr'><strong>in</strong></span> <span class='ocrx_word' id='word_1_62' title='bbox 433 1343 633 1433; x_wconf 85' lang='lat' dir='ltr'><strong>Ecclesiis</strong></span> <span class='ocrx_word' id='word_1_63' title='bbox 664 1344 883 1432; x_wconf 87' lang='lat' dir='ltr'><strong>ruralibus</strong></span> <span class='ocrx_word' id='word_1_64' title='bbox 923 1373 1035 1463; x_wconf 89' lang='lat' dir='ltr'><strong>quae</strong></span> <span class='ocrx_word' id='word_1_65' title='bbox 1068 1342 1251 1430; x_wconf 91' lang='lat' dir='ltr'><strong>nimium</strong></span> <span class='ocrx_word' id='word_1_66' title='bbox 1286 1343 1343 1430; x_wconf 87' lang='lat' dir='ltr'><strong>ab</strong></span> <span class='ocrx_word' id='word_1_67' title='bbox 1376 1343 1565 1433; x_wconf 83' lang='lat' dir='ltr'><strong>Ecclesia</strong></span> <span class='ocrx_word' id='word_1_68' title='bbox 1600 1376 1678 1462; x_wconf 90' lang='lat' dir='ltr'><strong>pa·</strong></span> 
     </span>
     <span class='ocr_line' id='line_1_10' title="bbox 169 1465 1676 1585; baseline 0.004 -35"><span class='ocrx_word' id='word_1_69' title='bbox 169 1466 366 1554; x_wconf 87' lang='lat' dir='ltr'><strong>rochiali</strong></span> <span class='ocrx_word' id='word_1_70' title='bbox 399 1483 499 1554; x_wconf 89' lang='lat' dir='ltr'><strong>sunt</strong></span> <span class='ocrx_word' id='word_1_71' title='bbox 542 1465 767 1556; x_wconf 89' lang='lat' dir='ltr'><strong>distantes.</strong></span> <span class='ocrx_word' id='word_1_72' title='bbox 802 1467 860 1554; x_wconf 82' lang='grc' dir='ltr'><strong>Αῑ</strong></span> <span class='ocrx_word' id='word_1_73' title='bbox 895 1467 937 1552; x_wconf 92' lang='lat' dir='ltr'><strong>in</strong></span> <span class='ocrx_word' id='word_1_74' title='bbox 974 1465 1163 1554; x_wconf 87' lang='lat' dir='ltr'><strong>themate</strong></span> <span class='ocrx_word' id='word_1_75' title='bbox 1193 1467 1339 1585; x_wconf 74' lang='lat' dir='ltr'><strong>agitur</strong></span> <span class='ocrx_word' id='word_1_76' title='bbox 1372 1466 1429 1555; x_wconf 94' lang='lat' dir='ltr'><strong>do</strong></span> <span class='ocrx_word' id='word_1_77' title='bbox 1462 1467 1676 1558; x_wconf 84' lang='lat' dir='ltr'><strong>Sacerdo-</strong></span> 
     </span>
     <span class='ocr_line' id='line_1_11' title="bbox 172 1587 1674 1707; baseline 0.004 -35"><span class='ocrx_word' id='word_1_78' title='bbox 172 1587 321 1693; x_wconf 85' lang='lat' dir='ltr'><strong>tibus,</strong></span> <span class='ocrx_word' id='word_1_79' title='bbox 358 1589 435 1707; x_wconf 90' lang='lat' dir='ltr'><strong>qui</strong></span> <span class='ocrx_word' id='word_1_80' title='bbox 470 1589 836 1680; x_wconf 28' lang='lat' dir='ltr'><strong>intraroivitatem</strong></span> <span class='ocrx_word' id='word_1_81' title='bbox 876 1587 1123 1680; x_wconf 78' lang='lat' dir='ltr'><strong>btriensem</strong></span> <span class='ocrx_word' id='word_1_82' title='bbox 1159 1589 1385 1679; x_wconf 86' lang='lat' dir='ltr'><strong>celebrant</strong></span> <span class='ocrx_word' id='word_1_83' title='bbox 1418 1590 1674 1706; x_wconf 90' lang='lat' dir='ltr'><strong>etquidem</strong></span> 
     </span>
     <span class='ocr_line' id='line_1_12' title="bbox 173 1709 1677 1829; baseline 0.003 -33"><span class='ocrx_word' id='word_1_84' title='bbox 173 1709 247 1798; x_wconf 85' lang='lat' dir='ltr'><strong>uti</strong></span> <span class='ocrx_word' id='word_1_85' title='bbox 291 1727 473 1829; x_wconf 83' lang='lat' dir='ltr'><strong>apparet</strong></span> <span class='ocrx_word' id='word_1_86' title='bbox 504 1712 595 1802; x_wconf 88' lang='lat' dir='ltr'><strong>ullo</strong></span> <span class='ocrx_word' id='word_1_87' title='bbox 627 1710 720 1800; x_wconf 86' lang='lat' dir='ltr'><strong>sine</strong></span> <span class='ocrx_word' id='word_1_88' title='bbox 751 1711 981 1800; x_wconf 87' lang='lat' dir='ltr'><strong>honorario</strong></span> <span class='ocrx_word' id='word_1_89' title='bbox 1016 1712 1085 1800; x_wconf 90' lang='lat' dir='ltr'><strong>vel</strong></span> <span class='ocrx_word' id='word_1_90' title='bbox 1107 1713 1218 1800; x_wconf 83' lang='lat' dir='ltr'><strong>larte</strong></span> <span class='ocrx_word' id='word_1_91' title='bbox 1252 1711 1435 1800; x_wconf 88' lang='lat' dir='ltr'><strong>minima</strong></span> <span class='ocrx_word' id='word_1_92' title='bbox 1469 1711 1513 1798; x_wconf 94' lang='lat' dir='ltr'><strong>in</strong></span> <span class='ocrx_word' id='word_1_93' title='bbox 1548 1743 1677 1800; x_wconf 89' lang='lat' dir='ltr'><strong>cam·-</strong></span> 
     </span>
     <span class='ocr_line' id='line_1_13' title="bbox 173 1833 1676 1953; baseline 0.004 -35"><span class='ocrx_word' id='word_1_94' title='bbox 173 1833 376 1922; x_wconf 90' lang='lat' dir='ltr'><strong>madum</strong></span> <span class='ocrx_word' id='word_1_95' title='bbox 410 1833 687 1923; x_wconf 85' lang='lat' dir='ltr'><strong>Canlratrum</strong></span> <span class='ocrx_word' id='word_1_96' title='bbox 722 1850 766 1924; x_wconf 89' lang='lat' dir='ltr'><strong>et</strong></span> <span class='ocrx_word' id='word_1_97' title='bbox 802 1833 977 1952; x_wconf 82' lang='lat' dir='ltr'><strong>populi3</strong></span> <span class='ocrx_word' id='word_1_98' title='bbox 1016 1833 1161 1953; x_wconf 76' lang='lat' dir='ltr'><strong>agitur</strong></span> <span class='ocrx_word' id='word_1_99' title='bbox 1194 1834 1249 1923; x_wconf 92' lang='lat' dir='ltr'><strong>de</strong></span> <span class='ocrx_word' id='word_1_100' title='bbox 1282 1835 1375 1923; x_wconf 93' lang='lat' dir='ltr'><strong>loco</strong></span> <span class='ocrx_word' id='word_1_101' title='bbox 1409 1833 1485 1922; x_wconf 89' lang='lat' dir='ltr'><strong>nbi</strong></span> <span class='ocrx_word' id='word_1_102' title='bbox 1521 1851 1564 1922; x_wconf 90' lang='lat' dir='ltr'><strong>et</strong></span> <span class='ocrx_word' id='word_1_103' title='bbox 1596 1837 1676 1924; x_wconf 82' lang='lat' dir='ltr'><strong>ra-</strong></span> 
     </span>
     <span class='ocr_line' id='line_1_14' title="bbox 173 1955 1678 2074; baseline 0.003 -34"><span class='ocrx_word' id='word_1_104' title='bbox 173 1955 307 2044; x_wconf 84' lang='lat' dir='ltr'><strong>rachi</strong></span> <span class='ocrx_word' id='word_1_105' title='bbox 340 1955 583 2046; x_wconf 84' lang='lat' dir='ltr'><strong>doctrinam</strong></span> <span class='ocrx_word' id='word_1_106' title='bbox 611 1955 806 2060; x_wconf 86' lang='lat' dir='ltr'><strong>tradunt‚</strong></span> <span class='ocrx_word' id='word_1_107' title='bbox 844 1956 900 2045; x_wconf 89' lang='lat' dir='ltr'><strong>ad</strong></span> <span class='ocrx_word' id='word_1_108' title='bbox 937 1986 1071 2074; x_wconf 91' lang='lat' dir='ltr'><strong>quam</strong></span> <span class='ocrx_word' id='word_1_109' title='bbox 1095 1956 1362 2045; x_wconf 85' lang='lat' dir='ltr'><strong>omnes-ulla</strong></span> <span class='ocrx_word' id='word_1_110' title='bbox 1385 1957 1478 2046; x_wconf 88' lang='lat' dir='ltr'><strong>sine</strong></span> <span class='ocrx_word' id='word_1_111' title='bbox 1510 1957 1678 2044; x_wconf 86' lang='lat' dir='ltr'><strong>incam-</strong></span> 
     </span>
     <span class='ocr_line' id='line_1_15' title="bbox 173 2077 1674 2198; baseline 0.003 -34"><span class='ocrx_word' id='word_1_112' title='bbox 173 2077 322 2166; x_wconf 88' lang='lat' dir='ltr'><strong>mada</strong></span> <span class='ocrx_word' id='word_1_113' title='bbox 356 2077 563 2166; x_wconf 78' lang='lat' dir='ltr'><strong>acescere</strong></span> <span class='ocrx_word' id='word_1_114' title='bbox 597 2097 804 2196; x_wconf 88' lang='lat' dir='ltr'><strong>possunt,</strong></span> <span class='ocrx_word' id='word_1_115' title='bbox 841 2081 983 2197; x_wconf 80' lang='lat' dir='ltr'><strong>agitur</strong></span> <span class='ocrx_word' id='word_1_116' title='bbox 1011 2079 1069 2169; x_wconf 89' lang='lat' dir='ltr'><strong>de</strong></span> <span class='ocrx_word' id='word_1_117' title='bbox 1102 2079 1277 2168; x_wconf 86' lang='lat' dir='ltr'><strong>civitate</strong></span> <span class='ocrx_word' id='word_1_118' title='bbox 1310 2079 1354 2166; x_wconf 90' lang='lat' dir='ltr'><strong>in</strong></span> <span class='ocrx_word' id='word_1_119' title='bbox 1388 2111 1475 2198; x_wconf 89' lang='lat' dir='ltr'><strong>qua</strong></span> <span class='ocrx_word' id='word_1_120' title='bbox 1521 2079 1674 2184; x_wconf 80' lang='lat' dir='ltr'><strong>etiam,</strong></span> 
     </span>
     <span class='ocr_line' id='line_1_16' title="bbox 173 2197 1674 2320; baseline 0.003 -35"><span class='ocrx_word' id='word_1_121' title='bbox 173 2197 363 2286; x_wconf 81' lang='lat' dir='ltr'><strong>favente</strong></span> <span class='ocrx_word' id='word_1_122' title='bbox 398 2203 521 2304; x_wconf 90' lang='lat' dir='ltr'><strong>Deo,</strong></span> <span class='ocrx_word' id='word_1_123' title='bbox 563 2199 759 2291; x_wconf 86' lang='lat' dir='ltr'><strong>doctrina</strong></span> <span class='ocrx_word' id='word_1_124' title='bbox 794 2202 980 2292; x_wconf 88' lang='lat' dir='ltr'><strong>traditur</strong></span> <span class='ocrx_word' id='word_1_125' title='bbox 1020 2201 1061 2288; x_wconf 93' lang='lat' dir='ltr'><strong>in</strong></span> <span class='ocrx_word' id='word_1_126' title='bbox 1107 2201 1293 2319; x_wconf 93' lang='lat' dir='ltr'><strong>publicis</strong></span> <span class='ocrx_word' id='word_1_127' title='bbox 1314 2201 1485 2310; x_wconf 79' lang='lat' dir='ltr'><strong>scholis,</strong></span> <span class='ocrx_word' id='word_1_128' title='bbox 1528 2201 1674 2320; x_wconf 76' lang='lat' dir='ltr'><strong>agitur</strong></span> 
     </span>
     <span class='ocr_line' id='line_1_17' title="bbox 175 2319 1675 2442; baseline 0.003 -34"><span class='ocrx_word' id='word_1_129' title='bbox 175 2320 241 2409; x_wconf 89' lang='lat' dir='ltr'><strong>de</strong></span> <span class='ocrx_word' id='word_1_130' title='bbox 268 2319 523 2412; x_wconf 85' lang='lat' dir='ltr'><strong>medaeam</strong></span> <span class='ocrx_word' id='word_1_131' title='bbox 546 2323 861 2430; x_wconf 89' lang='lat' dir='ltr'><strong>annunciandi,</strong></span> <span class='ocrx_word' id='word_1_132' title='bbox 886 2354 942 2412; x_wconf 81' lang='lat' dir='ltr'><strong>en</strong></span> <span class='ocrx_word' id='word_1_133' title='bbox 963 2355 1052 2442; x_wconf 91' lang='lat' dir='ltr'><strong>quo</strong></span> <span class='ocrx_word' id='word_1_134' title='bbox 1073 2325 1112 2412; x_wconf 92' lang='lat' dir='ltr'><strong>si</strong></span> <span class='ocrx_word' id='word_1_135' title='bbox 1135 2324 1324 2413; x_wconf 76' lang='lat' dir='ltr'><strong>lar-lassis</strong></span> <span class='ocrx_word' id='word_1_136' title='bbox 1342 2325 1474 2430; x_wconf 83' lang='lat' dir='ltr'><strong>docti,</strong></span> <span class='ocrx_word' id='word_1_137' title='bbox 1509 2323 1675 2414; x_wconf 91' lang='lat' dir='ltr'><strong>indocti</strong></span> 
     </span>
     <span class='ocr_line' id='line_1_18' title="bbox 177 2443 770 2565; baseline 0.005 -36"><span class='ocrx_word' id='word_1_138' title='bbox 177 2458 341 2531; x_wconf 84' lang='lat' dir='ltr'><strong>tamen</strong></span> <span class='ocrx_word' id='word_1_139' title='bbox 378 2443 484 2532; x_wconf 92' lang='lat' dir='ltr'><strong>nibil</strong></span> <span class='ocrx_word' id='word_1_140' title='bbox 509 2445 770 2565; x_wconf 88' lang='lat' dir='ltr'><strong>percipiunt.</strong></span> 
     </span>
    </p>

    <p class='ocr_par' dir='ltr' id='par_1_3' title="bbox 174 2565 1679 2933">
     <span class='ocr_line' id='line_1_19' title="bbox 314 2565 1676 2688; baseline 0.006 -34"><span class='ocrx_word' id='word_1_141' title='bbox 314 2565 439 2654; x_wconf 90' lang='lat' dir='ltr'><strong>Hisce</strong></span> <span class='ocrx_word' id='word_1_142' title='bbox 474 2568 606 2685; x_wconf 79' lang='lat' dir='ltr'><strong>igitur</strong></span> <span class='ocrx_word' id='word_1_143' title='bbox 639 2569 812 2658; x_wconf 76' lang='lat' dir='ltr'><strong>attentis</strong></span> <span class='ocrx_word' id='word_1_144' title='bbox 845 2599 1015 2658; x_wconf 89' lang='lat' dir='ltr'><strong>necnon</strong></span> <span class='ocrx_word' id='word_1_145' title='bbox 1037 2566 1236 2660; x_wconf 88' lang='lat' dir='ltr'><strong>deductis</strong></span> <span class='ocrx_word' id='word_1_146' title='bbox 1257 2599 1336 2688; x_wconf 90' lang='lat' dir='ltr'><strong>per</strong></span> <span class='ocrx_word' id='word_1_147' title='bbox 1357 2570 1548 2688; x_wconf 87' lang='lat' dir='ltr'><strong>Capituli</strong></span> <span class='ocrx_word' id='word_1_148' title='bbox 1568 2575 1676 2664; x_wconf 85' lang='lat' dir='ltr'><strong>Ora·</strong></span> 
     </span>
     <span class='ocr_line' id='line_1_20' title="bbox 178 2689 1679 2809; baseline 0.009 -37"><span class='ocrx_word' id='word_1_149' title='bbox 178 2700 349 2792; x_wconf 88' lang='lat' dir='ltr'><strong>tarem,</strong></span> <span class='ocrx_word' id='word_1_150' title='bbox 385 2689 459 2806; x_wconf 91' lang='lat' dir='ltr'><strong>qui</strong></span> <span class='ocrx_word' id='word_1_151' title='bbox 505 2689 701 2778; x_wconf 91' lang='lat' dir='ltr'><strong>nondum</strong></span> <span class='ocrx_word' id='word_1_152' title='bbox 735 2691 840 2780; x_wconf 89' lang='lat' dir='ltr'><strong>mibi</strong></span> <span class='ocrx_word' id='word_1_153' title='bbox 876 2692 1181 2809; x_wconf 84' lang='lat' dir='ltr'><strong>allegationem</strong></span> <span class='ocrx_word' id='word_1_154' title='bbox 1218 2690 1570 2784; x_wconf 89' lang='lat' dir='ltr'><strong>distribuendam</strong></span> <span class='ocrx_word' id='word_1_155' title='bbox 1604 2725 1679 2785; x_wconf 83' lang='lat' dir='ltr'><strong>ex·</strong></span> 
     </span>
     <span class='ocr_line' id='line_1_21' title="bbox 174 2808 1323 2933; baseline 0.006 -37"><span class='ocrx_word' id='word_1_156' title='bbox 174 2808 336 2898; x_wconf 88' lang='lat' dir='ltr'><strong>hibuit</strong></span> <span class='ocrx_word' id='word_1_157' title='bbox 369 2810 605 2928; x_wconf 78' lang='lat' dir='ltr'><strong>dignentur</strong></span> <span class='ocrx_word' id='word_1_158' title='bbox 638 2815 722 2902; x_wconf 85' lang='grc' dir='ltr'><strong>ΕΕ.</strong></span> <span class='ocrx_word' id='word_1_159' title='bbox 760 2817 855 2907; x_wconf 88' lang='lat' dir='ltr'><strong>VV.</strong></span> <span class='ocrx_word' id='word_1_160' title='bbox 892 2814 1121 2933; x_wconf 87' lang='lat' dir='ltr'><strong>sequentia</strong></span> <span class='ocrx_word' id='word_1_161' title='bbox 1154 2811 1323 2903; x_wconf 87' lang='lat' dir='ltr'><strong>diluere</strong></span> 
     </span>
    </p>
   </div>
   <div class='ocr_carea' id='block_1_2' title="bbox 846 3059 1021 3198">
    <p class='ocr_par' dir='ltr' id='par_1_4' title="bbox 846 3059 1021 3198">
     <span class='ocr_line' id='line_1_22' title="bbox 846 3059 1021 3198; baseline 0.011 -53"><span class='ocrx_word' id='word_1_162' title='bbox 846 3059 1021 3198; x_wconf 78' lang='lat' dir='ltr'><strong>DUBlA</strong></span> 
     </span>
    </p>
   </div>
   <div class='ocr_carea' id='block_1_3' title="bbox 186 3299 1679 3660">
    <p class='ocr_par' dir='ltr' id='par_1_5' title="bbox 186 3299 1679 3660">
     <span class='ocr_line' id='line_1_23' title="bbox 315 3299 1679 3426; baseline 0.009 -40"><span class='ocrx_word' id='word_1_163' title='bbox 315 3301 349 3386; x_wconf 90' lang='lat' dir='ltr'><strong>l.</strong></span> <span class='ocrx_word' id='word_1_164' title='bbox 384 3299 458 3384; x_wconf 80' lang='lat' dir='ltr'><strong>Aa</strong></span> <span class='ocrx_word' id='word_1_165' title='bbox 491 3299 724 3388; x_wconf 75' lang='lat' dir='ltr'><strong>Cocanicus</strong></span> <span class='ocrx_word' id='word_1_166' title='bbox 757 3302 831 3419; x_wconf 79' lang='lat' dir='ltr'><strong>qui</strong></span> <span class='ocrx_word' id='word_1_167' title='bbox 865 3301 1007 3390; x_wconf 83' lang='lat' dir='ltr'><strong>diuini</strong></span> <span class='ocrx_word' id='word_1_168' title='bbox 1038 3300 1170 3426; x_wconf 74' lang='lat' dir='ltr'><strong>officii</strong></span> <span class='ocrx_word' id='word_1_169' title='bbox 1203 3319 1382 3420; x_wconf 82' lang='lat' dir='ltr'><strong>tempure</strong></span> <span class='ocrx_word' id='word_1_170' title='bbox 1421 3309 1590 3397; x_wconf 87' lang='lat' dir='ltr'><strong>Mtssam</strong></span> <span class='ocrx_word' id='word_1_171' title='bbox 1621 3313 1679 3398; x_wconf 87' lang='lat' dir='ltr'><strong>le-</strong></span> 
     </span>
     <span class='ocr_line' id='line_1_24' title="bbox 187 3419 1674 3563; baseline 0.01 -55"><span class='ocrx_word' id='word_1_172' title='bbox 187 3437 297 3509; x_wconf 88' lang='lat' dir='ltr'><strong>ctam</strong></span> <span class='ocrx_word' id='word_1_173' title='bbox 331 3419 538 3562; x_wconf 25' lang='lat' dir='ltr'><strong>celebrati</strong></span> <span class='ocrx_word' id='word_1_174' title='bbox 561 3437 748 3563; x_wconf 70' lang='lat' dir='ltr'><strong>teneatur</strong></span> <span class='ocrx_word' id='word_1_175' title='bbox 773 3425 904 3542; x_wconf 71' lang='lat' dir='ltr'><strong>leaere</strong></span> <span class='ocrx_word' id='word_1_176' title='bbox 927 3424 1161 3514; x_wconf 83' lang='lat' dir='ltr'><strong>doctrinam</strong></span> <span class='ocrx_word' id='word_1_177' title='bbox 1184 3427 1461 3517; x_wconf 78' lang='lat' dir='ltr'><strong>ebriationem</strong></span> <span class='ocrx_word' id='word_1_178' title='bbox 1484 3431 1555 3520; x_wconf 84' lang='lat' dir='ltr'><strong>sub</strong></span> <span class='ocrx_word' id='word_1_179' title='bbox 1572 3463 1674 3550; x_wconf 84' lang='lat' dir='ltr'><strong>poe·</strong></span> 
     </span>
     <span class='ocr_line' id='line_1_25' title="bbox 186 3575 780 3660; baseline 0.01 -30"><span class='ocrx_word' id='word_1_180' title='bbox 186 3575 246 3630; x_wconf 84' lang='lat' dir='ltr'><strong>aa</strong></span> <span class='ocrx_word' id='word_1_181' title='bbox 278 3575 557 3660; x_wconf 73' lang='lat' dir='ltr'><strong>suspensiones</strong></span> <span class='ocrx_word' id='word_1_182' title='bbox 590 3578 635 3632; x_wconf 78' lang='lat' dir='ltr'><strong>eu</strong></span> <span class='ocrx_word' id='word_1_183' title='bbox 669 3579 780 3636; x_wconf 83' lang='lat' dir='ltr'><strong>casu.</strong></span> 
     </span>
    </p>
   </div>
   <div class='ocr_carea' id='block_1_4' title="bbox 316 3789 1678 3920">
    <p class='ocr_par' dir='ltr' id='par_1_6' title="bbox 316 3789 1678 3920">
     <span class='ocr_line' id='line_1_26' title="bbox 316 3789 1678 3920; baseline 0.008 -45"><span class='ocrx_word' id='word_1_184' title='bbox 316 3789 369 3877; x_wconf 93' lang='lat' dir='ltr'><strong>ll.</strong></span> <span class='ocrx_word' id='word_1_185' title='bbox 406 3789 478 3878; x_wconf 86' lang='lat' dir='ltr'><strong>Au</strong></span> <span class='ocrx_word' id='word_1_186' title='bbox 509 3791 749 3880; x_wconf 80' lang='lat' dir='ltr'><strong>Sacerdotes</strong></span> <span class='ocrx_word' id='word_1_187' title='bbox 782 3792 951 3882; x_wconf 83' lang='lat' dir='ltr'><strong>Missam</strong></span> <span class='ocrx_word' id='word_1_188' title='bbox 985 3792 1231 3884; x_wconf 84' lang='lat' dir='ltr'><strong>celebrantes</strong></span> <span class='ocrx_word' id='word_1_189' title='bbox 1262 3827 1345 3912; x_wconf 86' lang='lat' dir='ltr'><strong>pro</strong></span> <span class='ocrx_word' id='word_1_190' title='bbox 1377 3799 1678 3920; x_wconf 76' lang='lat' dir='ltr'><strong>Confratribus</strong></span> 
     </span>
    </p>
   </div>
   <div class='ocr_carea' id='block_1_5' title="bbox 189 3909 1678 4125">
    <p class='ocr_par' dir='ltr' id='par_1_7' title="bbox 189 3909 1678 4125">
     <span class='ocr_line' id='line_1_27' title="bbox 189 3909 1678 4054; baseline 0.007 -56"><span class='ocrx_word' id='word_1_191' title='bbox 189 3913 238 4051; x_wconf 67' lang='lat' dir='ltr'><strong>irs</strong></span> <span class='ocrx_word' id='word_1_192' title='bbox 271 3909 398 4054; x_wconf 78' lang='lat' dir='ltr'><strong>dictis</strong></span> <span class='ocrx_word' id='word_1_193' title='bbox 434 3913 630 4003; x_wconf 78' lang='lat' dir='ltr'><strong>Ecclesiis</strong></span> <span class='ocrx_word' id='word_1_194' title='bbox 664 3913 775 4002; x_wconf 88' lang='lat' dir='ltr'><strong>idem</strong></span> <span class='ocrx_word' id='word_1_195' title='bbox 796 3947 963 4004; x_wconf 83' lang='lat' dir='ltr'><strong>seruare</strong></span> <span class='ocrx_word' id='word_1_196' title='bbox 989 3933 1201 4006; x_wconf 78' lang='lat' dir='ltr'><strong>teneantur</strong></span> <span class='ocrx_word' id='word_1_197' title='bbox 1233 3918 1305 4006; x_wconf 85' lang='lat' dir='ltr'><strong>sub</strong></span> <span class='ocrx_word' id='word_1_198' title='bbox 1337 3949 1473 4036; x_wconf 82' lang='lat' dir='ltr'><strong>paena</strong></span> <span class='ocrx_word' id='word_1_199' title='bbox 1507 3953 1678 4040; x_wconf 70' lang='lat' dir='ltr'><strong>smptu-</strong></span> 
     </span>
     <span class='ocr_line' id='line_1_28' title="bbox 190 4065 548 4125; baseline 0.017 -6"><span class='ocrx_word' id='word_1_200' title='bbox 190 4065 323 4120; x_wconf 83' lang='lat' dir='ltr'><strong>ssorus</strong></span> <span class='ocrx_word' id='word_1_201' title='bbox 357 4067 401 4122; x_wconf 76' lang='lat' dir='ltr'><strong>aa</strong></span> <span class='ocrx_word' id='word_1_202' title='bbox 436 4069 548 4125; x_wconf 85' lang='lat' dir='ltr'><strong>casu.</strong></span> 
     </span>
    </p>
   </div>
   <div class='ocr_carea' id='block_1_6' title="bbox 319 4279 476 4369">
    <p class='ocr_par' dir='ltr' id='par_1_8' title="bbox 319 4279 476 4369">
     <span class='ocr_line' id='line_1_29' title="bbox 319 4279 476 4369; baseline 0.019 -3"><span class='ocrx_word' id='word_1_203' title='bbox 319 4279 476 4369; x_wconf 86' lang='lat' dir='ltr'><strong>Dilata.</strong></span> 
     </span>
    </p>
   </div>
   <div class='ocr_carea' id='block_1_7' title="bbox 0 0 2191 6324">
    <p class='ocr_par' dir='ltr' id='par_1_9' title="bbox 0 0 2191 6324">
     <span class='ocr_line' id='line_1_30' title="bbox 0 0 2191 6324; baseline 0 0"><span class='ocrx_word' id='word_1_204' title='bbox 0 0 2191 6324; x_wconf 95' lang='lat' dir='ltr'><strong> </strong></span> 
     </span>
    </p>
   </div>
  </div>
 </body>
</html>
