4530 6336
486 219 578 310 354
952 203 1065 308 'Dte
1095 216 1157 302 26
1189 213 1297 302 Iulli
1331 213 1465 304 l879.

488 337 1071 460 archipresbyterinomine
1104 337 1374 454 subscriptus
1407 336 1781 456 invenitur,quud
1805 335 1861 424 ad
1885 338 1982 427 eius

487 491 753 554 successores
774 459 952 550 nemine
984 457 1307 550 contradicente
1329 460 1560 580 migravit:
1588 477 1721 580 atque
1744 461 1801 550 ita
1824 460 1979 548 Archi·

416 667 417 670 *
486 583 703 704 presbyter
735 583 953 701 antiquior
984 583 1220 686 Parocbus,
1267 581 1421 672 Cureti
1446 581 1651 672 Canonici
1682 613 1788 671 vcro
1820 582 1979 703 reliqui

490 705 670 808 Paroubi
706 706 909 826 appellati
943 721 1061 794 suut.
1760 711 1764 719 ’
2004 703 2009 709 ’

616 829 745 918 Anno
768 845 919 916 autem
937 829 1059 920 tuot
1075 858 1143 918 res
1163 829 1417 920 immutatae
1440 831 1616 919 luerunt
1638 859 1691 916 ex
1714 827 1827 916 lacto
1849 843 1981 946 atquc

491 982 627 1074 opera
657 951 793 1038 civilis
835 951 1126 1054 auctoritatis,
1163 981 1278 1070 quae
1326 953 1370 1040 in
1409 953 1500 1041 vim
1538 950 1767 1040 cuiusdam
1809 952 1981 1040 litterae

490 1073 716 1166 circularis
738 1073 828 1163 diei
852 1074 880 1162 7
902 1073 1003 1162 lllaii
1038 1073 1203 1177 statuit,
1242 1091 1290 1163 ut
1324 1076 1369 1164 iu
1404 1093 1627 1196 posterum
1664 1103 1776 1162 unus
1810 1089 1977 1162 tautum

492 1213 605 1290 esset
638 1197 873 1299 parochus,
895 1195 1050 1315 reliqui
1076 1227 1181 1284 vero
1205 1215 1305 1304 tres,
1326 1200 1538 1304 Paroolru,
1565 1197 1690 1286 titulo
1706 1195 1755 1285 V
1752 1198 1980 1282 icuriorum

495 1336 739 1438 assumpto,
762 1317 980 1408 adiutorio
1013 1337 1170 1408 essent.
1191 1321 1283 1408 lrno
1318 1323 1457 1410 tribus
1479 1321 1595 1410 hisce
1618 1318 1801 1409 Vicariis
1836 1318 1982 1436 paullo

493 1460 594 1565 post
628 1439 699 1530 alii
735 1439 1014 1530 duosdiccti
1050 1443 1224 1530 luerunt
1257 1442 1509 1534 beneficiati
1542 1473 1597 1532 ex
1634 1459 1797 1533 cessata
1831 1441 1981 1533 Colle-

495 1567 614 1686 giata
649 1563 691 1652 in
727 1563 885 1652 eadem
920 1565 1157 1653 Paroecisli
1186 1567 1372 1656 Ecclesia
1406 1585 1550 1656 erecta
1583 1565 1982 1684 superstites,quae

494 1687 661 1807 pariter
695 1684 882 1804 ipsamet
925 1686 1040 1774 civili
1074 1703 1288 1804 potestate
1320 1704 1605 1792 auctorante,
1643 1717 1877 1804 suppressa
1911 1716 1978 1775 re-

495 1810 680 1900 mansit.
706 1808 795 1914 Etsi
829 1809 958 1926 plane
992 1811 1217 1928 ignoretur
1255 1827 1399 1900 utrum
1426 1811 1676 1900 huiusmodi
1712 1809 1983 1898 innovationi

495 1929 786 2033 oGubcruio
820 1949 1023 2048 peractae
1056 1962 1285 2022 cousensus
1318 1965 1396 2024 seu
1431 1935 1627 2052 legitima
1659 1932 1884 2053 potestatis
1915 1963 1983 2022 cu·

494 2053 759 2146 clesiasticae
794 2053 1058 2170 adprobatio
1102 2073 1250 2172 postea
1297 2059 1548 2160 accesserit3
1588 2074 1735 2146 tamen
1769 2055 1985 2174 comperti

495 2177 595 2268 laeti
621 2205 713 2264 esse
747 2175 1154 2298 relert2Episcupus,
1181 2180 1301 2296 quud
1329 2218 1346 2259 ι
1373 2181 1444 2269 dal
1469 2179 1591 2269 taut
1610 2177 1699 2268 fino
1721 2179 1760 2267 al
1786 2195 1988 2296 presente

502 2342 519 2380 ι
559 2301 600 2388 la
633 2297 891 2388 Parruccbia
941 2299 986 2388 di
1020 2301 1287 2420 Caravaggio
1337 2302 1382 2390 di
1406 2303 1532 2399 ‚latto
1566 2331 1591 2390 e
1624 2303 1738 2390 nella
1773 2301 1985 2418 pubbliua

506 2463 522 2503 ι
562 2421 770 2540 opinione
794 2420 911 2508 ebbe
934 2451 1106 2539 sempre
1130 2455 1187 2510 un
1210 2425 1300 2513 solo
1324 2426 1589 2514 Parroeo....
1611 2425 1781 2514 beucbb
1807 2425 1819 2511 i
1845 2424 1988 2513 Vicari

507 2587 524 2626 ι
564 2546 711 2633 hauno
746 2542 974 2632 esercitato
1019 2545 1074 2634 ed
1106 2547 1343 2636 esercitauo
1392 2579 1548 2636 ancora
1582 2549 1626 2635 in
1664 2547 1783 2636 varia
1819 2547 1983 2636 misura

506 2710 524 2748 ι
564 2667 708 2756 alcuni
726 2663 803 2752 atti
827 2665 906 2753 che
927 2683 1126 2785 spettano
1149 2669 1410 2760 all'autorita
1433 2671 1727 2788 parroechiale
1757 2713 1795 2756 ·.
1832 2671 1986 2757 Utrum

492 2819 600 2880 vcro
632 2819 688 2876 ex
722 2788 850 2876 tacito
885 2791 1265 2909 Archipresbyteri
1298 2823 1511 2882 consensu
1533 2825 1589 2882 au
1612 2795 1758 2911 potius
1781 2825 1835 2882 ex
1860 2793 1975 2912 longi

495 2911 703 3032 temporis
735 2911 1063 3001 consuetudinis
1097 2913 1255 3004 ellectu
1291 2915 1337 3005 id
1374 2915 1477 3033 ipsis
1511 2917 1759 3018 obvenerit,
1787 2915 1981 3036 dignosci

497 3068 584 3126 non
619 3031 752 3153 valet,
789 3061 890 3120 curn
924 3037 1071 3124 omnia
1095 3035 1139 3124 iu
1163 3038 1354 3127 tenebris
1386 3038 1660 3130 delitescant.
1698 3039 1812 3128 lllud
1846 3069 1982 3127 unum

499 3175 668 3250 certum
686 3171 766 3244 'est
797 3155 917 3274 quod
940 3159 1092 3248 Missae
1116 3191 1198 3277 pro
1224 3162 1385 3280 populo
1420 3194 1468 3252 ac
1502 3161 1843 3282 praedicationis
1877 3191 1986 3250 onus

498 3278 898 3398 Archiprespbyter
921 3295 964 3366 et
987 3297 1072 3370 tres
1094 3283 1252 3372 Vinarii
1289 3301 1336 3372 ut
1370 3304 1497 3374 antea
1530 3285 1813 3375 adinvicem
1848 3301 1989 3374 sustu·

503 3404 614 3508 lere;
642 3429 777 3489 onera
811 3417 943 3519 atque
977 3405 1275 3494 emolumenta
1308 3409 1456 3497 omnia
1490 3409 1663 3528 aequali
1693 3409 1894 3526 portione
1927 3407 1991 3495 di·

499 3527 723 3627 viserunt,
768 3539 899 3642 atque
934 3525 978 3610 in
1014 3527 1240 3616 vacatione
1282 3532 1530 3646 praedictae
1573 3533 1756 3622 alicuius
1793 3530 1993 3620 Vicariae

499 3645 738 3769 spiritualis
769 3647 1045 3735 Oeconomus
1080 3667 1127 3736 ut
1161 3650 1203 3738 in
1236 3653 1454 3743 Paroeciis
1487 3654 1692 3773 deputari
1725 3655 1848 3744 solet.

624 3773 709 3859 Res
726 3769 784 3856 sic
801 3798 847 3856 se
869 3769 1113 3879 habebant,
1128 3803 1231 3861 cum
1256 3777 1347 3866 duo
1366 3806 1421 3864 ex
1443 3777 1693 3894 praelatisl'
1697 3777 1853 3881 icariis,
1870 3807 1990 3865 occa-

505 3893 629 3983 sione
647 3905 821 4006 arrepta
839 3921 864 3979 a
881 3891 1074 4010 quadarn
1093 3895 1355 3987 resolutione
1373 3899 1431 3986 ab
1448 3900 1841 4020 Archipresbytcro
1860 3899 1993 4002 edita,

368 4097 372 4107 .
504 4046 593 4136 qua
626 4011 856 4100 imminuta
889 4043 1040 4103 corum
1075 4033 1263 4134 potestas
1299 4022 1433 4140 magis
1460 4023 1687 4143 magisque
1709 4021 1995 4113 coercebatur
2131 4092 2138 4104 .

510 4135 747 4256 praecipue
796 4135 907 4224 circa
953 4135 1250 4251 adsistentium
1301 4143 1357 4234 ad
1390 4145 1687 4250 matrimonia,
1725 4147 1810 4236 sub
1848 4173 1997 4234 mense

503 4257 745 4349 Februario
775 4259 875 4345 anui
912 4259 1032 4349 l877
1067 4263 1126 4352 ad
1164 4265 1426 4386 Episcopum
1455 4269 1639 4386 supplici
1670 4269 1818 4359 oblato
1847 4267 1998 4358 libello

374 4461 382 4476 .
499 4383 815 4501 conlegerunt,
859 4397 1055 4498 petentes
1095 4385 1143 4474 di
1175 4419 1303 4478 essere
1333 4390 1614 4510 radinthrati
1645 4391 1712 4482 acl
1738 4394 1866 4511 piano
1904 4423 2005 4512 pos·

515 4537 621 4594 sesso
655 4501 769 4592 della
800 4501 893 4592 loro
925 4503 1095 4624 dignitci
1125 4511 1340 4628 epodcstd
1355 4513 1668 4633 purroccbiole,
1690 4517 1811 4636 quale
1831 4518 2006 4606 esistcuu

456 4753 459 4758 Ι
511 4631 659 4749 primu
692 4625 761 4716 dcl
793 4627 931 4733 taut,
963 4631 1116 4747 perche
1150 4633 1268 4726 l’ctto
1302 4636 1351 4723 di
1382 4643 1667 4757 suppressione
1708 4671 1793 4730 non
1833 4640 1883 4763 su
1932 4638 2004 4729 clrc
2102 4655 2109 4668 '

515 4783 572 4840 un
604 4765 690 4856 atto
723 4749 773 4838 di
804 4749 996 4842 uiolcnza
1029 4753 1322 4849 dcll'cutoritd
1367 4763 1509 4850 ciuile.

551 4963 552 4967 a
632 4873 878 4994 Episcopus
909 4891 958 4963 ut
1002 4908 1053 4966 ea
1074 4909 1164 4997 qua
1200 4901 1392 5003 parerat
1414 4885 1650 5005 prudentia
1683 4917 1857 4978 causam
1900 4885 2006 4976 diri·
2235 4836 2239 4933 l

513 5014 656 5088 meret
694 4997 916 5086 rationum
949 5019 1174 5094 momenta
1198 5007 1258 5095 ab
1277 5023 1464 5131 utraque
1486 5025 1611 5128 parte
1632 5012 1803 5130 prolata
1840 5011 2006 5100 librare

514 5137 854 5243 aggressusest,
891 5120 1103 5213 sedeam
1146 5130 1354 5245 gravibus
1386 5129 1717 5226 difficultatibus
1765 5135 2009 5225 involutum

515 5258 779 5384 esseoratus,
815 5273 839 5332 a
873 5247 1030 5365 quovis
1065 5251 1330 5366 prolcreudo
1362 5253 1527 5346 iudicio
1561 5257 1771 5348 abstinuit
1803 5273 1846 5348 et
1866 5257 2000 5346 satius

521 5365 650 5456 duxrt
671 5367 976 5484 quaestionem
1003 5369 1059 5458 ad
1083 5373 1129 5462 S.
1144 5375 1198 5461 V.
1214 5379 1268 5466 Ο.
1292 5379 1603 5469 transmittere.
1625 5385 1745 5471 Dum
1775 5399 1923 5471 autem
1940 5376 2007 5466 la-
