4516 6318
701 468 783 602 nra
815 511 875 600 rs
907 507 1132 602 raanan
1164 505 1302 598 rara.
1659 501 1750 606 tos

253 667 353 728 rere
377 652 545 756 poterat
568 635 612 724 in
636 634 954 753 praeiudicium
974 631 1283 736 renuntiantis,
1304 659 1392 720 non
1410 659 1516 720 vero
1536 661 1750 728 successo·

253 791 353 850 rum
385 759 563 879 proprio
607 759 701 848 iure
734 757 1007 848 venientium
1046 757 1216 876 absque
1245 752 1578 845 confirmatione
1597 759 1644 849 S.
1664 761 1744 852 Se·

250 883 340 986 dis,
379 900 423 973 et
474 881 658 1003 quidem
707 911 794 970 non
838 881 880 970 in
919 881 1060 970 forma
1108 877 1350 984 communi,
1397 875 1476 968 scd
1517 879 1744 998 speciatim

253 1039 313 1096 ex
337 1023 455 1096 certa
474 1005 670 1100 scientia.
700 1023 864 1093 etcum
901 1035 1057 1094 causae
1079 1000 1342 1119 cognitione3
1369 999 1747 1120 quemadmodum

250 1145 436 1248 agentes
471 1129 528 1218 de
568 1129 859 1218 transactione
885 1127 1130 1247 loquuntur
1166 1127 1355 1244 Fopnon.
1392 1123 1437 1211 in
1473 1123 1548 1214 lib.
1587 1127 1631 1214 1.
1658 1127 1745 1216 De·

250 1271 356 1342 oret.
409 1252 474 1340 Dc
511 1269 712 1340 trnnsoct.
751 1251 795 1339 in
827 1281 922 1369 cop.
978 1249 1160 1341 Veniens
1193 1281 1236 1336 n.
1272 1251 1321 1339 2.
1365 1263 1403 1335 61
1444 1249 1489 1350 3,
1529 1247 1743 1370 Reiffenst.

254 1374 315 1462 od
347 1373 485 1463 cnrnd.
538 1374 618 1464 loc.
653 1371 700 1496 S.
737 1375 782 1463 3.
820 1407 862 1462 6.
916 1375 996 1462 63.
1032 1390 1070 1462 61
1111 1375 1189 1472 61,
1227 1373 1292 1460 Dc
1333 1371 1445 1458 braca
1489 1371 1554 1460 Dc
1596 1373 1742 1586 8⁶an

254 1497 364 1586 disc.
413 1499 491 1587 32.
533 1531 578 1586 n.
626 1497 702 1603 13,
749 1496 989 1614 Piqnntclli
1036 1513 1135 1585 tom.
1183 1496 1230 1584 lr.
1277 1492 1454 1583 consult.
1490 1495 1567 1584 27.
1607 1526 1652 1582 n.

381 1623 473 1712 Non
491 1616 784 1722 consuetudo,
801 1621 906 1740 qaia
950 1618 1094 1736 primo
1126 1619 1218 1738 ipsa
1232 1620 1417 1740 probata
1431 1609 1516 1705 non
1532 1616 1629 1722 1611,
1647 1644 1747 1708 cum

258 1743 447 1862 probari
468 1741 693 1833 debuisset
724 1744 843 1861 quod
868 1739 1250 1832 Hebdomadarius
1288 1739 1531 1831 functiones
1554 1741 1749 1831 exercuit

257 1885 480 1986 tamqnam
504 1867 614 1967 tatis,
638 1883 762 1985 prout
786 1884 897 1956 esset
923 1863 1242 1956 iustificandum
1266 1864 1323 1954 ad
1349 1860 1511 1952 tradita
1533 1895 1613 1984 per
1633 1865 1745 1957 S.C.

195 2065 198 2074 ,
258 1992 301 2079 16
328 1992 482 2078 Arsino
505 1989 668 2076 luriunt
696 1988 1018 2077 parochialium
1039 1988 1100 2076 25
1124 1989 1307 2106 Anqusti
1337 1987 1457 2076 1877
1480 1984 1509 2108 S
1533 1987 1749 2108 Minusque

258 2112 505 2231 etquidem
531 2141 609 2231 per
631 2115 819 2230 spatium
844 2139 1089 2232 numquam
1114 2109 1404 2232 interceptum
1441 2109 1502 2197 40
1534 2141 1749 2200 annorum

259 2235 395 2326 relati
429 2252 526 2354 post
564 2235 680 2324 Text.
719 2237 764 2322 in
797 2233 1229 2353 captarepayatttt
1261 2235 1312 2324 dc
1344 2231 1453 2358 offic.
1489 2233 1634 2324 ordin.
1661 2249 1749 2324 tra·

259 2359 325 2448 dit
357 2359 464 2446 iloto
505 2389 592 2445 cor.
634 2357 810 2446 llolincs
853 2357 981 2446 decis.
1023 2358 1132 2456 962,
1174 2358 1326 2456 6.-17,
1369 2375 1407 2445 et
1442 2353 1569 2446 decis.
1608 2357 1746 2457 1316,

259 2517 301 2568 6.
330 2483 405 2570 ts:
445 2481 548 2602 quia
569 2481 765 2570 secundo
800 2482 890 2600 ipsa
910 2483 1045 2571 veluti
1068 2477 1565 2600 iuriumparocbialium
1589 2481 1750 2571 iaesiva

260 2622 487 2724 tamquam
527 2605 688 2692 abusos
725 2621 769 2692 et
806 2604 1057 2722 corruptela
1090 2603 1243 2692 haberi
1283 2603 1443 2710 debet,
1481 2604 1543 2692 uti
1582 2603 1743 2722 passim

260 2727 477 2831 6666116.
500 2728 555 2816 Ο.
578 2728 688 2816 11661
709 2747 913 2844 ageretur
933 2727 990 2814 de
1022 2726 1373 2848 quadragenaria
1392 2730 1460 2816 vet
1493 2725 1743 2816 centenaria

261 2849 578 2939 consuetudine
600 2880 679 2940 ceu
716 2850 864 2940 videre
897 2868 960 2939 est
993 2850 1038 2938 16
1070 2851 1224 2938 Borea.
1243 2850 1402 2939 larium
1423 2849 1746 2939 Puroclrinlium

263 2976 324 3063 28
354 2974 539 3089 depasti
573 2975 710 3078 t756,
748 2973 917 3061 Nullius
953 2971 1169 3061 Subloccn.
1205 2972 1370 3060 larium
1403 2971 1650 3062 Poroclriol.
1687 2971 1748 3060 29

258 3098 450 3238 ionuorr'i
467 3095 1069 3240 18266166666616616636
1092 3097 1186 3183 lacni
1190 3099 1205 3182 i
1221 3093 1386 3306 1877ῗ
1411 3097 1553 3214 Urqet,
1567 3095 1747 3186 Oritano

259 3219 418 3306 lurtum
454 3218 772 3307 Poroclnolrurn
805 3219 1101 3336 2286116616.
1138 3220 1257 3309 1877
1291 3219 1320 3343 S
1376 3251 1577 3308 noossum.

379 3341 662 3432 Descendens
696 3343 751 3432 ad
785 3343 1026 3432 secundum
1060 3341 1250 3432 dubium
1285 3357 1404 3432 tenet
1437 3341 1627 3433 Antistes
1659 3345 1745 3435 Oe·

262 3494 493 3554 conomarn
516 3466 751 3556 succedere
784 3465 827 3554 in
863 3465 955 3554 iura
978 3483 1021 3554 et
1040 3466 1404 3585 praeeminentias
1426 3466 1601 3586 parochi
1620 3498 1745 3586 prae·

262 3588 466 3693 defuncti,
504 3588 672 3708 quippe
694 3589 768 3710 qui
816 3589 939 3679 etde
962 3589 1057 3677 iure
1094 3587 1441 3679 iurisdictionem
1477 3588 1742 3678 ordinariam

265 3711 410 3816 babet,
462 3731 507 3803 et
538 3742 690 3800 curam
742 3711 937 3831 aliasque
991 3709 1235 3802 functiones
1288 3711 1562 3803 Parocbiales
1595 3741 1747 3800 omnes

265 3851 435 3924 exercet
468 3837 602 3924 instar
634 3835 810 3924 Parocbi
843 3836 968 3924 cuius
999 3835 1115 3925 vices
1141 3836 1268 3953 gerit,
1306 3853 1351 3926 et
1384 3834 1451 3925 661
1484 3832 1745 3924 substitutus

265 3973 325 4044 est
358 3959 399 4046 in
434 3991 538 4048 cura
572 3973 615 4049 et
642 3955 795 4047 661616.
818 3961 1007 4046 Pronum
1043 3973 1189 4047 autern
1226 3975 1387 4079 prostat
1423 3961 1465 4047 in
1501 3957 1595 4047 iure
1628 3957 1748 4076 prin·

263 4080 438 4200 cipium,
470 4081 587 4202 qaod
621 4079 882 4170 substitutus
914 4079 972 4170 de
1006 4083 1099 4170 iure
1133 4082 1326 4171 succedit
1358 4084 1404 4172 in
1438 4081 1578 4170 locum
1614 4082 1744 4186 ittius,

264 4205 328 4291 661
368 4203 632 4324 subrogatus
663 4218 744 4309 est,
783 4203 824 4290 in
858 4203 1102 4294 commodis
1135 4235 1278 4323 aeque
1310 4239 1358 4296 ac
1393 4205 1435 4294 16
1455 4203 1745 4296 incommodis

262 4325 309 4414 b.
332 4358 403 4413 an.
428 4359 465 4416 6.
484 4331 547 4415 D'e
578 4323 699 4450 Offic.
725 4327 769 4417 V
768 4327 876 4414 icor.
897 4328 1147 4446 eodemque
1171 4327 1265 4416 iure
1289 4359 1338 4418 ae
1360 4327 1587 4448 privilegio
1611 4327 1749 4417 utitur

264 4449 365 4538 11616
398 4449 632 4539 66616252
653 4479 768 4538 num.
789 4451 835 4537 7.
859 4450 1023 4566 port.5
1045 4467 1216 4549 recent„
1237 4451 1434 4540 Grotinn.
1460 4451 1630 4566 Discep.
1655 4451 1748 4540 298

266 4573 560 4664 66616661
596 4573 728 4693 igitur
758 4573 1034 4664 Oeconomus
1066 4573 1110 4662 in
1147 4573 1240 4661 iura
1274 4591 1316 4662 et
1351 4573 1632 4692 pertinentias
1666 4573 1742 4661 Pa·

266 4695 378 4784 rocbi
410 4697 629 4798 succedat,
667 4695 773 4816 fingi
821 4695 972 4816 nequit
1004 4695 1227 4816 quomodo
1276 4696 1421 4788 eidem
1454 4693 1745 4814 relinquenda

263 4817 344 4906 sint
398 4835 569 4908 tanturn
610 4849 773 4925 onera,
825 4834 957 4939 atque
1006 4851 1030 4908 e
1079 4849 1289 4910 converso
1324 4821 1418 4909 iura
1455 4831 1499 4906 et
1532 4817 1749 4937 praeemi-

266 4939 439 5030 nentiae
471 4942 871 5034 Communistarum
894 4942 1243 5034 hebdomadario
1267 4943 1534 5033 tribuantur:
1560 4939 1744 5034 minime

264 5063 377 5152 enim
398 5066 555 5156 rationi
588 5066 787 5186 congruit
813 5081 860 5153 nt
883 5066 993 5156 alter
1024 5067 1227 5158 succedat
1261 5066 1302 5154 in
1337 5097 1484 5168 onera,
1506 5064 1616 5153 aiter
1639 5061 1745 5156 r'ero

263 5187 548 5277 substituatur
581 5189 624 5277 in
649 5189 832 5278 bonore.
858 5187 926 5278 Nil
949 5187 1111 5278 mirum
1152 5188 1337 5308 proinde
1372 5190 1406 5276 si
1448 5187 1491 5276 in
1527 5185 1746 5280 consimili

262 5311 528 5426 quaestione,
547 5314 609 5402 uti
634 5313 677 5400 in
700 5311 844 5430 speeie
866 5311 1010 5416 retuli,
1038 5309 1327 5402 Ecclesiastica
1359 5309 1489 5402 Curia
1522 5309 1621 5402 licet
1652 5308 1746 5400 siue

264 5429 410 5522 iudicii
431 5437 616 5554 strepitu
639 5434 837 5526 eamdem
861 5431 1102 5525 Oeconomi
1121 5432 1270 5523 lavore
1290 5433 1485 5527 diremit.
1651 5523 1653 5528 .

383 5559 484 5647 Post
516 5560 623 5649 baec
654 5589 811 5680 parum
834 5555 1159 5648 immorandum
1182 5587 1338 5650 censeo
1372 5558 1415 5646 in
1442 5554 1739 5654 tertiodubio..

262 5679 422 5772 Scitum
454 5683 573 5771 crim
610 5682 652 5770 in
688 5681 782 5772 iure
814 5697 893 5786 est,
929 5679 1054 5803 quod.
1083 5681 1127 5772 in
1150 5680 1399 5804 huiusmodi
1433 5679 1738 5776 controversiis
