4446 6330
518 327 579 416 42
977 323 1059 410 Dic
1090 323 1149 410 25
1183 321 1379 410 Ianuarii
1413 320 1550 410 l879.

514 447 727 573 (maxima
761 443 880 534 enim
916 445 1239 534 existimatione
1277 461 1320 544 et
1353 441 1635 533 observantia
1660 441 1876 557 eumdem
1911 471 2014 560 pro·

514 571 636 690 sequi
666 567 963 690 congaudeo),
1001 567 1079 657 sed
1114 585 1160 658 ut
1194 567 1475 658 manifestum
1510 565 1603 668 liat,
1640 556 1758 683 quod
1805 564 2013 682 protela-

514 695 575 786 tio
609 723 761 782 causae
796 723 881 778 non
917 690 992 780 alii
1028 691 1208 810 quidem
1233 760 1243 795 ‚
1266 721 1397 810 quam
1434 689 1591 780 Curiae
1624 705 1667 774 et
1705 688 1910 776 Partium
1945 686 2019 777 de-

516 816 692 906 sertioni
727 814 967 904 tribuenda
1000 831 1079 904 est.
1117 817 1241 902 Nunc
1274 830 1421 902 autem
1447 813 1619 902 veniam
1640 811 1695 900 ad
1720 809 2014 898 intrinsecum

515 970 670 1032 causae
704 938 928 1026 meritum.

639 1063 684 1148 6.
725 1059 1085 1180 Disquisitionem
1120 1089 1222 1148 vere
1257 1057 1541 1176 praecipuam
1566 1055 2011 1146 inconsummationis

517 1183 801 1286 matrimonii,
840 1181 1117 1300 potissimum
1156 1215 1205 1270 ac
1241 1182 1372 1300 plene
1395 1180 1546 1270 corilici
1579 1181 1622 1268 in
1659 1179 1890 1268 baccausa
1915 1211 2015 1294 per·

518 1307 719 1430 egregius
753 1304 986 1398 Canonista
1020 1306 1241 1394 existimat
1278 1334 1331 1392 ex
1375 1303 1727 1422 depositionibus
1778 1303 2015 1390 nonnullo·

515 1465 615 1522 rum
651 1429 952 1546 testiumqui,
993 1458 1077 1516 non
1113 1429 1192 1516 hoe
1226 1425 1408 1530 inficior,
1433 1425 1630 1514 unanimi
1655 1455 1760 1513 voce
1793 1421 2017 1514 affirmant

520 1554 640 1676 quod
657 1554 800 1670 sponsi
827 1553 995 1638 nonnisi
1004 1567 1082 1668 per
1104 1567 1346 1638 trementum
1367 1581 1533 1638 moram
1571 1549 1801 1636 traxissent
1835 1547 1911 1634 snb
1946 1581 2011 1634 eo-

424 1773 427 1780 ,
518 1679 611 1768 dem
644 1691 761 1776 tecto,
791 1675 858 1762 vel
895 1675 938 1758 in
961 1673 1099 1761 eodem
1122 1673 1326 1762 crebicnlo.
1353 1672 1599 1792 Theologus
1622 1687 1768 1760 autem
1790 1672 2017 1787 quaestio-

518 1833 620 1892 nem
672 1799 830 1915 ipsam,
884 1811 979 1883 utut
1027 1797 1329 1898 cardinalem,
1382 1795 1458 1883 vix
1508 1794 1738 1914 praelibat.
1804 1796 1894 1881 Res
1933 1810 2012 1900 est,

518 1957 597 2013 ceu
632 1921 806 2022 videtis,
846 1921 1258 2012 EllllNENTlSSlllll
1293 1919 1367 2008 AC
1402 1918 1877 2010 REVERENDlSSlMl
1925 1919 2017 2002 Pn-

517 2048 677 2148 TRES,
719 2042 901 2130 maximi
937 2041 1165 2150 momenti,
1203 2039 1425 2132 audienda
1458 2041 1621 2131 idcirco
1655 2057 1721 2128 est
1751 2040 1821 2126 vel
1859 2039 1905 2126 in
1928 2039 2018 2156 pri-

519 2171 602 2260 mis
636 2165 768 2256 tbcsis
802 2197 826 2254 a
860 2166 1097 2256 Canonista
1141 2180 1435 2284 propugnata.
1481 2206 1496 2242 ι
1536 2169 1648 2253 Tota
1697 2163 1936 2281 quaestio,
1974 2162 2018 2268 in

529 2336 545 2372 a
583 2324 672 2411 qua
705 2320 819 2377 nune
851 2318 1093 2392 versamur,
1132 2289 1402 2379 enucleanda
1430 2304 1512 2393 est,
1535 2284 1909 2406 atqueprobandn
1940 2317 2019 2401 per

525 2459 543 2498 ι
583 2430 713 2514 testes,
751 2410 1008 2528 etquidem
1045 2411 1132 2503 lide
1168 2413 1341 2532 dignos,
1379 2413 1458 2531 qui
1492 2411 1737 2530 deponunt,
1765 2409 1890 2528 quod
1915 2441 2017 2496 con-

527 2585 542 2618 ·
583 2540 712 2654 inpos,
750 2551 971 2624 contracto
1007 2535 1305 2642 matrimonio,
1345 2567 1553 2654 nunqnam
1589 2565 1672 2622 nno
1704 2532 1833 2619 simul
1870 2533 1917 2620 in
1950 2563 2015 2618 eo-

526 2701 561 2740 i*
585 2660 674 2748 dem
711 2658 797 2746 loco
830 2660 1109 2764 convenerint,
1148 2678 1229 2747 aut
1256 2663 1412 2762 saltem
1446 2659 1567 2778 quod
1601 2687 1747 2746 coram
1782 2654 1883 2743 aliis
1917 2685 2015 2772 per-

519 2829 542 2862 -ι
582 2782 696 2874 sonis
724 2809 900 2898 semper
930 2785 1293 2896 permanserint,
1349 2783 1482 2900 iisque
1528 2777 1765 2868 ridentibus
1808 2811 1850 2866 sc
1899 2809 2015 2894 sepa-

528 2951 544 2986 «
584 2905 789 3008 renarint,
828 2933 907 2992 nec
943 2934 1152 3022 umquam
1187 2909 1270 2996 sub
1304 2905 1461 2998 eodem
1499 2921 1611 2994 tecto
1645 2902 2012 3006 cohabitaveriut3

528 3074 543 3110 a
584 3061 658 3118 seu
699 3025 871 3116 etiamsi
905 3028 950 3114 in
983 3027 1171 3118 cirbiculo
1208 3029 1388 3150 ingressi
1423 3027 1602 3128 luerint,
1651 3025 1811 3144 apertis
1851 3023 2013 3126 ianuis,
2093 3139 2107 3151 ς

528 3193 545 3230 ι
589 3151 742 3268 ibique
775 3150 944 3238 nonnisi
974 3182 1053 3267 per
1089 3172 1331 3244 uramentum
1380 3185 1539 3240 moram
1583 3149 1840 3240 truserint»
1885 3147 2010 3266 (Vol.

523 3275 741 3362 Cononisl.
781 3272 826 3393 S.
855 3271 952 3394 42).
1010 3366 1013 3372 ,

647 3399 692 3485 7.
730 3396 874 3484 Probe
907 3397 1089 3514 quidem
1125 3398 1438 3488 animadvertit
1471 3398 1789 3488 oculatissimus
1823 3391 2015 3484 Consul·-

440 3583 443 3601 ,
515 3539 604 3624 tor,
642 3538 879 3638 utrumque
912 3521 1143 3640 coniugem
1179 3521 1390 3642 persimili
1425 3522 1647 3612 desiderio
1681 3518 2017 3609 dissolutionem

521 3643 793 3740 matrimonii
833 3642 1062 3732 obtinendi
1098 3645 1154 3735 ad
1189 3647 1658 3735 inconsummationem
1711 3641 2017 3733 affirmandam

524 3767 668 3886 adigi3
706 3768 829 3856 unde
862 3765 1067 3856 lacillime
1101 3769 1152 3856 de
1184 3769 1374 3856 condicto
1415 3767 1736 3887 depositionem
1782 3765 1917 3854 etiam
1952 3765 2014 3854 iu·

522 3907 659 3978 ratam
697 3892 980 4006 interponere
1013 3892 1256 4008 potuissent
1289 3891 1346 3981 de
1380 3891 1535 3982 eadem
1567 3889 2011 3986 inconsummatioue,

522 4011 706 4132 quaesi
742 4011 854 4100 sorte
888 4012 1226 4127 probationibus
1242 4014 1664 4104 concludentissimis
1697 4032 1808 4104 esset
1834 4011 2017 4102 destitu-

527 4152 584 4240 ta,
624 4134 921 4252 insuperabile
955 4138 1011 4228 ad
1040 4138 1412 4256 dispensationem
1440 4139 1796 4256 consequendam
1820 4132 2015 4224 offende-

523 4274 592 4348 ret
625 4257 668 4344 iu
703 4258 995 4348 obstaculum.
1034 4265 1123 4350 lloc
1159 4291 1294 4350 unum
1344 4263 1476 4380 igitur
1521 4261 1754 4382 dillugium
1790 4277 2013 4378 praestare

522 4379 736 4499 persensit
770 4381 827 4470 ad
849 4383 1285 4480 inconsummationis
1309 4381 2011 4482 fundamentumadstruendum,

522 4503 666 4608 idest,
707 4519 752 4590 ut
791 4504 884 4624 ipse
930 4506 1101 4598 disserit
1156 4549 1173 4588 r
1233 4526 1318 4598 tota
1366 4511 1548 4627 quaestio
1592 4507 1845 4598 enucleando
1895 4523 2014 4622 atque

517 4627 742 4744 probanda
769 4645 997 4744 narrantes
1025 4671 1064 4732 ι,
1082 4633 1201 4754 quod
1236 4661 1477 4751 numquam
1499 4633 1582 4721 sub
1616 4631 1774 4722 eodem
1811 4645 1922 4720 tecto
1945 4657 2014 4716 co·

522 4751 818 4840 hahitaverint
849 4753 1013 4872 sponsi;
1043 4779 1127 4843 ‘seu
1161 4753 1331 4844 etiamsi
1355 4756 1398 4841 in
1422 4755 1608 4844 cubiculo
1643 4753 1822 4876 ingressi
1841 4751 2005 4842 luerint

523 4875 686 4993 apertis
721 4875 879 4978 ianuis,
915 4877 1068 4964 -ibi-
1091 4918 1107 4955 α
1131 4879 1300 4965 nonnisi
1329 4909 1408 4995 per
1440 4893 1684 4968 momentum
1727 4909 1886 4967 moram
1919 4891 2006 4962 tro·

520 4999 668 5088 -ncrint
708 5039 748 5086 ι.
2131 5008 2133 5012 ’

647 5124 691 5211 8.
731 5123 819 5212 Nec
844 5121 950 5212 alibi
988 5155 1066 5242 pro
1100 5124 1161 5214 rei
1198 5123 1382 5214 veritate
1416 5125 1610 5216 converti
1652 5140 1852 5243 poterant
1874 5118 2006 5213 animi

515 5242 652 5348 -vires,
680 5262 726 5332 ut
748 5245 931 5336 earnalis
975 5248 1407 5338 inconsummationis
1438 5249 1719 5338 evinceretur
1742 5263 2002 5364 assumptus.

519 5365 766 5458 Deficiente
799 5401 994 5490 namque
1026 5371 1262 5491 corporalis
1296 5371 1575 5490 inspectionis
1604 5371 1890 5476 adminiculo,
1929 5399 2005 5456 non

522 5490 665 5624 statim
699 5493 917 5610 coninpnm
949 5497 1171 5584 assertioni
1204 5495 1261 5586 de
1282 5525 1372 5585 non
1404 5497 1782 5586 consummatione
1808 5494 1938 5612 plena
1955 5489 2004 5614 fi·
