4350 6326
501 269 593 358 530
939 253 1020 340 Die
1051 251 1112 339 26
1144 252 1381 340 Decembris
1416 253 1551 342 1879.

500 393 643 490 ιιίιιιιῑ,
683 383 872 504 paritate
908 377 1084 468 calionis
1117 375 1176 464 de
1210 375 1327 466 hisce
1371 376 1539 466 salariis
1574 374 1691 464 idem
1728 374 1916 464 videtur
1946 382 2000 469 di-

502 513 709 606 cendum.
772 503 887 594 lllud
937 517 1087 590 aulem
1141 501 1277 590 lradil
1327 501 1506 616 llipoati
1549 501 1596 586 in
1640 531 1731 615 rep.
1798 501 1841 586 l.
1896 502 2000 592 Con.

502 637 596 726 cell.
639 634 683 757 3.
712 635 757 721 8.
801 661 843 715 n.
877 626 1024 714 122-
1062 623 1125 712 ibi
1162 663 1234 705 -.ι
1262 624 1305 712 in
1344 627 1530 714 materia
1564 622 1715 710 odiosa
1723 689 1824 709 .....
1864 630 2001 742 pensio

508 803 525 842 ι
568 789 652 846 nnn
688 754 808 845 vonit
843 751 1023 839 nomine
1056 745 1265 834 beneficii
1286 781 1322 851 ·;
1357 749 1528 866 hocque
1562 745 1777 834 obfirmat
1814 763 1860 834 el
1895 766 1999 843 leuel

504 883 722 974 recilalus-
747 891 896 966 auclor
931 875 973 959 in
1011 903 1102 984 rep.
1130 872 1188 958 45
1222 871 1250 993 3
1284 873 1328 959 2.
1367 904 1408 958 ιι.
1449 871 1556 968 726,
1595 871 1789 984 Fopnon.
1833 872 1875 958 in
1912 907 1993 989 cop.

506 1005 581 1096 Ad
605 1003 880 1092 Audienliom
902 999 949 1086 2.
971 995 1022 1084 cle
1046 995 1256 1112 Rescripl.
1284 1029 1326 1082 n.
1347 997 1408 1084 98
1434 1027 1537 1112 serp,
1560 995 1689 1111 Gipos
1712 994 1780 1081 Dc
1805 995 1992 1088 Peneion.

507 1144 661 1250 qccoesl.
689 1129 764 1215 52.
791 1155 871 1240 per
906 1138 1001 1218 tol„
1030 1117 1205 1208 Borbos.
1235 1121 1295 1208 De
1317 1115 1426 1242 offic.
1453 1135 1491 1206 ct
1516 1135 1609 1235 pol.
1631 1119 1845 1234 Episcopi
1879 1121 1995 1238 ollcp.

508 1257 585 1343 62.
624 1287 667 1341 ιι.
705 1254 749 1340 7.

633 1375 813 1492 Oplimo
835 1367 1025 1460 subinde
1048 1367 1146 1455 iure
1167 1365 1391 1456 concludit
1417 1368 1648 1483 Fagnanos
1674 1366 1753 1451 loc.
1771 1371 1848 1457 cil.
1864 1370 1997 1458 ollii

513 1545 529 1582 ι
570 1500 830 1619 pensionem
868 1491 1131 1580 lrcrnslercns
1181 1506 1255 1577 aul.
1289 1490 1513 1579 redimens
1564 1521 1643 1606 pro
1693 1494 1886 1612 pecunia
1918 1495 1996 1582 siue

515 1667 532 1702 ι
575 1622 831 1712 auctoritate
854 1616 1044 1706 Romani
1092 1613 1315 1702 Poulilicis
1354 1613 1557 1730 quamvis
1592 1619 1847 1704 commillal
1879 1617 1995 1705 simo-

515 1785 532 1826 ·
575 1747 743 1834 uiacam
767 1741 1058 1862 pravilalem;
1089 1758 1233 1827 lamen
1270 1768 1359 1826 non
1390 1737 1543 1826 incidil
1577 1736 1626 1824 iu'
1656 1742 1997 1829 excommunica·

436 1934 439 1942 .
515 1910 532 1948 ι
574 1872 737 1959 lionam
774 1870 904 1955 lalam
931 1865 973 1950 in
1018 1863 1325 1978 lloclroooponl,
1365 1860 1540 1948 secundo
1588 1859 1642 1948 de‘
1679 1863 1876 1952 Sr'cnonio
1906 1865 1994 1982 quia

518 2037 533 2070 ι
575 1992 638 2080 ibi
674 2023 760 2081 non
783 1987 1219 2080 excommunicantur
1243 1983 1324 2092 nisi
1347 1985 1583 2073 Simoniaci
1608 1985 1651 2074 in
1675 1989 1837 2076 ordine
1859 2004 1901 2075 el
1930 1990 1994 2076 be·

515 2157 532 2194 c
575 2113 1006 2205 caeliciosecundum
1043 2125 1264 2226 receptam
1313 2109 1578 2196 senlenliam
1612 2110 1668 2197 de
1702 2143 1794 2228 qua
1829 2127 1990 2199 leslalur

374 2249 381 2264 '
519 2281 533 2318 ι
575 2243 758 2330 Navarr.
787 2237 889 2325 cicc.
916 2268 1026 2324 cons.
1054 2234 1113 2320 65
1130 2266 1171 2320 ιι.
1197 2235 1210 2318 1
1248 2265 1351 2320 cors.
1373 2229 1547 2320 sccunclo
1566 2233 1678 2350 quod
1695 2235 1789 2322 dici
1805 2233 1989 2350 possildc

523 2405 536 2442 ι
578 2364 785 2452 Simonias
828 2401 845 2441 ιι
949 2377 969 2392 ²

635 2488 765 2599 Quod
787 2485 820 2574 si
845 2486 951 2574 haec
974 2473 1174 2602 generice
1210 2479 1516 2568 animadversa
1539 2481 1641 2584 sint,
1669 2481 1874 2600 specifice
1905 2511 1992 2568 vero

358 2604 365 2617 '
510 2609 659 2730 quoad
693 2609 829 2698 officia
867 2607 1086 2696 manualia
1119 2635 1195 2692 seu
1229 2603 1284 2690 ad
1332 2621 1488 2690 nulum
1523 2607 1785 2696 amovibilia
1819 2602 1995 2693 animad-

355 2821 358 2826 ,
513 2737 621 2820 verli
655 2733 790 2822 debet
814 2737 904 2850 ipsa
932 2735 1124 2828 maxime
1148 2728 1189 2814 in
1216 2725 1377 2815 odiosis
1412 2727 1616 2817 beneficii
1653 2733 1834 2820 nomine
1868 2729 1991 2818 venire

514 2888 601 2947 non
634 2889 777 2976 posse.
816 2857 1039 2946 Audialur
1071 2883 1178 2942 senc
1212 2852 1403 2966 Fopnon.
1433 2851 1512 2940 loc.
1539 2855 1612 2942 cil.
1641 2888 1682 2942 n.
1705 2855 1798 2944 lla
1831 2910 1859 2925 -
1890 2854 1993 2960 ibi÷

520 3023 537 3062 ι
577 2980 793 3068 beneficia
829 2980 1049 3068 manualia
1109 3006 1211 3063 vere
1245 2990 1288 3058 el
1324 2975 1506 3092 proprie
1539 3007 1628 3066 rron
1665 2997 1766 3068 sunt
1800 2976 1991 3068 beneficia

458 3176 461 3182 .
521 3146 537 3184 ι
583 3119 630 3190 ul
664 3121 814 3194 lenenl
849 3104 1036 3223 Slaphil.
1061 3100 1110 3186 cle
1146 3099 1299 3186 littoris
1333 3101 1498 3214 prolioe
1531 3134 1640 3189 nocio
1663 3103 1808 3225 forma
1831 3115 1990 3218 eocpeclc·

523 3272 538 3308 ι
581 3228 710 3316 liuor.
749 3257 802 3314 ιι.Ι
829 3229 889 3316 29
924 3227 1137 3316 Gambar.
1177 3219 1357 3345 cleoffic.
1383 3222 1788 3338 oplionlrrcbr.
1814 3229 1830 3312 l
1860 3261 1898 3312 n.
1923 3225 1991 3310 l...
2115 3329 2116 3336 Ν

521 3392 537 3429 ι
580 3354 777 3438 Duaren.
805 3350 851 3440 in
887 3367 1009 3438 leccl.
1049 3348 1098 3436 do
1132 3345 1265 3466 bones.
1306 3345 1380 3432 lib.
1417 3350 1447 3435 2
1480 3381 1575 3464 cop.
1614 3353 1641 3438 -l
1685 3353 1759 3440 ubi
1798 3352 1856 3440 ail
1895 3349 1994 3434 Prio-
2115 3337 2117 3404 l

524 3518 540 3554 ι
579 3490 698 3564 relus
731 3475 984 3564 claustrales
1019 3469 1248 3560 heneliciis
1274 3501 1358 3556 non
1385 3480 1686 3580 annumerari,
1726 3467 1832 3594 quia
1867 3499 1991 3590 perpe·

401 3625 412 3644 ⁵
523 3639 538 3678 ι
582 3598 643 3686 lui
681 3630 767 3686 non
803 3617 986 3688 suna...
1041 3599 1200 3686 Navae.
1239 3625 1350 3680 cons.
1388 3597 1416 3684 5
1460 3595 1510 3685 de
1548 3601 1695 3716 procl.
1749 3617 1795 3689 el
1845 3593 1989 3684 conell

527 3763 542 3799 ι
583 3755 625 3808 ιι.
665 3725 690 3808 7
726 3722 776 3810 cle
810 3726 1019 3839 inrepolr.
1058 3720 1208 3809 diceus
1227 3719 1526 3836 Capellaniam
1551 3723 1612 3811 sic
1635 3724 1868 3813 lundalam
1886 3717 1990 3804 eliam

521 3883 538 3920 ι
579 3846 844 3935 uullrorilale
878 3845 1080 3964 Episcopi
1117 3873 1202 3928 non
1230 3873 1323 3929 esse
1346 3843 1614 3936 beneficium
1625 3915 1721 3938 .....
1749 3863 1792 3934 el
1829 3837 1988 3932 conscii

528 4007 545 4046 ι
586 3966 636 4054 cle
664 3968 812 4082 procl.
852 3971 910 4059 ait
943 3966 1244 4084 Capellaniam
1297 3965 1498 4060 desinere
1543 4001 1638 4060 esse
1671 3971 1929 4062 beneficium
1966 3958 1992 4045 si

524 4131 541 4170 ι
582 4121 634 4178 ex
670 4109 883 4209 perpetua
917 4093 991 4196 fial
1026 4091 1080 4182 ad
1115 4107 1274 4178 nulum
1310 4093 1564 4184 amoribilis
1604 4139 1642 4185 ι.

645 4216 693 4300 1ιι
729 4218 900 4333 perdita
951 4215 1085 4336 igilur
1123 4215 1355 4332 hypothesi
1397 4218 1515 4332 quod
1555 4221 1714 4310 salaria
1749 4253 1772 4307 a
1806 4205 2001 4338 gubernio

519 4339 751 4427 constitura
787 4373 865 4457 pro
900 4337 1199 4431 ecclesiasticis
1236 4337 1425 4427 officium
1461 4343 1753 4432 inamovibile
1786 4329 1994 4430 exercenti·

519 4459 604 4550 bus
639 4461 696 4549 ila
729 4463 956 4556 beneficiis
1005 4462 1302 4580 comparanda
1345 4483 1462 4572 sunl,
1502 4483 1548 4555 ιιι
1583 4470 1624 4556 in
1661 4499 1757 4556 eam
1791 4456 1991 4552 simoniam

520 4585 845 4677 commillcnles
859 4586 1358 4680 excommunicationem
1393 4591 1716 4697 incurranl,de
1748 4577 2010 4698 manualibus!

522 4707 672 4817 officiis
708 4711 826 4802 idem
862 4715 1048 4804 minime
1081 4728 1194 4801 esset
1229 4709 1560 4804 affirmandum.
1588 4718 1708 4804 lricel
1731 4716 1846 4803 enim
1878 4699 1991 4824 quod·

522 4832 587 4922 vis
621 4835 960 4926 ecclesiasticum
985 4836 1176 4926 ollicium
1201 4835 1256 4925 sil
1279 4839 1464 4928 malonia
1497 4841 1711 4929 simoniae
1745 4833 1885 4957 quoad
1914 4855 1989 4945 pec·

522 4974 668 5046 calum
704 4991 790 5048 uon
825 4979 974 5050 lamen
1008 4961 1154 5080 quoad
1189 4992 1352 5080 poenas
1386 4964 1494 5052 iuris
1530 4981 1578 5051 ul
1611 4965 1741 5060 docel
1777 4955 1932 5078 Upolin.
1955 4944 1992 5033 cle

520 5079 713 5170 Simonic
745 5117 838 5201 cop.
877 5087 937 5174 48
972 5086 1015 5208 3
1054 5087 1100 5172 7.

648 5207 719 5296 Ad
738 5239 832 5296 rem
854 5209 1044 5298 maxime
1066 5207 1230 5298 laciunl
1245 5241 1360 5333 quae
1378 5211 1513 5300 habel
1530 5207 1911 5328 Schinalzgrueber
1926 5188 1993 5284 t.V

447 5403 452 5412 .
517 5345 639 5446 porc.
677 5331 800 5419 llil.
838 5335 866 5421 3
899 5366 1013 5422 num.
1050 5331 1159 5423 265.
1201 5374 1219 5414 ι
1260 5335 1449 5425 Nomine
1481 5333 1689 5423 beneficii
1724 5329 1865 5452 quoad
1896 5326 1982 5410 hanc

528 5491 545 5531 ι
587 5447 1113 5578 (ccccommnnicalioncm)
1153 5475 1197 5546 el
1229 5475 1461 5580 sequentes
1509 5489 1673 5578 poenas
1708 5455 1978 5572 intelliguntur
