4460 6332
683 306 767 408 Die
796 307 858 396 23
891 298 1076 420 Anapusti
1112 305 1246 395 1879.
1613 309 1706 400 405

344 433 498 551 Neque
530 433 678 525 turbat
712 430 832 554 quod
882 428 925 514 in
970 429 1134 543 apoclra
1180 431 1347 546 privata
1383 431 1569 548 legatur:
1611 471 1629 513 ι
1668 435 1703 524 ll

223 591 241 630 ‹
281 551 710 674 Sr‘gnortrancesco
744 551 923 642 llerloni
962 569 1179 667 prometto
1211 583 1236 638 e
1269 554 1303 640 si
1322 554 1502 671 obbliga
1528 555 1573 644 di
1598 555 1707 645 rim·

223 713 241 756 c
279 676 460 766 borsare
492 709 517 768 e
549 711 710 799 pagare
743 676 784 764 al
817 673 1025 762 suddetto
1058 677 1215 792 Signor
1246 675 1437 766 Antonio
1471 677 1656 766 Casadoi
1690 679 1705 768 i

222 838 240 878 ι
278 797 401 886 lrutti
435 799 550 890 della
582 818 676 892 rata
711 815 834 920 parte
867 797 911 884 di
946 796 1067 883 scudi
1102 801 1194 886 720
1226 796 1296 884 del
1321 797 1527 887 sudcletto
1560 801 1703 890 credi·

221 960 239 1000 ι
279 938 321 1008 to
356 923 454 1040 ogni
489 926 715 1042 qualvolta
747 923 825 1010 che
860 949 1075 1028 vcrranno
1108 921 1233 1009 esatti
1273 917 1345 1008 dal
1380 922 1580 1012 Clricrico
1603 925 1704 1014 Col-

220 1082 238 1122 «
276 1041 305 1130 li
346 1085 386 1131 ι.
423 1048 702 1138 'l'ralatitium
743 1041 859 1148 enim
890 1042 933 1127 iu
961 1043 1054 1128 iure
1081 1060 1144 1132 est
1177 1042 1297 1164 quod
1332 1074 1398 1130 res
1434 1046 1548 1131 inter
1588 1048 1698 1136 alios

214 1179 336 1267 acta,
376 1167 553 1258 tertium
589 1201 675 1258 non
721 1165 891 1270 alliciat,
930 1165 980 1252 L.
1018 1163 1084 1251 Dc
1118 1165 1699 1288 unoquoqueff.1)creiu-

214 1283 346 1376 dicot.
395 1289 502 1378 llotn
547 1294 591 1378 in
640 1291 905 1410 Fulpinaten.
958 1287 1218 1376 Danaorum
1253 1291 1281 1377 3
1317 1285 1418 1378 Iulii
1462 1289 1583 1377 1815
1623 1324 1701 1379 co·
1750 1297 1754 1307 “

212 1440 304 1496 rom
353 1410 549 1500 Caesarei
592 1415 644 1503 de
685 1411 903 1504 Leonibus.
945 1412 1060 1524 Quin
1111 1412 1201 1499 imo
1250 1442 1302 1501 ex
1355 1411 1545 1500 recitatis
1594 1443 1701 1500 ver-

209 1529 280 1622 bis
311 1533 420 1620 sacri
455 1536 711 1626 Patrimonii
746 1536 997 1625 constitutio
1034 1533 1358 1622 firmamentum
1400 1533 1569 1651 accipit.
1609 1537 1699 1622 Ex-

212 1653 432 1772 ploratum
480 1655 700 1776 siquidem
748 1673 814 1748 est
861 1659 1035 1746 recitata
1076 1657 1213 1746 verba
1258 1655 1572 1745 relevationem
1619 1687 1698 1744 so-

212 1806 336 1864 nare.
372 1780 505 1896 Atqui
546 1783 796 1900 principalis
832 1779 1040 1898 obligatio
1088 1781 1138 1868 sit
1183 1796 1371 1898 oportet,
1406 1778 1477 1867 cui
1521 1779 1699 1869 releva-

212 1898 273 1986 tio
302 1897 521 2006 addatur3
560 1935 704 2022 neque
737 1903 855 1993 enirn
891 1902 986 1991 sine
1021 1901 1249 2020 principali
1289 1933 1366 1990 suo
1400 1899 1692 1990 accessorium

209 2049 304 2108 esse
339 2040 497 2138 potest,
526 2057 669 2147 neque
691 2028 785 2116 sine
807 2056 876 2128 eo,
903 2025 1023 2142 quod
1047 2023 1246 2112 firmetur
1277 2023 1520 2140 concipitur
1542 2021 1695 2111 sirma-

209 2161 426 2234 meutum.
471 2151 582 2236 Cum
628 2151 761 2267 igitur
800 2147 1015 2237 Antonios
1046 2147 1228 2238 Casadei
1258 2163 1480 2263 acceptam
1517 2143 1694 2233 habue-

205 2264 264 2352 rit
297 2265 609 2360 relevationem
633 2305 658 2359 a
682 2273 864 2362 llerloni
901 2272 1157 2388 promissam
1195 2300 1273 2388 pro
1307 2269 1566 2356 [ructibusa
1600 2269 1694 2358 Col·

206 2386 265 2474 lio
283 2389 525 2508 exigendis,
550 2395 696 2482 iamin
719 2395 950 2514 propatulo
978 2411 1040 2481 est
1062 2390 1313 2514 patrimonii
1336 2387 1693 2478 constitutionem

207 2509 413 2600 omnibus
447 2517 640 2608 numeris
672 2518 917 2606 absolutam
951 2515 1098 2610 luisse.

325 2635 449 2724 lnnni
482 2669 630 2728 rursus
662 2639 814 2730 labore
836 2638 1118 2728 contenditur
1142 2635 1392 2754 patrimonii
1415 2632 1689 2724 constitutio-

202 2784 304 2844 nem
347 2757 509 2849 nullam
558 2791 653 2852 esse
707 2761 1043 2852 existimandam
1088 2761 1147 2847 ob
1201 2759 1529 2847 solemnitatum
1567 2753 1691 2844 dele·

197 2873 513 2998 laetum-quae
546 2884 602 2974 ad
627 2885 820 2976 tramites
843 2887 989 3004 legum
1013 2881 1290 3001 synodalium
1317 2875 1588 2969 intercedere
1610 2877 1691 2968 de·

195 2996 384 3116 hebent.
421 3005 569 3094 Primo
602 3007 721 3096 enim
745 3007 855 3096 lranc
889 3005 1135 3095 nullitatem
1169 3035 1256 3093 nun
1291 3003 1473 3094 cuilibet
1496 3032 1550 3089 ex
1573 3031 1689 3088 cou-

197 3121 477 3214 trahentibus
513 3127 707 3218 obiicere
739 3129 854 3230 licet,
900 3127 976 3218 sed
1008 3127 1339 3218 ille'dumtaxat
1379 3125 1500 3214 cuius
1535 3121 1687 3212 lavore

191 3241 499 3340 solemnitates
531 3249 735 3341 inductae
767 3251 958 3356 luerunt,
976 3249 1033 3339 de
1055 3251 1315 3340 earumdem
1340 3247 1534 3351 delectu,
1561 3245 1689 3336 etde

199 3367 401 3459 nullitate
462 3391 709 3464 contractus
768 3375 970 3492 excipere
1016 3373 1169 3477 valet,
1226 3373 1417 3482 Tenzon„
1457 3367 1515 3456 ecl
1572 3369 1685 3459 Stat.

200 3487 303 3578 Urt.
339 3523 435 3610 cap.
471 3496 532 3584 15
564 3528 677 3586 num.
720 3497 797 3602 51,
833 3498 939 3588 Rota
983 3497 1030 3584 in
1053 3497 1215 3586 decent.
1243 3494 1371 3583 cleris.
1397 3491 1489 3581 595
1506 3488 1685 3580 numi)

184 3627 316 3729 part.
359 3617 437 3706 13.
486 3622 597 3709 Cum
631 3619 763 3740 igitur
793 3617 1088 3710 solemnitates
1121 3617 1326 3708 inductae
1359 3617 1478 3707 haud
1513 3613 1679 3704 luerint

192 3735 378 3840 Gasadei
425 3739 576 3831 lavore
618 3745 904 3862 consequitur
935 3742 1055 3862 quod
1082 3743 1142 3832 ob
1187 3743 1360 3830 illarum
1395 3735 1681 3828 omissionem

197 3859 401 3978 excipere
433 3863 554 3954 lraud
588 3865 704 3955 valet
736 3867 942 3956 delensor
974 3865 1254 3956 baereditatis
1276 3865 1333 3954 de
1368 3860 1570 3950 nullitate
1604 3891 1683 3980 pa·

194 3981 409 4073 trimouii.
446 3989 664 4106 Deinceps
698 3990 830 4078 etiarn
864 3987 986 4108 quia,
1024 4005 1279 4078 auctorante
1312 3987 1422 4074 Ειῑιο
1445 3983 1683 4074 Ordinatio
1818 4076 1820 4085 ,

193 4101 331 4208 Orlei,
353 4137 376 4192 a
400 4107 623 4200 solemniis
647 4129 861 4202 'recessum
880 4112 975 4212 luit,
992 4109 1231 4200 affirmante
1248 4109 1503 4201 Gnillelmo:
1526 4147 1544 4186 ι
1567 4108 1685 4219 Quo·

203 4261 221 4300 ·
261 4224 337 4340 gli,
385 4225 415 4314 il
453 4237 586 4348 quale
619 4233 710 4324 lece
733 4235 1024 4324 l'istrumento
1056 4233 1102 4322 lu
1124 4234 1153 4322 il
1188 4233 1279 4351 stg.
1307 4231 1430 4350 tulgi
1454 4227 1575 4317 Ferri
1600 4231 1687 4318 No·

204 4385 232 4441 ex
262 4359 355 4434 tare
388 4379 414 4438 e
445 4353 712 4446 Cancellicre
755 4357 872 4446 della
920 4358 1049 4448 Curia
1095 4356 1319 4446 Vesoovile
1351 4355 1397 4445 dr
1436 4353 1623 4456 Cesena,
1659 4379 1686 4439 e

201 4507 220 4547 r
257 4497 400 4560 venne
441 4478 721 4594 aquest'atto
750 4511 829 4598 prr
851 4509 1047 4598 espresso
1072 4480 1282 4568 mandato
1305 4477 1376 4567 dcl
1393 4477 1586 4566 Vesoovo
1602 4475 1686 4564 Ce-

198 4629 218 4670 «
256 4610 405 4700 senato
436 4597 568 4690 Card
607 4601 743 4706 0rlei,
787 4602 817 4692 il
858 4603 989 4722 quale
1027 4601 1094 4692 col
1127 4603 1233 4692 latto
1265 4601 1529 4718 dispensare
1562 4593 1679 4684 dalle

200 4752 218 4792 ι
255 4711 473 4808 lormalitai
507 4722 658 4814 volute
704 4725 777 4816 dal
824 4725 1023 4832 Sinodo,
1060 4757 1085 4814 e
1120 4741 1298 4815 trovava
1354 4736 1465 4811 tutto
1507 4718 1550 4808 in
1603 4749 1682 4806 re-

198 4872 218 4914 «
257 4836 356 4977 gela
390 4870 417 4930 a
450 4843 540 4932 mio
587 4848 796 4966 riguardo
828 4847 1193 4938 ammettendomi
1236 4847 1321 4938 alla
1353 4874 1473 4934 sacra
1505 4840 1683 4932 ordina·

200 4997 219 5038 ι
257 4989 444 5052 arone».

315 5083 405 5174 Nee
422 5087 607 5180 validius
628 5089 782 5180 dolum
806 5111 940 5214 atque
958 5092 1175 5184 lraudem
1201 5093 1244 5181 in
1267 5089 1578 5181 constitutione
1603 5119 1679 5206 pa·

198 5201 393 5294 trimouii
425 5213 567 5329 arguit
598 5213 872 5323 adversarius
908 5217 1042 5308 Scotti
1075 5247 1131 5305 ex
1162 5247 1215 5305 eo
1248 5213 1369 5334 quod
1415 5209 1680 5304 Gnillelmus

193 5355 218 5416 a
253 5329 443 5442 peteuda
476 5337 660 5451 pecunia
682 5367 775 5427 sese
796 5337 1073 5427 abstinuerit.
1095 5339 1295 5429 Creditur
1318 5337 1435 5426 enim
1460 5335 1527 5423 ius
1548 5363 1677 5423 suum
1737 5453 1739 5456 Ι
1809 5424 1810 5437 Ν

191 5447 362 5540 salvum
395 5484 489 5545 esse
520 5455 672 5563 sciens
709 5459 880 5550 silendo
914 5477 1107 5550 autnon
1158 5461 1352 5580 petendo
1386 5458 1555 5548 nullum
1589 5455 1677 5545 sibi

192 5573 516 5690 praeiudicium
550 5580 713 5688 inlert,
750 5583 857 5672 lloto
905 5583 952 5672 iu
982 5580 1191 5673 Albunea.
1236 5583 1435 5673 Detinet
1468 5578 1679 5704 [ructatum
