4516 6318
456 323 549 412 130
757 303 761 314 ’
903 319 988 408 Dic
1020 321 1078 408 l5
1111 317 1337 410 Februarii
1369 319 1509 409 1879.

455 446 563 537 art.l
576 445 747 534 30-139
763 441 928 534 sancita
942 461 1061 548 sunt,
1074 443 1182 533 baec
1200 441 1358 532 eadem
1378 440 1717 562 Congregationi
1735 441 1949 560 S.losepb

457 570 723 660 tribuantur.
761 570 878 656 lnter
908 567 991 655 ista
1024 597 1155 686 porro
1183 567 1525 657 babeturetiam
1543 564 1664 686 quod
1686 565 1956 684 Capelianus

290 695 300 714 '
457 723 535 784 seu
556 693 852 782 confessarius
885 689 1042 780 eadem
1090 707 1306 809 potestate
1355 692 1458 780 item
1497 687 1714 812 spirituali
1749 691 1948 806 polleat,

458 847 547 938 qua
582 815 674 934 ipse
700 816 916 904 Parocbus
948 813 994 901 in
1012 845 1091 902 sua
1116 813 1320 933 paroecia
1342 815 1491 932 pollet3
1516 812 1759 933 itaqoippe
1783 813 1825 900 in
1865 831 1950 904 art.

459 940 551 1030 139
569 937 742 1057 legitur:
763 937 922 1056 «Negli
941 936 1094 1055 ospizii
1108 938 1163 1028 ed
1196 937 1294 1026 altri
1312 937 1601 1027 stabilimenti
1624 936 1907 1028 d'istruzione
1930 969 1955 1028 e

464 1103 482 1144 ι
521 1061 567 1152 di
612 1062 745 1151 carita
777 1061 1040 1180 provveduti
1079 1061 1124 1150 di
1166 1092 1222 1150 un
1262 1061 1534 1180 cappellano
1576 1089 1657 1150 con
1700 1059 1822 1148 titolo
1855 1089 1953 1179 spe·

465 1227 482 1266 ι
522 1185 647 1291 ciale,
684 1187 826 1304 questi
861 1184 1043 1274 esercita
1092 1185 1132 1271 le
1178 1202 1312 1274 stesso
1362 1182 1677 1285 attribuzioni,
1715 1182 1771 1271 ed
1806 1183 1859 1272 ba
1892 1183 1953 1304 gli

365 1345 369 1354 ·
465 1350 482 1388 ι
523 1309 644 1398 stessi
679 1309 820 1427 poteri
859 1307 1140 1396 nell’interno
1173 1305 1290 1398 dello
1313 1307 1613 1397 stabilimento
1641 1305 1955 1396 relativamen·

465 1471 482 1510 ι
524 1449 565 1520 te
600 1432 684 1520 alle
723 1431 915 1520 lunziani
952 1445 1216 1550 puramente
1248 1431 1462 1550 spirituali
1496 1431 1575 1520 che
1611 1433 1621 1519 i
1660 1428 1812 1520 Cureti
1846 1430 1904 1520 ed
1939 1432 1953 1520 i

465 1597 482 1636 ι
522 1553 618 1644 suoi
652 1553 820 1644 addetti
857 1585 936 1676 per
959 1571 1169 1674 rapporto
1192 1554 1278 1644 alle
1311 1555 1405 1643 loro
1429 1552 1699 1673 parroechia.
1726 1553 1896 1666 »Quod
1916 1553 1953 1642 si

463 1678 579 1767 inter
612 1679 919 1768 attributiones
951 1695 994 1767 et
1027 1676 1163 1768 officia
1197 1709 1312 1797 quae
1345 1678 1402 1767 ad
1440 1678 1680 1768 Parachum
1714 1692 1949 1794 spectant,

462 1799 576 1890 illud
608 1801 742 1890 etiam
778 1800 1114 1907 adnumeratur,
1141 1802 1257 1920 quod
1282 1801 1453 1890 delerre
1476 1801 1640 1890 debeat
1662 1799 1954 1920 parochianos

463 1924 520 2014 ad
539 1923 742 2014 ultimam
760 1925 1039 2016 dormitionis
1055 1925 1257 2028 domum,
1280 1941 1345 2014 est
1363 1957 1504 2042 perse
1528 1923 1953 2042 manil'estum,qaod

463 2047 586 2137 idem
620 2045 809 2137 alliciam
845 2049 982 2136 relate
1004 2048 1061 2138 ad
1101 2049 1340 2168 Religiosas
1372 2049 1645 2139 Conlessario
1680 2077 1856 2168 quoqne
1890 2062 1955 2136 est

351 2183 356 2194 '
468 2171 634 2290 optime
667 2171 761 2259 iure
787 2171 1143 2261 diiudicandum.
1800 2243 1804 2250 .

587 2295 704 2406 Quin
742 2294 878 2382 ullum
915 2296 1182 2412 praesidium
1217 2295 1363 2413 capiat
1395 2295 1611 2384 Parachns
1646 2293 1953 2384 excreatione

464 2416 630 2537 publici
664 2418 933 2522 coemeterii,
971 2417 1027 2507 ad
1060 2419 1183 2540 quod
1215 2419 1431 2508 cadavera
1476 2417 1749 2520 deferuntur,
1787 2429 1833 2504 nt
1864 2416 1951 2505 ali-

465 2540 586 2660 quod
620 2541 703 2630 sibi
738 2541 804 2629 ins
838 2543 880 2629 in
917 2541 1109 2631 themate
1142 2573 1248 2661 prae
1271 2541 1543 2633 Conlessario
1565 2541 1949 2632 addicerevaleat.

462 2667 575 2756 Cum
602 2682 755 2752 notum
794 2665 836 2752 in
872 2665 965 2756 iure
981 2664 1051 2769 sit,
1071 2666 1191 2786 quod
1211 2665 1430 2757 erectione
1448 2666 1812 2753 coemeteriorum
1836 2663 1954 2752 locus
2030 2757 2033 2764 ,

461 2786 716 2907 sepulturae
749 2803 917 2876 tantum
955 2791 1236 2880 materialiter
1269 2804 1463 2877 mutatus
1495 2805 1582 2895 est,
1623 2819 1709 2876 non
1746 2818 1848 2875 vero
1885 2787 1952 2875 ius

461 2910 726 3030 sepeliendi,
751 2913 870 3029 quod
905 2912 1122 3032 integrum
1142 2913 1350 3002 mansisse
1366 2911 1534 3002 censuit
1551 2912 1597 3002 S.
1620 2913 1669 3002 C.
1693 2910 1736 2996 in
1773 2907 1951 2997 Dertlro·

461 3066 558 3123 aea.
581 3035 638 3122 1-1
662 3033 837 3151 Aprilis
852 3037 989 3141 1821,
1016 3037 1273 3126 Forolioiea.
1290 3037 1496 3124 Funerum
1509 3037 1571 3124 26
1583 3034 1779 3123 Ianuarii
1805 3035 1943 3138 1833,

467 3159 730 3274 Syracusana
762 3159 968 3248 Funerum
1001 3161 1063 3249 21
1092 3161 1320 3249 Februarii
1353 3159 1474 3254 1872
1519 3158 1563 3247 in
1600 3189 1688 3279 qua
1727 3159 1953 3277 proposito

464 3280 605 3370 dubio
625 3325 658 3358 =
680 3283 750 3370 Aa
782 3299 821 3370 et
852 3283 909 3371 ad
941 3317 1057 3402 quem
1084 3288 1269 3401 pertinet
1301 3285 1522 3372 associatio
1544 3281 1760 3370 cadaueris
1792 3279 1956 3370 Sancti·

464 3404 713 3492 monialium
738 3407 781 3492 ia
804 3439 900 3494 casa
916 3439 1214 3526 -responsum
1248 3407 1328 3497 luit
1343 3457 1371 3472 -
1387 3403 1657 3532 Affirmatire
1672 3405 1819 3524 favore
1842 3404 1951 3491 Goa-

465 3525 639 3648 sessarii
654 3562 671 3630 ;
722 3527 945 3619 dummodo
977 3532 1157 3620 cadaver
1191 3531 1409 3653 deseratur
1441 3561 1529 3618 cam
1563 3530 1671 3618 stola
1704 3545 1743 3616 et
1783 3529 1948 3624 Graec,

464 3649 537 3738 sed
575 3650 723 3771 absque
747 3682 908 3771 pompa
939 3672 977 3743 et
1009 3671 1118 3745 recto
1152 3657 1320 3745 tramite
1352 3653 1410 3742 ad
1441 3655 1755 3743 Goemeterium.
1792 3695 1823 3727 =

589 3777 650 3863 Ex
682 3775 890 3867 hactenus
921 3775 1154 3896 disputatis
1188 3809 1329 3896 prono
1362 3779 1487 3867 alveo
1510 3778 1649 3866 llnere
1671 3773 1817 3865 subdit
1839 3775 1953 3866 Gon·

464 3895 665 3987 lessarius
697 3902 1088 4020 Congregationem
1145 3901 1400 3993 lllonialium
1441 3904 1487 3993 S.
1525 3900 1679 4018 loseph
1729 3899 1788 3986 ab
1831 3896 1954 3987 omni

463 4051 599 4109 onero
621 4021 888 4138 stipendium
914 4041 959 4113 et
981 4041 1184 4144 quartam
1204 4025 1468 4115 luneralium
1489 4021 1765 4143 persolvendi
1790 4021 1955 4111 immu-

462 4173 566 4232 nem
600 4157 763 4234 extare.
801 4151 865 4238 Re
897 4179 1001 4238 sane
1039 4181 1143 4240 vera
1174 4151 1318 4270 portio
1351 4152 1555 4238 canonica
1593 4149 1661 4236 vol
1694 4165 1850 4267 quarta
1886 4145 1953 4234 lu·

463 4267 699 4373 neralium,
721 4299 775 4358 ex
798 4268 904 4358 iuris
925 4275 1380 4376 communiscensura,
1398 4270 1497 4364 ideo
1518 4272 1709 4362 Paraclio
1730 4270 1945 4372 debetur,
2031 4271 2036 4282 '

462 4388 581 4509 quia,
628 4423 729 4480 cnm
767 4394 983 4484 Parocbus
1015 4395 1061 4485 in
1093 4396 1451 4487 administrandis
1476 4397 1645 4485 Divinis
1675 4396 1778 4483 vivo
1822 4423 1955 4512 paro·
2106 4481 2109 4487 .

463 4514 620 4602 chiano
655 4547 764 4606 onrrs
797 4535 840 4606 et
871 4517 1072 4608 laborem
1097 4520 1328 4641 impendit,
1352 4521 1533 4640 dignum
1569 4538 1631 4609 est
1652 4535 1699 4608 nt
1721 4519 1778 4609 de
1798 4517 1954 4605 funere

464 4634 599 4776 ipsius
631 4642 772 4758 capiat
804 4642 1174 4749 emolumentum,
1201 4644 1336 4748 iuxta,
1373 4644 1491 4764 quod
1529 4659 1694 4762 prostat
1721 4644 1765 4730 in
1790 4642 1900 4758 Cap.
1927 4638 1945 4727 l

467 4758 543 4849 lrlr.
568 4761 640 4848 Ill
665 4763 816 4853 decret.
840 4769 909 4854 tit.
946 4765 1088 4858 XXV
1087 4768 1157 4855 111
1192 4765 1244 4855 de
1275 4769 1426 4884 sepult.
1450 4766 1608 4855 -ibi-
1635 4809 1652 4847 ι
1676 4766 1776 4885 quia
1798 4765 1954 4882 dianas

462 4899 522 4971 est
554 4888 774 5002 operarias
805 4889 989 4984 mercede
1009 4923 1100 4981 sao.
1129 4934 1144 4969 ι
1173 4893 1284 4983 Cum
1309 4909 1474 4999 autem,
1501 4921 1555 4980 ex
1576 4891 1717 4994 dictio,
1743 4887 1955 4980 Moniales
2106 4979 2108 4983 ,

461 5006 509 5098 8.
535 5010 691 5130 loseph
714 5043 738 5100 a
759 5013 913 5132 quavis
935 5015 1118 5104 Parocbi
1158 5013 1463 5104 iurisdictione
1499 5031 1730 5134 exemptae
1767 5013 1869 5114 sint,
1909 5022 1953 5097 et

463 5161 565 5220 cum
598 5135 743 5224 nullus
773 5135 898 5229 labor
938 5137 983 5226 in
1015 5139 1147 5228 sacris
1178 5137 1540 5229 administrandis
1584 5170 1608 5226 a
1642 5137 1834 5228 Parocbo
1870 5133 1952 5220 im·

463 5283 626 5371 pensus
652 5259 725 5363 sit,
751 5289 804 5350 eo
822 5260 942 5382 quod
959 5279 1227 5352 sacramenta
1250 5261 1398 5352 omnia
1422 5293 1446 5349 a
1468 5262 1739 5352 Conlessario
1761 5253 1951 5348 admini-

463 5379 591 5468 strari
633 5383 789 5491 solent,
818 5385 980 5478 exinde
1017 5417 1292 5507 consequens
1325 5402 1408 5491 est,
1449 5385 1573 5506 quod
1606 5415 1750 5505 neque
1782 5383 1950 5500 stipen-
