4516 6318
685 297 770 383 nr.
802 295 860 384 ts
893 297 1118 386 rotmaro
1150 299 1289 386 raro.
1385 249 1392 254 ’
1644 302 1735 392 tea

246 461 265 503 ι
301 419 586 529 Virduuensi,
623 418 709 508 sibi
743 423 1036 538 expostulavit
1078 435 1122 508 et
1144 421 1211 510 bis
1235 421 1606 538 impetravit.Ad
1630 455 1728 512 nur·

246 585 274 624 «-
304 574 424 631 mam
458 543 593 658 igitur
626 575 651 630 a
684 546 842 635 Sancta
873 546 987 635 Sede
1021 544 1270 660 Apostolica
1305 576 1385 662 pro
1407 544 1626 633 similibus
1658 579 1733 635 ca·-

246 707 264 748 ‹
302 667 423 756 sibus
455 665 788 782 praescriptam,
826 669 1075 783 sepulturae
1108 667 1317 786 praefuit,
1354 684 1398 756 et
1421 668 1477 755 ad
1511 687 1732 759 coemete-

246 831 264 870 ι
303 789 417 876 rium
452 806 570 876 recta
605 787 672 876 via
705 789 797 877 sine
830 819 993 909 pompa
1026 823 1183 907 corpus
1217 790 1418 878 deduxit.

373 953 389 987 ι
428 914 574 1024 Quam
606 911 776 1028 agendi
810 912 1041 1016 rationem,
1078 913 1156 1002 etsi
1191 947 1215 1000 a
1254 913 1455 1029 pluribus
1488 911 1731 1002 Galliarum
1854 981 1855 984 ι

246 1074 264 1114 ι
305 1033 527 1153 Episcopis
566 1035 844 1123 constitutam
894 1054 953 1140 et,
993 1050 1040 1122 ut
1089 1036 1280 1138 videtur,
1315 1036 1408 1122 iuri
1443 1034 1732 1124 ecclesiastico

248 1197 264 1234 ι
303 1176 657 1254 consentaneam,
693 1159 875 1276 quidam
910 1157 1188 1276 paroehialis.
1218 1157 1441 1274 potestatis
1475 1157 1727 1248 defensores

241 1319 263 1368 ,ι
303 1279 914 1398 impugnant,atquell1i1um
938 1281 1198 1399 Episcopum
1228 1281 1568 1382 virdunensem,
1607 1282 1732 1398 quusi

245 1441 263 1482 ι
303 1402 367 1490 ius
402 1404 649 1519 parochiale
684 1405 890 1507 laeserit,
928 1435 983 1492 ne
1017 1404 1498 1522 amplius'eonfessorio
1531 1405 1641 1490 banc
1677 1405 1726 1490 li·

248 1565 263 1604 ι
302 1527 489 1614 centiam
523 1526 668 1629 faciat,
706 1527 1012 1615 dehortantur.
1048 1531 1158 1615 Hinc
1190 1529 1246 1614 ab
1279 1527 1395 1614 Erilis
1417 1526 1729 1616 Cardinalibus

245 1687 263 1726 ε
304 1651 349 1740 S.
387 1648 570 1737 Concilii
605 1649 853 1738 Tridentini
889 1650 1217 1766 interpretibus,
1259 1665 1405 1738 orator
1438 1665 1482 1736 et
1514 1648 1730 1738 confessa·

246 1811 264 1850 ‹
305 1770 392 1859 rius
427 1771 677 1886 praedictus
710 1773 939 1860 humiliter
971 1775 1162 1890 quaerit:

262 1939 266 1950 -
368 1934 384 1970 ι
427 1892 474 1978 l⁰
507 1896 577 1982 An
615 1961 624 1981 .
666 1961 676 1982 .
719 1963 728 1982 .
768 1897 1029 1984 confessario
1076 1895 1327 1982 llfonialium
1371 1893 1728 2011 Congrcgationis

246 2058 265 2097 «
302 2019 350 2108 S.
389 2019 547 2134 loseph
583 2017 647 2106 ius
681 2035 902 2137 competat
934 2018 1165 2107 funerandi
1211 2017 1343 2106 etad
1376 2017 1605 2135 publicum
1634 2047 1729 2104 coe·

246 2183 263 2221 ι
302 2141 538 2228 meterium
572 2141 761 2231 ducendi
796 2141 1006 2232 cadavera
1039 2141 1325 2244 Monialium,
1363 2170 1477 2258 qnae
1511 2140 1553 2226 in
1594 2140 1728 2228 domo

244 2303 263 2342 «
304 2265 542 2352 novitiatus
573 2265 810 2354 decedunt.
852 2331 862 2351 .
905 2333 914 2351 .
958 2333 967 2352 .
1004 2266 1172 2382 absque
1206 2263 1399 2382 parochi¹
1428 2263 1617 2350 cuiusvis
1665 2263 1730 2348 in-

245 2426 262 2468 ·
302 2401 509 2474 terventu
551 2388 607 2476 ad
641 2419 841 2476 normam
875 2385 1153 2476 resolutionis
1187 2388 1343 2477 Sacrae
1376 2384 1573 2473 eiusdem
1615 2385 1731 2472 Cou-

249 2549 266 2587 ε
307 2511 570 2628 gregationis
602 2511 781 2600 Concilii
820 2511 865 2598 in
909 2511 1176 2627 Syracusana
1208 2511 1269 2598 24
1318 2507 1542 2596 Februarii
1579 2506 1730 2594 teta?

276 2723 279 2732 ,
369 2672 388 2711 «
427 2631 475 2720 2⁰
509 2637 579 2720 An
612 2635 694 2722 hoe
726 2634 845 2722 idem
869 2635 996 2720 statui
1034 2649 1178 2751 posset
1210 2634 1266 2722 de
1300 2631 1454 2720 funere
1478 2631 1727 2750 puellarum

246 2795 262 2834 ι
300 2771 342 2843 ct
377 2755 562 2842 aliarum
599 2787 899 2872 personarum,
939 2789 1054 2874 quae
1081 2758 1365 2846 inconvento
1402 2752 1625 2843 ordinarie
1649 2752 1725 2840 de-

243 2917 261 2956 «
300 2893 409 2996 gunt
441 2878 592 2995 ibique
625 2897 777 2998 postea
811 2881 1093 2968 moriuntur?

371 3043 388 3078 ι
429 2999 475 3088 3⁰
507 3005 577 3089 An
613 3003 759 3090 eidem
784 3003 978 3109 Parocbo
996 3003 1068 3090 ius
1102 3019 1324 3120 competat
1341 2999 1544 3116 exigendi
1563 2997 1726 3115 stipen-

247 3163 266 3202 ι
307 3123 429 3212 dium
467 3143 509 3212 et
543 3143 745 3243 quartam
781 3125 1043 3214 funeraliunt
1078 3125 1097 3212 2
1138 3167 1155 3204 ι

233 3305 236 3310 ,
363 3251 606 3365 Acceptum
623 3249 840 3353 libellum,
867 3282 944 3338 ceu
964 3249 1020 3337 de
1044 3279 1181 3352 more,
1212 3247 1425 3367 Episcopo
1453 3241 1726 3334 Virduuensi

238 3398 319 3486 pro
353 3370 664 3460 informatione
698 3391 741 3460 et
776 3389 879 3462 voto
928 3371 1146 3490 ablegari,
1188 3376 1262 3490 qui
1298 3373 1350 3456 ll.
1388 3374 1435 3462 S.
1461 3371 1511 3458 C.
1548 3397 1600 3454 ca
1638 3396 1727 3483 qua

243 3522 323 3608 par
357 3512 449 3580 erat
494 3495 722 3613 diligentia
762 3530 810 3588 ar
860 3497 1106 3585 reverentia
1150 3493 1357 3581 mandata
1391 3493 1568 3591 faciens,
1598 3519 1725 3606 quas

239 3613 343 3702 darn
378 3617 781 3709 animadversiones
814 3618 1030 3722 subdidit,
1068 3649 1177 3734 quas
1209 3646 1369 3734 operae
1404 3614 1596 3732 pretium
1629 3641 1724 3700 esse

240 3767 396 3828 censeo
445 3743 529 3828 EE.
574 3746 659 3830 PP.
699 3744 831 3831 oculis
869 3741 1102 3846 subiicere,
1131 3757 1177 3828 ut
1210 3740 1255 3825 in
1297 3736 1554 3825 ,dirimenda
1588 3764 1725 3851 qnae-

238 3860 378 3949 stione
411 3863 486 3950 lux
533 3865 674 3954 maior
716 3865 935 3984 effulgeat.
972 3863 1173 3982 Episcopi
1215 3861 1351 3952 verba
1382 3857 1605 3979 sequentis
1628 3872 1728 3950 sunt

239 3985 420 4074 tenoris:
563 3991 568 3998 ’

304 4133 309 4142 ·
368 4148 384 4186 ι
425 4111 472 4196 f⁰
507 4115 554 4198 ln
589 4113 765 4200 decreto
782 4111 1016 4228 episcopali
1040 4142 1128 4228 quo
1150 4113 1289 4198 Rriius
1311 4111 1574 4196 Antecessor
1598 4109 1721 4190 meus

245 4269 262 4308 r
298 4235 402 4320 Dl).
439 4234 683 4323 Lu'doricus
716 4239 867 4325 Rossat
900 4235 1041 4322 erexit
1064 4235 1106 4320 in
1141 4264 1217 4322 sua
1250 4231 1450 4318 Dioecesi
1473 4233 1724 4343 Congrega-

244 4393 261 4432 ι
302 4355 466 4443 tionem
501 4361 712 4448 Sororum
746 4359 893 4448 Sancti
929 4357 1115 4476 losepbi‚
1146 4352 1396 4471 specialiter
1433 4367 1476 4438 et
1522 4379 1727 4465 expresse

245 4513 262 4555 r
298 4479 539 4572 declaravit
572 4483 783 4572 reservari
807 4483 902 4570 iura
935 4480 1114 4568 Parecbi
1148 4475 1419 4568 Catlredralis
1441 4473 1657 4562 Ecclesiae
1682 4472 1726 4556 in

234 4638 259 4686 s
300 4604 577 4692 laudatarum
612 4609 823 4698 Sororum
867 4604 1077 4724 exequiis,
1106 4621 1152 4690 ut
1174 4600 1318 4688 ferunt
1352 4599 1393 4684 in
1429 4593 1608 4684 articulo
1633 4593 1724 4680 t38

242 4759 259 4798 ¹
300 4729 472 4816 Statuta
505 4730 792 4819 Dioecesana.
813 4732 969 4818 Utrum
995 4758 1098 4814 vero
1132 4724 1338 4839 deinceps
1362 4715 1722 4820 aliterstatnerit3

233 4883 261 4926 s
300 4849 514 4969 priusque
542 4853 768 4942 decretum
819 4881 947 4942 suum
980 4847 1316 4946 immutaverit,
1366 4840 1524 4931 nullibi
1557 4853 1725 4928 constat

241 5006 259 5046 ε
299 4973 463 5088 scripto
496 4977 770 5082 anthentic03
808 4993 851 5065 et
889 5005 1043 5090 reapse
1065 4977 1224 5062 Rector
1246 4968 1495 5086 parochiae,
1532 4963 1656 5051 cuius
1681 4961 1725 5047 in

241 5129 259 5170 ι
299 5095 471 5184 ambitu
503 5100 585 5188 sita
627 5116 691 5190 est
722 5099 939 5188 dictarum
961 5100 1168 5187 Sororum
1202 5091 1521 5188 Communitas,
1559 5085 1725 5173 scilicet

241 5251 258 5291 ι
297 5219 515 5333 Paroclrus
549 5222 817 5312 Catbedralis
852 5220 1079 5317 Ecclesiae,
1119 5218 1289 5304 illarum
1323 5212 1520 5330 exequiis
1552 5236 1726 5328 praees

243 5377 271 5416 ι’
300 5371 346 5428 se
378 5349 617 5452 consuevit,
656 5347 738 5436 nisi
773 5346 894 5465 qnod
926 5344 1060 5434 semel
1095 5340 1379 5441 antiterum3
1418 5333 1576 5422 eodem
1593 5335 1724 5420 Paro-

242 5495 261 5538 «
302 5463 382 5554 cbo
417 5499 503 5556 non
537 5473 872 5573 consentiente,
910 5469 999 5557 imo
1032 5481 1075 5554 et
1107 5463 1397 5554 vehementer
1439 5457 1723 5560 reclamante,
