4350 6326
542 335 635 428 reo
970 329 1049 420 ee
1079 327 1140 418 ao
1171 327 1420 446 spientis
1456 328 1594 418 rara.

540 455 689 553 remisi
725 485 802 570 pro
838 450 1147 544 informatione
1181 466 1225 542 et
1278 467 1378 542 voto
1431 466 1564 572 utque
1610 451 1791 540 referret
1837 483 2043 571 quonam
2137 522 2141 541 .

543 583 637 672 iure
671 576 813 666 adbuc
846 573 1076 666 differatur
1109 573 1307 668 executio
1340 573 1617 662 resolutionis
1649 575 1694 666 S.
1722 575 2046 692 Congregatio-

542 703 625 796 uis.
662 696 862 792 Subdiu
898 699 954 786 l7
989 697 1215 788 Februarii
1252 697 1372 786 t879
1406 693 1518 786 datis
1562 697 1803 816 praeceptis
1853 727 2046 815 respon-

540 857 638 918 sum
673 820 819 940 accepi
853 821 1153 910 Oeconomum
1187 819 1373 912 Guarini
1406 850 1490 936 ope
1523 817 1863 908 extraordinarii
1902 851 2044 936 expe·

540 945 718 1040 rimenti
755 943 865 1038 velle
899 944 1132 1032 Pareeeiae
1166 943 1261 1030 iura
1297 942 1408 1030 tueri
1443 939 1724 1059 subindeque
1758 959 2043 1030 remoratam

543 1069 673 1162 luisse
706 1067 1010 1158 executionem
1043 1065 1190 1154 editae
1224 1063 1513 1154 resolutionis.
1551 1064 1717 1152 flebitis
1749 1064 1869 1152 bisce
1891 1065 2040 1154 literis

541 1193 626 1284 sub
658 1191 732 1280 die
766 1191 783 1276 l
829 1189 966 1276 Martii
1004 1189 1125 1277 l879
1158 1215 1343 1304 sequens
1360 1185 1479 1276 edidi
1503 1187 1731 1276 decretum
1752 1185 1908 1274 Eidem
1933 1189 2044 1304 Ept-
2153 1253 2154 1272 2

541 1345 682 1430 scopo,
717 1313 787 1429 qui
833 1309 975 1398 doceat
1023 1311 1331 1429 qaromprimum
1382 1307 1432 1396 de
1475 1311 1708 1400 executione
1758 1309 2037 1398 resolutionis

542 1438 587 1526 S.
627 1433 995 1551 Conqrepotionia.
1032 1435 1143 1524 Cum
1178 1449 1325 1522 autern
1358 1433 1440 1520 sub
1490 1433 1563 1522 die
1613 1433 1672 1520 tt
1719 1431 1823 1520 dicti
1869 1435 2041 1522 mensis

544 1559 719 1648 oblatae
754 1556 862 1646 milri
895 1556 1055 1648 luerint
1088 1585 1237 1675 preces
1286 1585 1340 1642 ex
1390 1570 1515 1670 parte
1558 1555 1797 1644 Oeconomi
1842 1557 2035 1645 Guarini

543 1713 625 1800 pro
658 1709 798 1768 novae
832 1679 1079 1770 audientiae
1114 1675 1329 1766 beneficio
1363 1675 1605 1766 obtinendo
1638 1707 1771 1794 super
1803 1676 2036 1794 dirempta

543 1803 817 1924 quaestione,
854 1831 998 1919 neque
1021 1802 1078 1892 de
1100 1799 1354 1890 executione
1388 1799 1660 1888 resolutionis
1692 1800 1738 1888 S.
1775 1803 1830 1888 V.
1857 1801 1914 1888 Ο.
1958 1802 2035 1890 do-

543 1944 635 2018 etus
670 1923 826 2018 luerim
877 1923 1034 2014 oblatis
1079 1923 1282 2040 precibus
1315 1923 1512 2040 rescripsi
1544 1923 1756 2010 Ducentur
1788 1921 1839 2010 de
1870 1955 2030 2010 menr-

545 2051 655 2140 tione
688 2045 952 2134 resolutionis
983 2045 1029 2136 S.
1067 2046 1117 2136 C.
1155 2063 1192 2132 et
1219 2060 1365 2162 postea
1392 2045 1709 2162 providebitur.

670 2169 753 2258 Die
785 2171 847 2258 §tt
881 2168 1078 2258 eiusdem
1122 2168 1282 2256 mensis
1329 2167 1469 2256 Martii
1510 2169 1660 2256 literae
1695 2166 1751 2256 ad
1785 2195 1857 2254 me
1900 2167 2034 2258 datae

544 2307 643 2384 suut
662 2322 715 2380 ex
733 2309 858 2410 parte
887 2290 1085 2408 Episcopi
1109 2289 1331 2408 inquibus
1354 2293 1605 2408 exponebat
1627 2289 1840 2406 accepisse
1857 2291 1917 2380 ab
1940 2293 2034 2380 Oe-

544 2443 732 2506 conomo
759 2418 918 2506 Curato
942 2411 1061 2532 quod
1096 2413 1182 2501 iam
1217 2414 1437 2504 obtulerat
1474 2415 1519 2504 S.
1541 2416 1592 2504 C.
1626 2412 1824 2502 libellum
1849 2445 1931 2531 pro
1956 2445 2032 2502 no·

2152 2049 2154 2128 l

545 2569 627 2628 vae
671 2535 904 2628 auditionis
942 2533 1190 2636 beneficio,
1237 2575 1253 2613 ‹
1295 2567 1319 2622 e
1362 2536 1441 2624 elre
1485 2532 1630 2652 persib
1684 2565 1730 2622 se
1782 2567 1837 2623 ne
1884 2553 2028 2624 atten·
2153 2565 2154 2568 ‘

550 2702 567 2740 ι
608 2658 719 2748 deva
768 2658 795 2748 il
843 2659 1080 2777 giudicato.
1137 2658 1309 2774 Eperd
1356 2690 1404 2744 ne
1453 2657 1489 2746 le
1543 2656 1672 2744 rende
1716 2663 1935 2775 partecipe
1986 2662 2026 2744 in

553 2827 568 2862 ·
610 2781 820 2870 discurieo
863 2815 883 2868 e
931 2780 1265 2901 qiustifirozione
1308 2781 1396 2866 mio
1434 2825 1449 2858 ι
1503 2780 1698 2870 subdens
1725 2783 2025 2872 Oeconomum

544 2903 905 3028 protestationem
937 2902 1130 2996 emisisse
1158 2944 1175 2982 ι
1205 2934 1318 2990 arne
1341 2934 1364 2992 e
1389 2933 1469 3021 per
1501 2934 1644 2991 mezzo
1678 2907 1766 2992 mio
1790 2905 1873 2992 alla
1895 2922 2024 2992 stessa

550 3069 566 3104 c
608 3028 737 3118 Sacra
770 3025 1123 3144 Congregazione
1159 3043 1310 3116 contro
1344 3026 1598 3146 qualunque
1631 3039 1721 3112 atto
1759 3026 1932 3116 adibito
1966 3027 2021 3112 le·

550 3191 567 3228 ι
608 3149 699 3240 sivo
741 3148 810 3241 de'
830 3149 925 3238 suoi
964 3147 1102 3238 diritti
1143 3148 1465 3252 Parroeclriuli‚
1508 3181 1533 3238 e
1570 3148 1648 3240 elre
1683 3148 1710 3236 il
1743 3149 1941 3266 Capitolo
1973 3150 2024 3235 ha

553 3315 569 3350 e
609 3287 782 3388 esposto
826 3271 857 3364 il
890 3270 998 3364 lalso
1036 3271 1118 3360 alla
1152 3270 1392 3360 medesima
1434 3271 1807 3390 congregazione,
1850 3271 1905 3360 ed
1939 3271 2019 3389 egli

551 3435 568 3472 ι
607 3395 631 3482 ὸ
665 3410 821 3512 pronto
860 3427 887 3485 a
919 3415 1187 3512 presentare,
1226 3393 1468 3486 essendone
1486 3393 1705 3498 riebiesto,
1734 3393 2021 3484 idoeumenti
2150 3413 2151 3502 ᾗ

553 3559 567 3596 ι
607 3517 688 3608 ebe
708 3515 964 3610 dimostrino
1007 3517 1362 3609 evidentemente
1398 3519 1453 3606 tal
1487 3515 1624 3606 lelsitir
1653 3555 1692 3604 ι.
1719 3517 1848 3610 Haud
1870 3519 2022 3606 obseu-
2152 3534 2153 3567 ¹

548 3671 594 3730 re
629 3670 683 3729 ox
705 3638 865 3732 habitis
884 3640 1020 3730 literis
1043 3638 1314 3758 deprehendi
1336 3639 1477 3732 atum
1495 3641 1807 3730 resolutionem
1831 3641 1941 3730 S.V.
1962 3640 2011 3726 0.

546 3777 810 3879 exequutam
829 3793 913 3853 neu
935 3763 1078 3864 luisse;
1097 3793 1235 3880 quare
1252 3763 1335 3850 sub
1351 3763 1425 3852 die
1442 3762 1494 3852 3t
1519 3761 1661 3854 Martii
1681 3763 1900 3878 rescripsi:
1931 3803 1949 3840 ι
1974 3761 2024 3846 ln

546 3883 721 3974 decretis
753 3884 826 3972 sub
863 3884 932 3974 die
971 3887 985 3970 l
1039 3885 1191 3972 Martii
1230 3882 1402 3974 ludentis
1420 3920 1436 3986 ;
1472 3885 1597 4002 idque
1645 3884 1883 4006 notificetur
1914 3885 2025 4000 Epi·
2152 3905 2153 3942 l

547 4035 669 4121 scopo
696 4046 733 4092 ι.
771 4009 949 4098 Factum
983 4025 1132 4096 autem
1164 4007 1351 4096 ostendit
1374 4039 1526 4125 reapse
1549 4007 1609 4096 ita
1643 4037 1711 4096 res
1743 4037 1837 4096 sese
1861 4008 2020 4098 habere

547 4127 912 4246 quandoquidem
946 4129 1019 4218 die
1043 4131 1101 4217 l2
1119 4129 1218 4219 lllaii
1238 4129 1359 4220 t879
1382 4130 1600 4220 referebat
1617 4131 1866 4247 Capitulum
1886 4130 2024 4220 adhue

547 4250 723 4348 (leriam
741 4251 968 4343 Oritanam
983 4251 1196 4341 detisnon
1216 4254 1523 4372 obtemperare
1536 4254 1793 4372 praeceptis,
1814 4281 1915 4342 nam
1936 4294 1952 4330 ι
1970 4284 2025 4338 se

550 4374 592 4462 lo
608 4407 634 4460 o
653 4371 841 4462 ludibrio
859 4373 1149 4464 dell'entoritd
1169 4379 1384 4492 superiore
1403 4375 1471 4464 uel
1492 4379 1643 4492 piorno
1659 4378 1720 4463 24
1735 4374 1894 4492 Aprile
1909 4405 1961 4490 p.
1976 4405 2022 4490 p.
2151 4448 2152 4492 ,

547 4497 693 4617 [orceo
726 4513 858 4584 tenere
888 4497 933 4589 ol
966 4497 1162 4614 Cupitolo
1211 4531 1267 4586 un
1315 4499 1477 4588 decreto
1514 4498 1781 4586 esecutoriole
1817 4517 2023 4586 nroncunte
2151 4559 2152 4575 .

550 4617 598 4706 di
637 4618 779 4739 firrrro,
817 4619 865 4708 di
902 4619 1070 4720 timbre,
1111 4657 1131 4709 e
1173 4619 1243 4710 del
1279 4655 1449 4711 numero
1480 4620 1529 4708 di
1566 4621 1805 4738 protocollo
1849 4663 1889 4708 ι.
1933 4623 2024 4734 Qua

548 4741 604 4832 de
658 4771 710 4830 re,
760 4743 952 4860 graviter
997 4759 1175 4862 questus
1226 4743 1291 4836 lui
1344 4745 1457 4840 datis
1503 4745 1657 4839 eudem
1693 4743 1766 4834 die
1814 4745 2022 4864 Episcopo
2151 4731 2152 4755 Ν

548 4863 703 4968 literis,
738 4865 901 4983 quibus
934 4865 1070 4964 etiarn
1100 4867 1268 4960 iniunxi
1303 4884 1348 4956 ut
1381 4883 1775 4986 praememoratam
1801 4867 2022 4959 resolutio-

551 5017 654 5082 nem
689 4988 857 5108 absque
889 5018 1012 5077 mora
1045 4990 1289 5080 executioni
1321 4989 1628 5082 domarmaret.

676 5115 922 5228 Antequam
951 5127 1098 5201 autem
1138 5113 1257 5230 ipsae
1281 5111 1462 5202 luissent
1490 5113 1698 5232 Episcopo
1731 5113 1955 5202 exhibitae
1974 5109 2026 5198 ad
2150 5151 2151 5155 Ν

549 5237 628 5329 me'
644 5235 848 5349 pervenit
865 5265 919 5328 ex
935 5254 1060 5355 parte
1092 5235 1309 5326 Praesulis
1330 5235 1484 5326 notitia
1503 5235 1613 5326 datis
1628 5237 1763 5326 litoris
1780 5235 1870 5325 diei
1889 5236 1949 5322 l8
1966 5235 2024 5320 lu·

549 5355 610 5450 nii
646 5355 765 5454 t879
810 5355 866 5447 de
918 5359 1180 5456 executione
1220 5358 1403 5462 desuetas
1452 5357 1638 5473 acceptis
1669 5359 1861 5450 subinde
1908 5355 2024 5446 novis

544 5479 961 5614 pre'eibusexpa1·te
977 5483 1215 5612 Oeconorui
1228 5481 1407 5572 Guariui
1420 5481 1682 5572 heneficium
1696 5513 1836 5574 novae
1850 5479 2022 5572 audieu-
