4558 6340
733 380 818 470 Die
847 382 901 474 2l
939 383 1057 474 lunii
1089 385 1229 478 l879.
1496 397 1498 404 '
1632 387 1748 482 aut

233 510 306 612 sit,
348 508 441 598 sive
467 535 603 626 penes
652 505 796 622 ipsum
840 508 1116 602 Canopicum
1162 507 1562 605 administratorem
1613 509 1730 608 haud

234 632 444 722 investita
481 628 763 720 remanserit„
792 627 836 720 Si
876 631 1074 746 primum
1111 663 1180 724 res
1212 631 1326 722 adeo
1369 632 1520 752 patula
1552 647 1634 736 est,
1692 649 1745 732 ut

237 755 292 846 ad
325 749 423 844 cam
456 750 745 842 evincendam
794 751 996 866 pluribus
1051 753 1113 842 uti
1166 755 1436 870 argumentis
1474 785 1747 872 supervere-x

237 907 374 968 neum
416 905 591 992 prorsus
621 903 715 962 esse
747 872 966 977 videatur,
1014 905 1114 966 cum
1159 875 1422 969 tralatitium¹
1458 879 1500 964 in
1537 879 1635 976 iura
1680 880 1745 974 sit.

236 997 508 1114 Locupleturi
539 996 737 1084 acerinam
769 994 914 1086 dehere
944 1029 1035 1092 cum
1059 998 1241 1090 ¹ulterius
1277 1000 1442 1088 iniuria
1482 1000 1548 1088 uel
1581 1003 1765 1100 iactura.

239 1155 297 1214 ear
334 1123 435 1238 Req.
475 1121 534 1211 48
582 1118 694 1208 luris
742 1119 787 1206 in
835 1121 882 1207 6.
917 1119 1268 1214 cuicoucordat
1310 1122 1449 1212 altera
1483 1155 1534 1212 ee
1562 1124 1613 1210 h.
1648 1124 1741 1212 iure

238 1261 414 1334 naturae
446 1245 539 1334 206
569 1241 620 1362 ff.
658 1239 709 1331 de
741 1241 843 1358 liep.
869 1243 960 1332 lur.
988 1244 1140 1332 hausta
1177 1293 1207 1310 -
1243 1242 1307 1332 ibi
1339 1285 1412 1324 -«
1448 1244 1547 1333 lure
1567 1259 1745 1350 nutrrrua

240 1399 411 1484 aequum
445 1383 502 1455 cst
534 1366 733 1454 nerninem
766 1395 856 1453 cunr
885 1365 1063 1459 ulterius
1097 1365 1342 1454 detrimento
1375 1383 1413 1455 ct
1444 1367 1609 1456 iniuria
1639 1368 1737 1488 fiere·

243 1487 602 1604 locupletiorem».
624 1487 668 1580 Si
705 1488 808 1574 vero
843 1487 1100 1592 secundum,
1122 1489 1240 1578 idem
1269 1489 1433 1583 redibit
1459 1520 1603 1583 sermo
1632 1521 1735 1587 cum

242 1642 382 1702 canon
417 1611 521 1700 iuris
554 1610 608 1700 sit
639 1609 886 1728 quemlibet
919 1611 1202 1700 mandantem
1238 1610 1294 1700 de
1340 1612 1634 1728 procuratoris
1667 1613 1740 1710 vel

242 1732 506 1828 mandatarii
540 1732 652 1822 lacto
686 1762 789 1834 ase
821 1733 1046 1822 constituti
1080 1751 1308 1852 tamquam
1330 1733 1386 1824 de
1409 1730 1592 1852 proprio
1625 1735 1739 1824 obli·

170 1853 179 1868 '
241 1874 394 1976 gotum
429 1856 585 1946 teneri.
611 1855 726 1944 Sane
759 1854 864 1944 iuris
898 1855 1072 1946 axioma
1121 1874 1201 1960 est,
1238 1855 1359 1975 quod
1405 1857 1479 1973 qui
1525 1857 1634 1976 lucit
1662 1889 1742 1973 por

243 1979 395 2076 olium,
432 1995 490 2066 cst
516 1977 698 2094 peranda
729 2007 778 2062 uc
808 1977 847 2064 si
876 1975 1011 2099 faciut
1053 1979 1340 2096 perseipsum
1378 2011 1430 2066 cac
1461 1980 1561 2096 llcp.
1598 1981 1657 2068 72
1691 1980 1743 2071 cla

163 2177 166 2182 .
242 2103 344 2217 llcq.
371 2100 465 2188 lur.
487 2107 533 2186 in
567 2101 612 2188 6.
645 2102 755 2190 Cum
789 2101 940 2218 itaque
973 2095 1225 2221 Capitulum
1258 2131 1337 2219 pro
1386 2100 1515 2190 bonis
1553 2103 1744 2192 Canoni-

245 2241 366 2313 catns
399 2223 598 2340 Magnoni
634 2221 991 2312 administrandis
1023 2224 1226 2343 selegerit
1256 2224 1526 2315 Canonicum
1576 2224 1743 2314 lllumi-

244 2346 351 2449 uati;
378 2361 533 2464 sponte
566 2374 644 2434 sua
676 2345 893 2464 seqnitur,
921 2345 1063 2464 ipsum
1087 2346 1337 2463 Capitulum
1363 2346 1420 2436 de
1443 2345 1641 2436 eiusdem
1663 2347 1745 2438 Ca·

244 2467 390 2557 nonici
423 2467 794 2560 administratoris
834 2468 1005 2560 actibus
1053 2469 1322 2586 respondere
1367 2497 1596 2558 necessum
1628 2499 1741 2564 esse.

243 2591 425 2680 Factum
458 2588 626 2708 quippe
657 2591 727 2680 rel
761 2590 1027 2707 negligentia
1060 2591 1323 2680 mandatarii
1360 2591 1405 2678 in
1439 2588 1585 2706 ipsum
1623 2621 1744 2680 man·

245 2711 426 2802 dantem
467 2711 661 2802 recidere
694 2712 845 2816 debet,
872 2731 1087 2831 quatenus
1110 2715 1321 2806 maiorem
1346 2713 1440 2829 ipse
1462 2712 1744 2831 diligentiam

247 2867 336 2938 non
370 2835 625 2924 adhibuerit
657 2834 703 2925 in
736 2854 1017 2951 procuratore
1039 2837 1105 2928 sui
1137 2835 1332 2926 muneris
1351 2834 1503 2952 'magis
1535 2835 1742 2944 sollicito,

100 2995 110 3014 ⁴
246 2959 475 3077 magisque
498 2956 653 3045 idoneo
676 2957 760 3044 sibi
782 2958 1001 3076 eligendo.
1028 2959 1144 3072 Quin
1169 2987 1369 3076 regerere
1392 2957 1536 3044 valeat
1556 2958 1675 3075 quod
1699 2957 1746 3046 iu

247 3079 328 3172 hac
358 3079 552 3172 secunda
584 3080 814 3196 hypothesi
847 3081 1097 3176 excutiendi
1129 3095 1272 3172 essent
1305 3079 1518 3170 haeredes
1538 3077 1747 3168 Admini-

246 3203 443 3294 stratoris
476 3202 734 3290 llluminati.
784 3205 873 3295 lloc
920 3203 1140 3324 siquidem
1182 3233 1344 3295 munus
1378 3202 1436 3291 ad
1468 3203 1742 3299 Canonicum

248 3325 482 3418 Ciocchetti
517 3323 635 3412 baud
669 3324 891 3441 pertinere
925 3326 1131 3433 videtur3
1168 3325 1246 3416 sed
1280 3324 1383 3442 ipsis
1417 3323 1744 3441 capitularibus

249 3447 396 3536 uerius
428 3445 686 3536 incumbere
719 3463 836 3539 reeta
869 3448 980 3538 ratio
1013 3447 1164 3554 dictat,
1190 3477 1290 3538 cum
1325 3461 1480 3534 notum
1513 3446 1567 3534 sit
1600 3449 1743 3536 Cano·

251 3569 399 3658 nicom
432 3569 672 3658 llluminati
696 3569 752 3660 de
776 3569 909 3688 ipsius
929 3571 1121 3689 Capituli
1156 3571 1366 3662 mandato
1390 3566 1642 3660 huiusmodi
1667 3570 1747 3668 Ca·

247 3693 479 3780 donicatus
510 3691 933 3782 administrationem
965 3694 1219 3810 suscepisse.

372 3817 608 3933 Perperam
645 3815 816 3919 itidem,
839 3815 1130 3934 prosequitur,
1153 3815 1427 3932 capitulares
1449 3811 1507 3902 ad
1530 3810 1741 3930 praescri·

248 3936 447 4054 ptionem
483 3967 707 4029 recursum
741 3937 882 4026 lacere
914 3939 1137 4042 videntur,
1165 3937 1250 4026 sub
1283 3969 1359 4055 spe
1391 3934 1644 4024 huiusmodi
1676 3932 1748 4044 iu·

247 4057 364 4148 rinm
398 4059 488 4148 vim
512 4077 556 4151 et
579 4059 811 4149 efficaciam
845 4059 1341 4177 infringendi'l'antnm
1375 4058 1495 4146 enim
1529 4056 1744 4174 temporis

249 4182 439 4298 spatium
474 4181 592 4272 haud
625 4184 824 4300 elapsum
859 4199 939 4286 est,
965 4183 1085 4300 quod
1120 4183 1175 4272 ad
1209 4177 1742 4297 inducendampraescri-

249 4303 450 4419 ptionem
482 4337 508 4394 a
539 4305 668 4397 sacris
701 4306 952 4404 Canonibns
985 4305 1239 4424 requiritur.
1265 4309 1399 4394 Porro
1432 4301 1646 4418 explorati
1681 4301 1742 4390 la·

250 4424 308 4511 cti
341 4456 435 4516 esse
469 4428 645 4518 videtur
677 4429 795 4545 quod
829 4429 907 4518 etsi
941 4429 1184 4519 Canonicus
1216 4425 1450 4517 Ciocchetti
1488 4423 1563 4538 sui
1605 4423 1746 4514 Cano·

252 4545 418 4638 nicetus
448 4551 765 4669 possessionem
800 4582 915 4638 anno
950 4551 1070 4638 *1859
1104 4567 1256 4638 nactus
1289 4547 1436 4636 luerit:
1462 4543 1748 4636 administra-

252 4666 414 4758 tionem
464 4689 612 4762 tamen
655 4703 792 4791 penes
838 4673 1087 4790 Capitulum
1137 4702 1275 4790 usque
1321 4668 1379 4758 ad
1426 4697 1590 4756 annum
1626 4664 1748 4754 t865

199 4895 201 4900 ,
250 4796 540 4908 permansisse
575 4796 692 4884 haud
726 4795 1044 4915 ambigendum
1078 4825 1171 4886 esse
1204 4807 1339 4910 patet,
1360 4821 1413 4880 eo
1460 4789 1567 4908 quia
1599 4787 1747 4876 omnia

250 4913 517 5030 documenta
552 4918 665 5008 tituli
699 4935 832 5035 atque
865 4918 1040 5007 nomina
1074 4914 1329 5008 huiusmodi
1352 4913 1656 5004 canonicatum
1678 4940 1748 5004 re.-

248 5035 479 5151 spicientia
511 5073 536 5132 a
570 5040 770 5158 Capitulo
795 5069 933 5158 usque
965 5041 1021 5130 ad
1055 5041 1169 5131 huuc
1202 5065 1365 5128 annum
1389 5065 1524 5155 penes
1555 5034 1748 5150 seipsum

246 5173 417 5252 retenta
466 5177 581 5254 sunt.
643 5168 958 5254 Verumtamen
1012 5161 1118 5252 dato
1187 5161 1321 5253 etiam
1357 5177 1420 5274 ¹et
1478 5186 1568 5246 nou
1626 5186 1739 5244 con-

250 5309 370 5372 cesso
403 5287 522 5404 quod
574 5302 746 5406 tempus
779 5285 833 5380 ad
874 5284 1265 5402 praescriptionem
1319 5279 1614 5370 inducendam
1650 5276 1751 5374 ido-

245 5431 378 5497 neum
413 5408 647 5504 decursum
682 5409 827 5513 lncrit;
857 5407 1142 5496 nihilominus
1190 5403 1504 5524 Capitnlarium
1551 5398 1748 5490 conditio

245 5539 290 5616 et
321 5562 452 5624 causa
483 5533 639 5626 melior
672 5531 788 5624 haud
819 5530 985 5635 evadit;
1024 5530 1248 5648 vulgatum
1298 5526 1516 5646 siquidem
1566 5523 1613 5612 in
1648 5525 1745 5616 iure
