4446 6330
552 360 613 450 oo
1006 361 1179 450 oraro
1211 360 1408 450 ranam
1446 301 1642 450 toro.¹

546 501 642 572 rent
666 485 709 570 iu
748 482 981 601 capitolina
1016 484 1084 572 vel
1109 485 1153 572 in
1177 484 1405 602 Exquiliis.
1441 486 1554 574 Cum
1598 481 1729 600 igitur
1763 500 1883 572 tanta
1922 485 2036 578 adsit

448 669 451 676 ,
544 606 590 694 in
625 606 818 696 themate
857 606 1078 708 distantia,
1117 623 1165 696 ut
1199 638 1339 698 novae
1374 607 1603 726 paroeciae
1634 607 1901 695 erectionem
1936 639 2035 698 sua-

543 729 658 832 deat,
687 729 741 818 ad
768 731 904 846 ipsam
943 729 1273 820 deveniendum
1321 761 1415 822 esse
1462 731 1627 848 colligit
1671 761 1757 818 non
1804 749 1950 818 autem
1976 732 2034 822 ad

546 852 771 970 Capellani
807 853 1160 970 deputationem,
1198 853 1342 970 prouti
1361 854 1631 944 unanimiter
1663 855 1824 944 docent
1846 855 2035 942 Canoni—

544 994 638 1064 stae
675 980 929 1094 praesertim
965 975 1198 1092 Gnqliordi
1230 976 1369 1066 Instit.
1407 1011 1498 1066 con.
1539 976 1614 1064 tio.
1648 977 1666 1062 l
1710 979 1777 1064 n't.
1814 977 1894 1076 30,·
1929 976 2038 1064 Con·

542 1113 669 1186 stant.
692 1115 777 1186 aot.
801 1097 929 1186 decis.
952 1102 1043 1188 343
1078 1132 1188 1186 num.
1212 1099 1287 1205 l73
1318 1103 1481 1217 Ursoqo
1504 1100 1582 1187 loc.
1604 1101 1676 1186 cit.
1702 1132 1815 1186 nunt.
1836 1099 1897 1186 95
1921 1131 2031 1218 seqq.

678 1223 830 1339 Neque
863 1221 1127 1339 captandum
1162 1253 1255 1312 esse
1281 1225 1549 1343 praesidium
1580 1223 1720 1340 pergit
1752 1253 1806 1310 ex
1833 1252 1885 1308 eo
1917 1223 2035 1341 quod

546 1343 656 1434 aliae
689 1364 790 1431 suut
822 1345 1036 1435 Ecclesiae
1069 1345 1183 1434 inlra
1225 1347 1447 1462 paroeciae
1494 1345 1668 1448 fines,
1659 1375 1700 1431 ιιι
1740 1345 1920 1486 quibus,
1960 1379 2040 1433 ur—

545 1484 678 1585 gente
724 1469 993 1571 necessitate,
1037 1486 1079 1556 et
1112 1473 1391 1560 Sacramenta
1423 1469 1610 1556 infirmis
1654 1467 1956 1556 ministrantur
1990 1483 2039 1557 et

549 1591 837 1709 Evangelium
872 1592 1129 1708 explicatur,
1158 1593 1497 1682 etCathechesis
1523 1579 1725 1694 traditur,
1753 1589 2037 1712 proindeque

546 1713 985 1804 dismembrationem
1021 1715 1326 1833 denegandam
1362 1745 1480 1820 esse,
1516 1745 1614 1806 cum
1650 1713 1720 1801 alii
1760 1713 1949 1831 operarii
1985 1713 2037 1802 iis

552 1838 592 1926 in
617 1837 719 1926 loeis
736 1837 912 1956 parochi
938 1839 1166 1956 suppleant
1183 1837 1425 1927 delectum.
1448 1837 1674 1956 Siquidem
1712 1837 1756 1924 l.
1805 1853 1954 1924 monet
1987 1837 2033 1924 in

554 1961 666 2065 inre,
693 1959 769 2049 hos
791 1959 1045 2050 Sacerdotes
1078 1963 1371 2052 voluntarium
1405 1978 1630 2080 praestare
1664 1960 1954 2047 ministerium
1991 1977 2038 2048 et

550 2084 733 2178 minime
768 2085 1073 2187 necessarium,
1098 2089 1245 2174 valere
1273 2083 1461 2205 proinde
1505 2085 1561 2172 ab
1596 2085 1769 2200 incepto
1803 2081 2032 2188 desistere3

549 2209 596 2295 2.
636 2205 761 2322 plura
794 2238 817 2293 a
851 2206 1040 2324 parocho
1090 2209 1339 2325 peragenda
1373 2238 1502 2311 esse,
1548 2237 1661 2324 quae
1703 2207 1760 2292 ab
1794 2205 1888 2293 aliis
1920 2205 2038 2306 hand

502 2375 505 2382 ·
550 2347 836 2448 peraguntur,
873 2347 948 2417 aut
983 2332 1131 2450 peragi
1158 2349 1361 2450 possunt,
1393 2329 1765 2451 quemadmodum
1801 2344 1864 2416 est
1895 2358 2036 2418 saera-

532 2445 799 2541 'mentorum
837 2453 1174 2556 administratio,
1210 2486 1323 2572 quae
1357 2452 1789 2573 praeterparoehum
1815 2451 2037 2540 ministra·

552 2605 597 2664 re
631 2605 759 2664 nemo
795 2591 950 2692 potcst;
989 2576 1092 2664 item
1125 2578 1196 2668 die
1217 2579 1274 2666 de
1297 2577 1540 2666 assistentia
1565 2575 1848 2678 matrimonii,
1878 2574 1934 2662 de
1957 2605 2035 2692 pa·

552 2699 721 2787 roeciae
757 2699 995 2816 regimine,
1016 2699 1072 2789 de
1109 2700 1199 2788 lide
1221 2734 1270 2790 ae
1302 2701 1465 2820 pietate
1495 2698 1821 2815 promovendis
1859 2697 1915 2786 de
1940 2727 2038 2786 mo-

550 2823 791 2910 ultionibus
826 2841 866 2909 et
901 2823 1110 2926 consiliis,
1152 2825 1334 2943 aliisque
1366 2821 1599 2928 omnibus,
1630 2822 1895 2961 inquibus,
1935 2839 2032 2910 tum

551 2946 802 3050 auctoritas,
842 2965 932 3032 tum
967 2946 1123 3063 agendi
1159 2947 1352 3048 libertas,
1393 2963 1483 3032 tum
1519 2889 1693 3034 actilens
1728 2945 1906 3032 rationis
1928 2944 2039 3033 red-

549 3066 758 3156 dendae
749 3100 790 3155 ιιι
817 3070 1004 3186 parocho
1029 3072 1281 3189 requiritur,
1306 3101 1384 3158 nec
1403 3067 1628 3158 aliuudo⁰
1602 3113 1647 3154 o.
1675 3067 1930 3184 parochusa
1954 3097 2035 3154 suo

422 3207 426 3216 “
550 3190 771 3308 lungendo
806 3223 988 3280 munere
1022 3209 1255 3284 excusatur
1283 3194 1316 3284 si
1351 3192 1419 3280 alii
1456 3191 1598 3280 adsint
1631 3187 1917 3293 Sacerdotes,
1955 3189 2035 3308 qui

553 3328 596 3400 et
628 3315 908 3402 Sacramenta
941 3317 1188 3405 ministrant
1217 3333 1260 3405 ct
1294 3315 1514 3436 religionis
1539 3313 1802 3403 documenta
1839 3312 2031 3401 tradunt.

541 3525 546 3535 ,
675 3439 722 3524 ln
758 3437 870 3526 laeto
902 3456 1049 3528 autem
1085 3439 1235 3528 subdit
1257 3440 1560 3528 EcclesiamS.
1600 3437 1938 3538 Bartholomaei,
1959 3435 2029 3524 cui

552 3563 681 3648 Barna
673 3559 814 3648 rbitae
869 3577 1012 3677 patres
1051 3563 1314 3666 inserviunt,
1352 3563 1409 3651 ad
1452 3560 1740 3678 municipium
1791 3559 2030 3676 pertinere,

551 3683 669 3801 quod
706 3684 763 3772 ibi
800 3683 1165 3773 valetudinarium
1201 3713 1428 3775 coecorum
1464 3684 1700 3784 coustituit,
1731 3681 1949 3801 proinde
1939 3712 2034 3798 rpsa

544 3806 605 3894 nil
652 3807 771 3894 alind
808 3803 1026 3924 praestare
1058 3809 1166 3896 solet
1200 3841 1249 3896 ac
1297 3825 1455 3928 potest,
1509 3805 1629 3926 quod
1677 3808 1794 3896 dicto
1827 3804 2035 3894 convenit
2173 3823 2175 3826 ’

543 3929 755 4017 instituto.
784 3933 830 4016 ln
856 3929 1414 4050 EcclesiaGappulatorum,
1444 3948 1550 4018 teste
1572 3930 1765 4033 custode
1793 3956 2021 4070 nunquam

550 4052 815 4168 explicatum
850 4051 930 4140 luit
964 4055 1262 4172 Evangelium,
1302 4084 1540 4172 numquam
1582 4051 1741 4140 tradita
1776 4053 1926 4167 pueris
1958 4082 2031 4140 ca·

553 4172 779 4277 thechesis,
817 4205 1105 4294 numquam«
1089 4177 1245 4319 «dopo
1280 4181 1320 4266 la
1349 4208 1475 4293 presa
1508 4175 1556 4264 di
1585 4205 1767 4292 possesso
1791 4172 2033 4262 dell-ottae

551 4295 589 4384 le
620 4297 772 4384 Revrtao
804 4299 1065 4386 Porroc'o
1027 4332 1062 4386 st
1097 4303 1465 4390 omniinistrnrono
1490 4333 1502 4386 t
1498 4299 1646 4388 88ι”ιιι
1667 4299 1926 4387 sacramenti
1960 4296 2034 4384 del

550 4419 613 4509 V
597 4421 723 4506 tattco
757 4455 778 4508 o
809 4421 1087 4510 dell'estremo
1120 4457 1311 4512 unztone.
1356 4464 1372 4502 ι
1411 4427 1457 4510 ln
1495 4421 1577 4511 alia
1613 4422 1799 4510 Ecclesia
1833 4423 1878 4510 S.
1918 4423 2033 4508 Ber-

550 4542 724 4631 nardini
758 4561 875 4652 extat
906 4545 1242 4642 Xenodochium
1266 4580 1346 4666 pro
1365 4545 1653 4664 Regularibus
1681 4541 2026 4662 aegrotantibus

548 4665 625 4754 nbi
660 4667 814 4757 adsunt
857 4712 872 4747 ι
912 4669 1110 4786 slpndri
1141 4669 1212 4758 che
1247 4669 1362 4772 laici,
1400 4669 1543 4757 alcuni
1575 4701 1671 4755 sono
1704 4701 1730 4754 a
1766 4669 1878 4766 letto,
1924 4667 2034 4756 ollrt'

549 4789 802 4910 infermicci,
840 4792 977 4880 toloni
1018 4793 1252 4908 impotenti.
1302 4835 1318 4870 ι
1356 4795 1403 4880 lu
1439 4791 1488 4881 iis
1518 4791 1650 4909 igitur
1695 4791 1892 4880 Ecclesiis
1925 4821 2030 4878 cura

548 4912 797 5002 animarum
831 4945 975 5034 neque
1022 4929 1282 5021 exercetur,
1320 4945 1464 5033 neque
1497 4913 1688 5007 exerceri
1723 4943 1849 5028 posse
1883 4913 2027 5034 pergit

543 5037 702 5124 Orator
734 5052 916 5156 propter
938 5036 1236 5128 deficientiam
1261 5035 1582 5156 amplitudinis,
1619 5054 1662 5125 et
1695 5037 1886 5124 aliorum
1908 5067 2025 5153 quae

547 5157 604 5245 ad
637 5160 717 5248 hoc
750 5161 1047 5281 requiruntur.
1087 5163 1220 5254 Unica
1270 5163 1447 5253 tandem
1487 5159 1673 5249 Ecclesia
1716 5160 2029 5248 Immaculatae

539 5279 697 5386 dicata,
726 5315 839 5402 quae
873 5284 929 5376 ad
960 5287 1274 5378 subsidiarium
1321 5283 1608 5373 ministerium
1642 5277 1873 5388 sufficeret,
1897 5311 2027 5370 num-

540 5433 677 5520 quam
711 5406 752 5494 in
787 5409 1093 5500 subsidiariam
1110 5409 1231 5500 valet
1253 5407 1447 5499 converti
1471 5405 1815 5496 obsistentibus
1804 5406 1907 5524 rpsis
1932 5434 2029 5522 pro-

543 5525 786 5643 prietariis,
824 5535 899 5651 qui
934 5533 1124 5624 libenter
1158 5563 1245 5622 nna
1269 5563 1369 5620 oum
1392 5559 1513 5620 saera
1540 5528 1797 5647 supellectili
1821 5545 1865 5617 et
1888 5527 2021 5616 domo
