4558 6340
569 337 663 428 236
1035 339 1119 428 Die
1149 339 1210 426 26
1243 337 1416 458 Aprilis
1449 343 1590 434 l879.

574 461 753 550 stinctas
785 461 1043 552 constitutos
1076 464 1275 579 reperiri.
1323 466 1440 574 Quin
1475 483 1675 585 raptetur
1707 465 1986 586 praesidium
2019 501 2072 562 ex

584 582 760 672 decreto
794 583 1036 702 Episcopali
1070 585 1126 673 de
1159 617 1271 674 anuo
1297 587 1417 676 t839
1440 590 1508 680 vel
1528 621 1586 680 ex
1607 579 1833 680 redituum
1861 590 2075 682 imminu-

584 706 719 799 tione.
756 709 849 796 Nun
885 737 940 796 ax
969 707 1148 796 decreto
1182 711 1284 826 quia
1317 741 1416 799 cum
1450 745 1502 802 ea
1535 713 1579 802 in
1614 731 1739 832 parte
1761 713 1848 800 iuri
1874 743 2073 806 commu·

584 831 626 916 ni
661 829 919 948 refragetur,
976 847 1151 920 corruat
1183 861 1358 922 necesse
1391 851 1470 938 est;
1509 867 1595 924 non
1630 869 1684 926 cx
1717 837 1949 924 redituum
1988 841 2074 926 im-

584 951 842 1041 minutione.
865 947 1114 1072 Respondet
1147 955 1266 1042 enim
1301 971 1420 1044 actor
1453 957 1618 1048 dicens:
1651 1001 1666 1037 ι
1698 959 1967 1048 L'intedetst
2006 965 2075 1052 uel

590 1114 607 1152 a
648 1075 835 1164 rivelare
870 1077 908 1164 le
942 1078 1112 1166 reodite
1145 1077 1261 1166 delle
1294 1079 1474 1196 proprie
1497 1083 1731 1172 Prebende
1764 1085 1803 1170 al
1841 1085 2070 1192 Governo,

588 1237 606 1274 ι
648 1198 764 1288 onde
795 1231 957 1318 pagare
1001 1231 1131 1290 meno
1182 1219 1292 1290 tassa
1326 1202 1369 1290 di
1405 1223 1697 1312 manumorta,
1734 1235 1792 1295 no
1824 1207 1850 1292 e
1887 1223 2004 1297 stata
2036 1211 2075 1299 la

590 1359 608 1398 ι
648 1349 751 1410 vera
784 1324 981 1440 ragione.
1019 1327 1111 1413 Non
1145 1325 1322 1412 sembra
1372 1327 1527 1443 quindi
1575 1331 1628 1418 ne
1667 1330 1809 1449 giusto
1843 1330 1904 1417 ne
1937 1359 2070 1450 equo,

590 1483 606 1520 ι
646 1443 724 1532 ebe
760 1446 770 1532 i
806 1446 1010 1535 Canonici
1065 1447 1263 1563 sempliei
1295 1479 1420 1536 senza
1459 1481 1625 1541 veruna
1660 1456 1751 1542 loro
1785 1453 1933 1568 culpa,
1972 1485 2075 1571 spe-

591 1607 609 1645 «
648 1567 879 1657 eialmante
913 1569 1090 1687 quaudo
1122 1601 1147 1657 a
1179 1573 1322 1688 questi
1361 1573 1509 1662 assiste
1543 1574 1570 1660 il
1604 1575 1769 1678 diritto,
1819 1576 2018 1664 abbiano
2051 1611 2075 1666 a

590 1729 608 1768 ι
647 1709 903 1806 supportare
936 1693 977 1780 le
1008 1716 1309 1811 consequence
1343 1695 1457 1813 degli
1494 1698 1626 1785 altrui
1661 1699 1814 1786 errori.
1860 1739 1881 1778 ι

708 1815 834 1905 Hisce
867 1817 1073 1904 omnibus
1105 1820 1311 1936 utrinque
1346 1821 1584 1936 perpensis,
1625 1822 1799 1910 videant
1832 1825 1922 1910 EE.
1977 1825 2070 1912 VV.

586 1965 637 2022 ea
670 1967 756 2052 qua
790 1937 958 2056 pollent
988 1941 1202 2057 sapientia
1240 1971 1288 2029 ac
1319 1941 1423 2029 iuris
1452 1945 1607 2059 peritia
1642 1975 1835 2064 quonam
1861 1975 2073 2062 responso

585 2057 902 2152 dimittendum
936 2061 1006 2151 sit.

1217 2311 1436 2399 DUBlUll

706 2555 775 2642 Aa
817 2573 858 2646 ct
887 2559 1001 2644 cuius
1029 2555 1177 2676 fauore
1209 2557 1265 2645 sit
1301 2557 1410 2647 locus
1441 2561 1609 2676 optioni
1642 2561 1687 2648 ia
1719 2593 1831 2652 casu.

708 2994 852 3115 Diluta
886 3011 929 3084 et
962 2995 1018 3084 ad
1051 3012 1263 3092 mentem.

162 3756 270 3847 Sess.
312 3756 339 3842 7
376 3787 471 3872 cop.
525 3757 553 3842 7
716 3649 1174 3849 MEEEVITANA
1226 3757 1435 3846 CURAE
1481 3757 1835 3846 ANtMAttUat.
1881 3799 1914 3832 =
1957 3757 2069 3846 Ver-

162 3878 852 3996 Sess.2lcop.l31enteauuo
890 3884 1007 3970 1877
1052 3882 1135 3967 sub
1178 3881 1251 3969 die
1302 3882 1375 3968 t6.
1407 3879 1520 3968 lunii
1567 3883 1824 3998 Capitulum
1857 3879 2070 3970 Ecclesiae

165 4003 218 4092 de
237 4003 426 4124 Reform.

587 4007 852 4122 Collegiatae
885 4008 1001 4091 Divo
1044 4005 1179 4092 Paulo
1225 4003 1358 4119 vulgo
1402 4004 1617 4122 llbusropo
1666 4003 1837 4094 dicatae
1881 4006 1925 4092 in
1964 4004 2069 4092 urbe

590 4129 638 4222 V
635 4129 784 4216 ollettu
811 4129 1094 4217 Melesitauae
1134 4127 1378 4232 Dioecesis,
1417 4127 1661 4242 supplicem
1698 4127 1895 4216 libellum
1931 4131 1976 4219 S.
2014 4127 2064 4211 ll.

585 4255 802 4371 Cengreg.
826 4252 1048 4358 exhibuit,
1083 4251 1276 4340 relereus
1309 4249 1428 4368 quod
1460 4251 1520 4337 ab
1569 4251 1817 4366 huiusmodi
1862 4249 2070 4339 Ecclesiae

582 4378 847 4495 Collegiatae
881 4377 1098 4464 erectione
1130 4405 1233 4462 cura
1253 4374 1512 4473 animarum,
1535 4405 1621 4491 apua
1641 4375 1829 4462 Ecclesia
1852 4375 2058 4490 pollebat,

532 4518 535 4529 '
584 4503 641 4602 ab
666 4501 1074 4615 archipresbytero,
1101 4497 1175 4616 qui
1202 4497 1345 4614 prima
1378 4498 1566 4614 Capituli
1599 4497 1788 4614 dignitas
1806 4515 1887 4598 est,
1917 4497 2066 4615 iugiter

586 4625 644 4715 de
676 4625 770 4712 iure
817 4624 1121 4710 exercebatur.
1158 4623 1300 4733 Quam
1335 4651 1432 4708 rem
1469 4651 1607 4738 usque
1651 4620 1709 4708 ad
1749 4653 1912 4708 anuum
1949 4617 2065 4709 t780

585 4748 850 4866 perdurasse
893 4747 967 4850 ait;
999 4747 1079 4834 boc
1112 4745 1331 4862 siquidem
1367 4743 1569 4832 volvente
1603 4775 1671 4832 res
1722 4746 1954 4832 immutata
1988 4741 2063 4832 luit

587 4872 632 4973 in
670 4871 755 4970 vim
791 4869 942 4959 Bullae
975 4869 1251 4985 Apostolicae
1287 4867 1360 4954 lel.
1415 4899 1547 4954 assem.
1602 4866 1666 4954 Pii
1715 4869 1770 4954 Vl
1821 4899 1935 4986 quae
1968 4863 2068 4954 iuci-

587 4995 653 5114 pit
686 4993 956 5109 Apostolicae
986 4991 1106 5081 Sedis
1138 4989 1340 5092 remedia,
1377 5022 1465 5108 qua
1498 5007 1674 5080 cautum
1709 5007 1774 5078 est
1798 5005 1845 5077 ut
1867 4991 2067 5105 deinceps
2202 4993 2203 4998 ‘

588 5151 691 5210 cura
724 5119 974 5218 animarum
1007 5117 1067 5204 ab
1101 5115 1561 5234 Archipresbpteratus
1592 5111 1731 5202 officio
1751 5113 1969 5204 disiuncta
2001 5106 2067 5199 vel

585 5273 610 5329 a
644 5241 872 5332 Canonicis
900 5271 979 5356 par
1012 5256 1193 5336 turnum,
1233 5239 1301 5325 vel
1337 5237 1558 5326 mediante
1589 5237 1750 5326 idoneo
1785 5239 1957 5328 Vicario
1990 5239 2067 5327 Cu·

584 5385 681 5453 rato
715 5363 946 5450 adamum
978 5381 1271 5454 exerceretur.
1318 5363 1515 5450 Praestat
1560 5359 1693 5476 ipsius
1739 5361 1892 5450 Bullae
1938 5361 2065 5450 verba

588 5488 769 5577 relerre.
811 5527 827 5565 ι
867 5488 988 5574 Onus
1020 5488 1160 5575 Curae
1194 5486 1480 5606 (animarum)
1517 5499 1604 5571 tam
1629 5483 1823 5590 actualis,
1844 5481 2063 5602 quampo-
