4530 6336
547 313 640 405 350
1046 307 1125 393 Die
1156 305 1217 394 26
1250 303 1355 391 Iulii
1390 303 1527 392 t879.

545 435 669 557 pelli.
723 438 959 523 Decretum
1009 430 1154 546 ipsum
1204 425 1335 546 igitur
1386 459 1410 515 a
1458 424 1591 515 Curia
1631 425 1769 514 latum
1818 424 1877 514 ob
1931 453 2087 510 cau·
2234 457 2235 470 ι

547 591 621 651 sac
654 556 872 646 delectum
907 549 1219 640 infirmandum
1253 581 1344 640 esse
1379 548 1559 668 colligit.
1581 549 1643 638 Eo
1666 548 1736 636 vel
1759 545 1895 665 magis
1933 543 2079 664 quia

549 713 630 800 per
662 679 803 797 ipsum
838 674 999 763 inflicta
1033 672 1114 762 luit
1147 673 1374 793 suspensio
1407 705 1456 760 cre
1496 672 1728 792 informato
1775 669 2071 756 conscientia
2239 654 2248 775 l

550 832 666 922 quae
700 799 834 918 infligi
872 807 1041 885 tant'urn
1075 796 1208 899 vrtlet,
1236 795 1413 917 quando
1436 794 1661 912 Superiori
1680 809 1848 882 constet
1871 791 1932 880 de
1966 791 2071 878 de·
2252 827 2253 830 ι

549 927 650 1015 licto
683 923 867 1024 occulto,
894 919 961 1008 vel
998 919 1191 1036 publico,
1217 919 1339 1007 cuius
1376 935 1521 1006 tamen
1555 917 1839 1036 probationes
1873 911 2065 1004 diffici-

551 1051 613 1138 les
646 1046 850 1148 evadant,
881 1043 948 1130 vel
983 1041 1028 1130 iu
1062 1042 1227 1130 malum
1263 1041 1515 1158 exemplum
1551 1039 1802 1130 redundare
1845 1036 2066 1155 possint,

483 1209 487 1218 ·
552 1170 676 1290 quod
709 1168 857 1258 exulat
892 1167 935 1252 in
967 1195 1085 1253 casu.
1455 1243 1458 1248 .

624 1339 628 1344 ·
676 1291 795 1378 Licet
828 1305 870 1378 at
908 1317 1013 1376 vero
1057 1286 1231 1374 admitti
1262 1286 1366 1376 velit
1413 1315 1642 1376 consuram
1671 1285 1713 1371 in
1743 1285 1939 1372 themate
1969 1315 2066 1371 su-

552 1414 718 1513 stineri,
746 1427 908 1514 taruco,
931 1409 1212 1528 prosequitur
1244 1410 1419 1513 Orator,
1460 1408 1580 1525 quod
1629 1406 1854 1497 decretum
1889 1406 2065 1525 ipsum

552 1535 845 1626 revocandum
881 1550 991 1622 esset
1022 1547 1111 1620 tarn
1142 1533 1244 1650 quia
1279 1534 1464 1620 vetitum
1483 1546 1547 1620 est
1568 1561 1770 1620 censuras
1798 1529 2066 1618 immodice

554 1659 764 1778 protrahi,
794 1655 867 1744 ubi
897 1655 953 1744 de
996 1687 1043 1744 re
1066 1685 1152 1742 uon
1171 1655 1281 1744 adeo
1318 1655 1439 1772 gravi
1468 1655 1624 1772 agitur,
1650 1683 1783 1772 quarn
1803 1650 1908 1772 quia
1940 1654 2056 1772 ipsa

555 1813 654 1870 uon·
679 1781 722 1867 in
754 1809 942 1896 poenam
979 1777 1065 1866 lata
1097 1777 1177 1865 luit
1213 1775 1290 1866 sed
1322 1776 1375 1866 ad
1415 1775 1612 1868 debitam
1648 1777 1911 1894 paritionem
1961 1776 2061 1862 ob-

555 1901 800 1992 tinendam.
830 1905 1029 1990 lamvero
1064 1899 1257 2017 Angelus
1282 1931 1366 1988 uon
1404 1915 1571 1988 tantum
1606 1931 1709 1988 voce
1744 1899 1824 1988 sed
1857 1915 1901 1986 et
1934 1896 2058 1988 scri·

551 2024 893 2146 pto'tripliciter
930 2023 1300 2112 renuntiationem
1331 2023 1472 2111 emisit
1508 2022 1801 2140 procurationi
1845 2019 2058 2109 lamiliae

548 2147 711 2249 ¹Solari,
738 2178 887 2236 causas
923 2177 947 2234 e
980 2145 1129 2234 medio
1161 2146 1331 2236 sustulit
1378 2146 1438 2234 ob
1476 2177 1585 2264 quas
1628 2175 1809 2234 censura
1853 2143 2054 2233 decreta

421 2307 426 2318 ·
551 2270 710 2374 luerat,
736 2269 993 2388 suppliciter
1035 2268 1418 2388 reintegrationem
1441 2268 1748 2388 expostulavit,
1779 2298 1865 2356 uno
1894 2267 2051 2354 verbo

554 2385 751 2482 debitam
792 2393 1056 2509 paritionem
1091 2392 1318 2510 praestitit,
1363 2391 1445 2510 ipsi
1484 2391 1616 2508 igitur
1657 2390 1872 2478 absolutio
1901 2390 2051 2478 dene·

552 2513 694 2634 ganda
718 2545 802 2602 nou
844 2531 934 2604 erat
967 2516 1022 2604 ad
1049 2513 1207 2604 tradita
1234 2515 1374 2633 perS.
1393 2517 1446 2602 Η.
1474 2515 1527 2603 Ο.
1551 2513 1593 2600 in
1627 2514 1848 2630 Aprutiua
1874 2513 2049 2600 etPin-

551 2639 726 2726 nen.20
751 2637 990 2726 Decembris
1026 2637 1161 2740 t823;
1185 2638 1425 2754 poenitenti
1459 2636 1577 2726 enim
1615 2653 1656 2724 et
1706 2635 1874 2754 petenti
1908 2636 2048 2724 abso-

557 2760 665 2849 lutio
699 2791 723 2847 a
752 2762 944 2850 censuris
982 2760 1244 2877 deneganda
1280 2791 1364 2849 uon
1400 2777 1480 2850 est.

682 2883 799 2994 Quin
823 2883 952 2972 obiici
980 2883 1116 3002 possit
1133 2884 1409 2973 Sacerdotem
1441 2882 1656 3001 Angelum
1676 2881 1908 2999 posteriori
1928 2898 2038 2970 tem·

550 3035 659 3124 pore
693 3007 894 3094 emissam
930 3005 1295 3096 renuntiationem
1330 3007 1386 3098 de
1424 3004 1535 3094 lauto
1568 3005 1720 3094 saltem
1751 3035 1876 3121 posse
1909 3001 2036 3092 infir-

552 3157 693 3216 mare.
725 3129 1037 3218 Praetermisso
1066 3129 1185 3239 enirn
1219 3129 1338 3246 quod
1377 3129 1410 3218 si
1439 3159 1517 3246 per
1539 3141 1824 3216 memoratam
1859 3156 2040 3216 causum

552 3251 777 3366 suspensio
818 3251 995 3341 decerni
1027 3240 1196 3342 valeret
1217 3251 1374 3340 eadem
1402 3251 1604 3342 facultate
1632 3251 1675 3340 in
1705 3266 1929 3366 posterum
1956 3253 2040 3336 Ar·

552 3373 851 3492 chiepiscopus
886 3375 946 3463 uti
979 3391 1139 3492 posset,
1166 3405 1218 3464 ex
1250 3375 1331 3463 hoc
1365 3375 1610 3466 absurdum
1632 3372 1851 3463 derivaret
1873 3401 2041 3490 perpe-

554 3513 654 3584 tuae
686 3497 999 3617 suspensionis,
1025 3498 1130 3588 dum
1155 3496 1421 3616 possibilitas
1454 3498 1661 3616 peccandi
1705 3512 1918 3615 perpetua
1952 3511 2034 3600 est,

553 3636 597 3706 et
631 3649 915 3709 censurarum
951 3619 1130 3710 effectus
1163 3651 1215 3708 eo
1249 3619 1452 3738 dirigitur
1486 3637 1531 3709 ut
1563 3621 1659 3737 quis
1706 3635 1857 3739 pareat
1889 3635 1933 3708 et
1964 3650 2035 3707 sa-

552 3739 735 3830 tisfaciat
754 3743 823 3832 ,ad
855 3743 1013 3832 tradita
1034 3773 1112 3860 per
1135 3745 1293 3832 Rotam
1317 3743 1359 3830 iu
1383 3742 1510 3833 decis.
1535 3742 1628 3830 550
1644 3775 1688 3830 n.
1710 3745 1871 3859 3port.
1899 3743 2026 3830 3rcc.

556 3879 654 3951 tom.
676 3865 722 3950 l.
758 3867 908 3983 Neque
941 3865 1203 3984 praesidium
1239 3867 1404 3982 capturi
1438 3897 1562 3986 posse
1612 3866 1762 3954 subdit
1811 3895 1864 3954 ex
1905 3865 2033 3953 coha-

552 3983 766 4074 bitatione
798 3989 954 4104 dngeli
989 3987 1031 4076 in
1066 3988 1200 4077 domo
1231 3990 1389 4081 Solari.
1425 3987 1597 4079 Nedum
1621 3989 1756 4094 euim,
1784 3987 1859 4092 ait,
1886 3985 2032 4076 arctis·

551 4107 686 4195 simae
719 4107 934 4198 amicitiae
967 4110 1107 4228 gratia
1140 4111 1233 4230 ipse
1265 4111 1386 4200 domi
1421 4113 1592 4202 llenrici
1627 4129 1840 4214 moratur,
1875 4135 2028 4198 verum

553 4229 686 4320 etiam
722 4247 768 4318 ut
803 4234 1094 4351 praeceptoris
1130 4264 1312 4324 munere
1346 4266 1447 4354 erga
1482 4237 1609 4326 huius
1657 4235 1818 4324 liberos
1865 4231 2033 4322 satisla·

552 4353 658 4441 ciat.
686 4354 815 4466 Quod
848 4356 882 4443 si
918 4356 1024 4447 hacc
1057 4355 1275 4447 sulhciens
1309 4389 1393 4444 non
1429 4377 1636 4475 appareat
1685 4357 1793 4446 ratio
1829 4371 1875 4444 ut
1906 4356 2031 4444 coha-

550 4475 775 4564 bitationis
809 4479 920 4566 ratio
954 4479 1286 4584 cohonestetur,
1325 4481 1637 4570 animadvertit
1681 4483 1774 4571 iure
1806 4480 2035 4570 Canonum

553 4629 639 4686 nou
674 4599 888 4715 proscribi
922 4603 1290 4692 cohabitationem
1323 4604 1590 4694 Clericorum
1624 4636 1723 4694 cum
1759 4601 2030 4704 mulieribus,

557 4720 803 4812 dummodo
817 4721 873 4810 d'e
892 4723 1202 4814 incontinentia
1220 4743 1442 4843 suspectae
1460 4759 1544 4816 nou
1568 4729 1670 4817 sint.
1698 4731 1755 4816 At
1778 4757 1889 4816 uxor
1919 4727 2034 4813 llen-

556 4842 632 4930 rici
683 4843 876 4961 piissima
926 4849 1083 4938 mulier
1133 4879 1230 4938 eum
1266 4851 1352 4952 sit,
1390 4847 1500 4940 adeo
1550 4850 1761 4971 religione
1808 4862 1852 4937 et
1900 4849 2035 4936 houe-

554 4980 665 5054 state
698 4965 958 5088 praefulget,
986 4990 1035 5074 ut
1081 4973 1246 5062 nedum
1297 4972 1427 5061 Curia
1459 4991 1608 5062 contra
1652 4973 1861 5092 coniuges
1894 4967 2031 5063 Solari

554 5089 742 5177 verburn
777 5093 956 5207 protulit
989 5095 1066 5184 sed
1100 5095 1289 5214 ipsemet
1320 5096 1539 5186 Parochus
1573 5096 1706 5187 iidem
1731 5095 1830 5186 lacit
1851 5093 2031 5184 eosdem
2241 5188 2242 5222 ,

552 5240 646 5299 esso
679 5211 728 5299 di
760 5215 941 5304 virtuosi
967 5221 1140 5306 coctumi
1167 5253 1187 5307 e
1210 5218 1259 5307 di
1281 5219 1599 5336 irreprensihile
1631 5219 1841 5310 condutta.
1871 5217 2033 5308 illinus·
2123 5227 2127 5238 '

554 5363 640 5450 que
675 5334 857 5424 taudem
886 5338 1082 5429 relevare
1125 5343 1269 5460 pergit
1311 5372 1425 5460 quau
1479 5361 1628 5434 contra
1676 5345 1816 5434 bonos
1868 5337 2030 5480 Angeli
2234 5224 2243 5506 l

550 5485 698 5544 mores
731 5490 754 5546 a
786 5459 918 5550 Curia
952 5463 1167 5581 producta
1203 5467 1393 5573 luerunt,
1423 5481 1470 5557 ut
1492 5468 1627 5558 latum
1652 5483 1800 5588 posset
1821 5466 2024 5558 sustineri
2094 5507 2097 5517 ·
