4558 6340
548 342 648 430 tea·
1033 335 1114 421 Dic
1148 331 1395 422 tantatus
1428 334 1567 424 1879.

550 503 566 542 ι
609 477 702 552 tum
734 493 821 550 non
840 459 937 550 ,luit
970 455 1303 560 denunciatum,
1330 457 1421 548 in
1442 459 1625 547 cessavit
1648 459 1722 549 illa
1755 477 1937 552 externa
1960 495 2030 586 ap·

551 629 568 666 ι
607 585 807 705 parentia
842 601 885 674 et
919 581 1149 702 publicitus
1180 610 1205 668 a
1237 581 1399 698 quihus
1431 597 1633 670 causatur
1656 623 1695 670 ».
1715 627 1747 660 ,π

572 790 575 798 .
671 711 851 827 lamque
905 706 1008 796 satis
1062 705 1142 792 hoc
1175 719 1287 792 esset
1321 721 1367 818 ut
1398 704 1592 822 idipsum
1626 705 1832 794 affirmari
1874 709 2032 802 debeat

547 833 605 922 de
638 831 919 920 matrimonio
951 827 1223 918 clandestino
1253 827 1454 929 ‘occulto,
1484 845 1577 916 tum
1608 829 1711 946 quia
1756 863 1780 918 a
1817 833 2034 948 sponsali-

543 957 627 1044 bus
675 969 792 1044 recte
842 953 1044 1044 inlertur.
1072 951 1128 1040 ad
1175 950 1528 1057 matrimonium,
1580 967 1673 1041 tum
1721 953 1780 1042 oh
1828 953 2034 1046 identita-

547 1097 638 1169 tem
674 1078 868 1181 rationis,
907 1093 1021 1198 quae
1054 1072 1214 1164 militat
1247 1074 1291 1161 in
1324 1089 1513 1194 utroque
1545 1107 1664 1164 casu.
1701 1075 1791 1166 Sed
1829 1076 1887 1165 de
1921 1077 2033 1196 ipso·

545 1219 638 1292 met
672 1201 940 1289 matrimonii
973 1196 1232 1288 clandestini
1266 1197 1421 1287 occulti
1457 1215 1619 1316 puncto
1642 1197 1847 1289 eamdem
1870 1197 2030 1292 doctri·

545 1354 648 1415 nam
684 1339 839 1414 tenent
871 1323 1120 1412 Paludanus
1152 1322 1195 1408 in
1231 1337 1384 1438 qcrcrto
1417 1319 1605 1411 dr'stinct.
1644 1324 1705 1412 27
1737 1355 1780 1441 q.
1816 1325 1848 1412 2
1881 1341 1968 1413 ort.
2002 1328 2029 1416 5

543 1483 585 1537 u.
625 1449 751 1536 tertio
784 1447 1009 1544 conclusio,
1046 1447 1229 1534 Navarr.
1266 1446 1313 1531 in
1345 1477 1502 1532 surnmo
1534 1477 1629 1566 cap.
1654 1449 1733 1536 23.
1769 1447 1831 1536 58
1862 1461 1908 1534 et
1941 1447 2028 1538 alii.

545 1569 763 1662 Paludani
796 1585 944 1658 autem
979 1569 1223 1659 sententiae
1254 1567 1338 1656 suh
1360 1567 1587 1660 hocsensu
1620 1569 1889 1660 matrimonii
1922 1571 2038 1660 olan·
2150 1631 2154 1638 -

547 1694 710 1784 destini
743 1693 899 1783 occulti
948 1692 1236 1810 adstipulatur
1282 1693 1516 1808 Fagnauus
1555 1695 1598 1782 in
1632 1725 1727 1811 cop.
1753 1691 1830 1780 Ad
1851 1691 2034 1783 audien-

548 1819 650 1906 tiam
685 1815 736 1904 dc
773 1816 1089 1934 sponsahnum.
1109 1817 1187 1904 28.
1207 1855 1276 1893 :c
1315 1815 1384 1904 Ad
1420 1817 1600 1904 tertium
1634 1835 1678 1905 et
1712 1817 1919 1906 ultimum
1952 1847 2029 1934 pn·

551 1979 568 2018 ι
610 1957 671 2042 ιο,
707 1940 981 2029 Paludanum
1021 1939 1142 2056 loqui
1165 1938 1221 2026 de
1258 1939 1541 2026 matrimonio
1579 1939 1866 2042 clandestino,
1899 1955 2036 2058 prout

551 2103 568 2142 e
610 2066 819 2182 importat
852 2061 1016 2151 lactum
1049 2063 1143 2150 sine
1181 2061 1380 2163 testibus,
1417 2064 1520 2180 quia
1566 2093 1666 2152 cum
1706 2059 1923 2153 occultum
1957 2065 2027 2168 sit,

549 2226 566 2266 ι
606 2214 694 2275 non
731 2203 796 2276 est
828 2216 905 2275 cur
939 2186 1001 2274 ibi
1024 2184 1328 2274 consideretur
1351 2186 1461 2274 illud
1484 2185 1722 2276 honestatis
1746 2186 2039 2302 impedimen-

550 2351 566 2388 «
608 2327 716 2411 tum,
755 2309 874 2429 quod
907 2307 1130 2398 inducitur
1164 2323 1344 2426 propter
1393 2327 1514 2398 actus
1563 2329 1789 2412 externos,
1818 2307 1862 2396 et
1894 2310 2035 2398 homi·

550 2473 568 2512 c
608 2463 717 2520 num
751 2431 1007 2522 scandalum
1033 2473 1074 2520 ι.
1108 2475 1139 2506 =

566 2617 570 2624 -
668 2555 975 2675 Adstipulatur
1007 2554 1209 2644 similiter
1239 2553 1385 2644 Pitou.
1423 2555 1467 2643 iu
1501 2556 1575 2644 cit.
1603 2555 1778 2672 discept.
1800 2555 1861 2644 52
1884 2557 2029 2645 η.’99.

548 2719 565 2758 ι
604 2679 733 2768 Unde
766 2680 830 2768 his
865 2691 1009 2767 motus
1042 2677 1286 2766 rationibus
1317 2679 1570 2768 Paludanus
1604 2679 1758 2783 tenuit,
1786 2681 1906 2797 quod
1941 2708 2034 2767 ma·

547 2843 564 2881 a
606 2803 866 2890 trimonium
900 2801 1222 2890 clandestinum
1258 2833 1342 2890 non
1376 2818 1525 2892 causat
1558 2803 1762 2922 publicae
1794 2802 2033 2892 honestatis

547 2966 564 3004 ‹
604 2924 1011 3044 impedimentum,
1071 2926 1181 3014 sicut
1223 2957 1303 3014 noo
1350 2925 1570 3044 sponsalia
1612 2928 1826 3030 occultat:
1856 2922 2037 3046 quando

549 3089 565 3126 ε
603 3065 706 3138 sunt
724 3049 858 3151 nulla,
882 3065 1035 3164 utpote
1060 3065 1280 3138 revocata:
1302 3067 1344 3136 et
1362 3048 1530 3166 optima
1558 3051 1745 3154 ratione,
1768 3049 1872 3168 quia
1895 3081 2034 3170 quau·

548 3213 565 3252 ι
604 3172 662 3262 do
695 3171 1032 3262 matrimonium
1066 3171 1386 3262 clandestinum
1442 3175 1512 3262 vel
1562 3173 1783 3293 sponsalia
1831 3192 1934 3261 sunt
1964 3203 2035 3261 oc-

546 3336 564 3374 «
603 3294 735 3398 culta,
775 3325 862 3383 non
895 3311 960 3384 est
993 3325 1070 3382 cur
1118 3296 1181 3383 ihi
1219 3297 1522 3386 consideretur
1553 3295 1802 3386 huiusmodi
1825 3297 2033 3416 publicae

547 3459 564 3496 ι
603 3416 842 3506 honestatis
877 3418 1269 3536 impedimentum,
1305 3421 1429 3538 quod
1463 3419 1685 3508 inducitur
1716 3434 2034 3540 propteractus

546 3581 562 3620 ι
602 3555 824 3646 exterum,
861 3558 905 3632 et
938 3543 1169 3632 hominum
1202 3545 1489 3648 scandalum,
1527 3544 1809 3663 caeteroquin
1844 3571 2034 3630 consur-

545 3706 562 3745 «
602 3693 709 3782 gens
742 3665 876 3754 etiam
910 3697 965 3756 ex
998 3666 1110 3754 lacto
1135 3666 1272 3772 nullo,
1300 3667 1547 3783 apparenti,
1585 3699 1635 3755 ac
1658 3667 1846 3786 prolude
1871 3665 1914 3752 in
1940 3665 2034 3752 loro

544 3828 561 3866 ι
601 3787 896 3878 eonscientiae
929 3801 1017 3877 non
1050 3789 1211 3890 obstat,
1248 3790 1485 3908 quominus
1518 3791 1827 3881 contrahentes
1860 3790 2034 3876 nubant

544 3949 561 3989 ι
603 3911 863 4029 propinquis
896 3911 998 4000 hine
1033 3911 1136 4002 inde
1170 3913 1445 4030 desponsatis
1470 3953 1510 4000 ι.
1545 3955 1577 3990 .-.
1653 3949 1658 3958 ·

662 4035 811 4150 Atque
836 4036 942 4122 haec
965 4035 1083 4124 dicta
1105 4035 1194 4124 sint
1215 4038 1299 4126 suh
1321 4067 1522 4140 censura,
1541 4036 1661 4126 salvo
1684 4065 1861 4154 semper
1884 4051 1967 4124 etc.

1035 4469 1538 4606 DECRETUM

1203 4707 1373 4756 *ms-e

668 4890 951 5120 Postquam
984 5005 1082 5096 laici
1118 5007 1427 5127 legumlatores
1470 5025 1647 5126 praeter
1686 5006 1836 5098 civiles
1870 5037 1920 5096 ac
1952 5035 2034 5120 po-

538 5126 685 5218 liticos
712 5125 984 5217 matrimonii
1030 5131 1237 5237 effectus,
1276 5133 1412 5253 impio
1451 5165 1557 5224 ausu
1602 5135 1747 5250 ipsum
1788 5127 2032 5248 pervadere

540 5281 591 5338 ac
623 5247 849 5337 moderari
887 5283 1226 5375 praesumpsere
1267 5259 1595 5348 matrimoniale
1629 5256 1814 5356 loedus,
1851 5248 2033 5372 quoda

550 5375 647 5461 Deo
682 5387 857 5462 auctore
886 5393 1073 5468 naturae
1106 5397 1208 5470 unte
1240 5412 1417 5470 omnem
1450 5381 1590 5472 civilis
1612 5381 1823 5470 societatis
1846 5377 2034 5466 existen·

555 5495 665 5585 tiam
699 5495 903 5614 primitus
947 5501 1222 5612 institutum,
1269 5539 1319 5596 ac
1361 5505 1726 5596 adinellabllem
1761 5493 2032 5598 Sacrameuti
