4516 6318
461 219 586 326 let
942 217 1025 304 Die
1061 217 1116 304 t5
1148 212 1374 302 Februarii
1408 214 1546 304 4879.

495 345 603 434 chus
636 341 790 432 eadem
816 341 1141 457 parochialibus
1165 338 1333 426 iuribus
1351 339 1513 454 opponi
1535 366 1677 454 posse.
1690 336 1768 434 Ait
1791 334 1910 424 enim
1929 338 1997 454 agi

496 467 542 556 in
579 466 772 554 themate
805 464 861 551 de
896 463 1070 552 iuribus
1105 492 1184 578 per
1217 491 1358 549 saeros
1382 490 1572 548 canones
1605 459 1793 562 sancitis
1832 460 1992 578 quibus

498 603 660 680 statuta
694 587 917 696 Dioecesis
941 587 999 673 ab
1022 584 1247 703 Episcopis
1270 585 1353 672 lata
1377 579 1544 671 nullam
1567 584 1803 672 laesionem
1828 582 1991 676 inferre

499 713 666 802 valent.
704 713 804 798 lura
846 709 1066 828 siquidem
1106 708 1373 826 parochialia
1422 708 1584 796 a'iurc
1633 707 1854 795 communi
1891 739 1992 824 pro-

500 835 664 939 fluunt,
702 831 772 922 cui
803 832 1001 951 Episcopi
1036 832 1250 949 derogare
1286 845 1514 950 nequeunt
1535 865 1546 936 ;
1585 861 1683 918 cum
1734 830 1992 924 tralatitium

503 959 547 1046 iu
585 959 681 1046 iure
724 957 778 1044 sit
827 955 944 1072 quod
995 954 1179 1043 inferior
1221 987 1314 1043 -nou
1372 969 1514 1072 potest
1568 953 1779 1070 derogare
1835 953 1920 1071 legi
1972 986 1997 1044 a

499 1080 735 1198 Superiore
760 1079 860 1166 lata.
882 1081 1062 1166 Praeter
1085 1079 1206 1180 haec,
1241 1079 1456 1196 parochus
1475 1078 1775 1196 quaestionem
1811 1089 1993 1164 statuto·
2096 1159 2097 1163 ι

503 1234 605 1293 ιιιιιι
640 1201 818 1320 propius
873 1201 1128 1320 pertingens
1162 1201 1381 1305 observat,
1419 1201 1541 1319 quod
1582 1199 1672 1316 ipsa
1723 1198 1887 1288 nedum
1934 1201 1997 1288 iu·

501 1327 625 1415 ribus
647 1326 735 1414 suis
761 1356 846 1412 uon
880 1324 1168 1444 refragantur,
1208 1354 1360 1412 verum
1396 1323 1528 1416 etiam
1565 1323 1720 1411 iisdem
1747 1354 1878 1440 quam
1908 1353 1994 1413 ma·

500 1451 623 1538 xime
653 1449 985 1566 patrocinantur
1019 1448 1266 1536 dummodo
1304 1451 1349 1534 in
1384 1463 1473 1536 toto
1517 1446 1851 1565 perpendantur
1893 1479 1995 1535 cou-

502 1591 638 1662 textu.
677 1575 875 1659 lamvero
909 1571 1120 1660 dioecesis
1150 1569 1439 1661 Virdunensis
1473 1586 1633 1658 statuta
1674 1601 1697 1658 a
1742 1569 1998 1660 hlonialium

504 1695 742 1814 Capeliano
777 1695 960 1813 allegata
997 1711 1170 1811 praeter
1203 1725 1253 1782 ea
1286 1725 1401 1812 quae
1433 1723 1539 1781 suae
1571 1723 1726 1782 causae
1759 1692 1908 1782 favere
1930 1695 1995 1781 vi-

500 1820 676 1922 dentur,
714 1819 934 1937 quaedam
969 1817 1053 1906 alia
1097 1816 1323 1905 continent
1366 1848 1478 1935 quac
1512 1815 1647 1932 ipsius
1687 1847 1843 1906 causae
1877 1815 1995 1904 οιιιί-Ι

498 1957 635 2044 stunt,
684 1943 827 2082 prouti
866 1940 961 2030 erui
998 1942 1130 2030 datur
1178 1970 1231 2028 ex
1280 1939 1486 2058 Episcopi
1527 1939 1837 2028 informatione
1880 1971 1996 2057 quae

500 2063 725 2183 sequentis
760 2081 824 2153 cst
857 2063 1034 2153 tenoris
1079 2107 1095 2142 ι
1135 2065 1210 2151 His
1243 2081 1390 2151 autem
1426 2065 1601 2152 duobus
1634 2064 1818 2154 decretis
1841 2095 1997 2181 quarn-

507 2229 524 2270 «
540 2217 742 2314 quam
718 2187 1009 2275 uerteraliter
1000 2220 1042 2274 m
1061 2220 1149 2275 suo
1160 2204 1279 2276 textu
1299 2188 1602 2290 enuntientur,
1630 2187 1851 2307 quaedam
1867 2217 1994 2274 exce·

493 2350 523 2390 ·.
565 2312 737 2428 phones
752 2311 1041 2398 formaliter
1029 2309 1996 2432 1neorumdemstatntorumserieapponun·

503 2474 520 2515 ι
564 2451 651 2536 tur,
677 2436 904 2553 utcmque
922 2435 1081 2552 legentt
1124 2435 1403 2552 perspicuum
1444 2451 1510 2522 cst
1547 2435 1838 2524 scilice-tin..
1865 2448 1984 2522 ‚art

506 2597 523 2635 ι
565 2559 672 2646 t38:
694 2606 723 2620 -
741 2559 818 2645 Nel
843 2589 939 2645 caso
979 2559 1025 2646 di
1065 2575 1207 2646 morte
1230 2558 1274 2646 di
1313 2557 1633 2676 unaReligiosa
1658 2592 1685 2646 o
1704 2559 1748 2648 di
1767 2557 1984 2646 unadelle

506 2719 523 2758 ι
563 2711 751 2798 persone
785 2681 974 2769 indicate
994 2682 1063 2768 nel
1084 2681 1348 2798 precedente
1368 2681 1648 2784 articolo,'....
1671 2679 1886 2770 l'uffizioa
1915 2711 1995 2798 pro

507 2843 525 2882 ι
564 2805 681 2892 della
715 2803 896 2892 defunta
930 2804 964 2892 si
999 2803 1041 2890 la
1076 2806 1189 2894 nella
1213 2805 1409 2921 cappella
1433 2804 1502 2892 del
1525 2809 1771 2894 Monastcro
1810 2871 1819 2892 .
1861 2869 1871 2893 .
1915 2873 1924 2891 .
1962 2805 1995 2890 ll

449 2985 454 2996 ·
507 2966 523 3004 ι
563 2925 778 3016 cadavere
812 2929 853 3015 in
887 2927 1054 3046 seguito
1087 2928 1122 3014 si
1157 2927 1358 3045 trasporti
1393 2928 1661 3046 all'ingrcsso
1685 2929 1754 3017 dcl
1792 2931 2002 3016 Monaste·

506 3090 523 3126 ι
564 3081 613 3137 ιο
648 3081 731 3139 ove
763 3051 791 3137 it
827 3055 987 3142 Curato
1017 3051 1132 3140 della
1168 3051 1418 3169 parroechia
1469 3053 1510 3138 lo
1559 3054 1703 3142 riceve
1736 3083 1760 3140 e
1795 3051 1836 3138 lo
1870 3068 1996 3170 porta

416 3199 420 3207 '
510 3213 527 3250 ι
566 3173 649 3261 alla
682 3173 838 3262 Chiesa
873 3174 1168 3294 parrocchiale
1215 3175 1270 3264 ed
1324 3175 1383 3262 ivi
1432 3173 1470 3262 fa
1512 3175 1551 3262 le
1595 3177 1712 3293 preci
1749 3207 1773 3262 e
1807 3174 1847 3261 le
1881 3205 2035 3263 cere·v

507 3337 523 3372 ι
563 3297 710 3384 munic
745 3300 971 3415 prescrittc
1020 3331 1100 3416 per
1134 3300 1234 3388 tutti
1272 3298 1283 3385 i
1318 3297 1470 3387 fedeli.
1514 3303 1693 3389 -Luce
1741 3299 1900 3387 clarior
1934 3315 1999 3388 est

507 3459 523 3498 ι
564 3419 761 3537 praefata
795 3420 995 3539 exceptio
1032 3423 1233 3540 nullique
1280 3422 1585 3538 disceptationi
1634 3423 1842 3512 obnoxia.
1881 3423 2028 3512 Cum.

505 3581 523 3622 ι
564 3543 684 3630 enim
719 3543 900 3662 singulis
935 3545 1093 3634 diebus
1127 3545 1361 3636 dominicis
1396 3563 1597 3633 teneatur
1630 3547 1870 3664 parochuS,
1908 3575 1995 3634 nou

507 3705 524 3744 c
565 3683 712 3754 autem
738 3669 992 3756 fllonialium
1016 3670 1279 3784 Capelianus
1299 3670 1369 3783 (ee
1390 3667 1551 3756 decreto
1573 3669 1617 3758 S.
1640 3671 1810 3758 Rituant
1835 3669 1992 3784 Coapr.

507 3829 524 3868 ι
566 3789 655 3876 diei
688 3793 715 3878 7
749 3791 987 3878 Decembris
1038 3793 1159 3880 1844
1209 3797 1253 3878 ia
1292 3791 1537 3910 Quebecett.)
1574 3794 1629 3880 ad
1665 3797 1995 3885 Sacrosanctum

506 3951 524 3990 ι
562 3913 715 4002 Missae
739 3913 1008 4004 Sacrificium
1045 3913 1321 4004 offerendum
1357 3947 1436 4034 pro
1471 3915 1687 4034 spirituali
1731 3917 1915 4020 familia,
1943 3946 1997 4002 ex

504 4072 523 4112 ι
562 4065 649 4153 qua
683 4054 801 4124 certe
818 4039 998 4128 Sorores
1020 4057 1192 4130 nostrae
1213 4057 1298 4127 non
1324 4039 1632 4143 excluduntur,
1661 4072 1852 4160 aequum
1877 4055 1991 4142 erat,

506 4197 523 4235 ι
561 4173 610 4245 ut
649 4190 733 4248 non
774 4179 993 4249 arceretur
1026 4165 1240 4282 parochus
1274 4165 1330 4252 ab
1364 4164 1529 4251 ultimis
1568 4167 1773 4281 precibus
1815 4195 1895 4281 pro
1928 4193 1993 4250 sa-

504 4317 521 4356 «
562 4281 653 4370 lute
686 4283 860 4372 illarum
896 4285 1134 4375 fundendis
1170 4319 1249 4376 nec
1282 4287 1440 4374 ultimo
1481 4317 1558 4374 suo
1595 4290 1689 4380 iure
1723 4288 1988 4408 privaretur.

627 4407 881 4496 «Aliunde
898 4441 1028 4499 nemo
1043 4411 1177 4499 nescit
1191 4410 1430 4530 parochum
1447 4411 1676 4530 plerasque
1693 4412 1861 4530 puellas
1874 4437 1988 4529 quae

497 4567 524 4610 .«
564 4529 754 4618 scholam
799 4533 1122 4624 Virduncnsem
1161 4537 1205 4624 S.
1235 4533 1387 4652 loseph
1412 4532 1759 4651 frequentant
1748 4567 1791 4622 m
1816 4534 1989 4624 Christo

505 4689 523 4730 ι
562 4653 659 4742 lesu
694 4685 774 4770 per
806 4657 1073 4773 baptismum
1109 4660 1326 4777 genuisse,
1366 4688 1444 4745 nec
1478 4689 1671 4776 unquam
1696 4691 1773 4750 suo
1798 4657 1990 4776 paterni·

504 4813 522 4853 c
564 4774 661 4864 tatis
696 4778 824 4867 huius
857 4781 1094 4897 spiritualis
1130 4785 1254 4872 titulo
1289 4811 1415 4900 posse
1437 4779 1631 4886 destitui,
1660 4811 1897 4900 rursusque
1922 4811 1995 4898 pa-

505 4901 758 5006 «rochum,
798 4933 883 4992 non
922 4923 1067 4992 autem
1120 4907 1405 5044 Capellannm
1452 4907 1703 5017 hlottiafium
1755 4907 1986 5044 proprium
2090 4942 2092 4946 ·

507 5063 522 5096 a
563 5051 656 5111 esse
689 5027 986 5132 Sacerdotem,
1024 5030 1146 5118 cuius
1181 5027 1427 5150 praesentia
1460 5027 1532 5115 vel
1554 5007 1769 5150 delegatio
1802 5025 1989 5149 requiri·
2008 5098 2010 5101 .

507 5185 523 5220 ι
564 5163 635 5232 tut
668 5149 722 5236 ad
763 5153 1090 5240 matrimonium
1127 5152 1407 5272 puellar'um
1398 5182 1441 5237 ιιι
1466 5179 1744 5272 quocumque
1768 5164 1988 5241 monaste

505 5309 521 5343 ι
561 5270 626 5355 rio
661 5273 929 5362 educationis
951 5307 1079 5367 causa
1103 5278 1375 5397 degentium.
1397 5275 1584 5388 Quando
1603 5281 1719 5366 enim
1754 5273 1877 5364 aliud
1900 5301 1986 5358 non

490 5427 546 5484 ,ι
562 5392 737 5502 hahent
761 5399 1060 5496 domicilium
1084 5433 1229 5522 neque
1280 5419 1480 5518 parentes
1529 5402 1647 5518 apud
1695 5429 1806 5519 quos
1840 5395 1988 5487 confu-
