4350 6326
584 327 691 414 ¹Dio
721 327 783 414 20
814 323 1063 442 Septembris
1095 326 1235 414 l879.
1576 327 1667 416 497
1783 385 1785 393 ·

181 457 266 545 tiae
300 449 615 568 expostulantis
650 478 869 538 unacum
903 478 1018 538 novo
1057 449 1346 547 documento,
1399 466 1532 566 atque
1579 479 1671 540 me·

184 572 362 670 moniali
405 573 516 690 typis
548 573 778 691 impresso,
814 569 873 660 de
895 572 1057 689 quibus
1079 570 1261 660 inferius
1284 569 1520 660 habebitur
1541 572 1668 681 ratio,

182 701 265 790 sub
300 694 373 786 die
406 697 437 786 5
470 695 567 784 lolii
602 695 724 784 l879
757 692 813 782 de
847 693 1056 783 mandato
1089 693 1186 782 nni
1219 693 1429 782 Praefecti
1477 695 1677 814 rescripsi

183 824 270 913 Per
304 817 545 906 memoriale
575 819 703 905 citata
721 831 863 932 parte.

310 939 532 1028 Omnibus
547 939 630 1026 rite
642 938 869 1055 completis
881 939 1081 1058 quaestio
1094 940 1200 1028 haec
1214 937 1346 1026 bodie
1364 940 1671 1032 maneS.V.O.

186 1062 435 1156 dirimenda
470 1062 731 1178 proponitur
762 1061 846 1149 sub
879 1061 1015 1150 dubio
1048 1061 1091 1148 in
1126 1061 1243 1150 calce
1265 1061 1460 1176 excripto
1482 1089 1677 1150 summa·

188 1191 271 1278 tim
293 1183 416 1302 prius
431 1183 487 1272 de
509 1215 629 1274 more
645 1183 792 1272 relatis
810 1184 1029 1272 rationum
1053 1184 1287 1272 momentis
1308 1213 1422 1301 qnae
1444 1185 1488 1271 in
1513 1213 1678 1272 memo·

190 1307 285 1396 riali
299 1306 478 1396 seorsim
493 1305 802 1396 distribuendo
820 1337 875 1394 ex
896 1320 1019 1424 parte
1041 1307 1279 1396 Oeconomi
1303 1305 1513 1422 producta
1533 1305 1673 1410 luere,

189 1448 232 1520 et
267 1428 371 1516 dein
404 1427 594 1547 quaein
628 1427 887 1545 allegatione
920 1429 1084 1547 pariter
1117 1429 1421 1518 distribuenda
1455 1459 1509 1516 ex
1554 1445 1695 1544 parte·

192 1549 389 1667 Capituli
422 1549 689 1638 referuntur.

317 1675 526 1760 Enarrato
559 1672 691 1788 igitur
723 1674 784 1760 ab
815 1675 1053 1763 Oeconomi
1086 1673 1268 1764 Guarini
1301 1670 1678 1790 defensorequod

83 1839 86 1846 ·
189 1793 315 1886 electi
331 1797 388 1884 ab
407 1795 500 1912 ipso
522 1795 690 1912 agentis
724 1796 987 1914 negligentia
1021 1796 1183 1886 laetum
1202 1795 1283 1885 luit
1301 1825 1444 1914 neque
1461 1793 1678 1882 contraria

188 1931 446 2035 argumenta
464 1915 647 2006 refutata
671 1916 818 2022 luisse,
841 1950 982 2036 neque
1002 1920 1346 2038 appellationem
1372 1916 1485 2006 inira
1516 1917 1677 2006 decen-

189 2040 319 2132 dium
336 2040 656 2155 interpositam,
677 2041 861 2129 sustinet
876 2042 1040 2132 editam
1058 2042 1318 2132 sententiam
1342 2042 1450 2132 lalso
1473 2039 1675 2128 laborare

188 2161 433 2282 supposito.
471 2161 842 2280 Quandoquidem
875 2165 921 2254 S.
958 2167 1011 2253 V.
1048 2167 1103 2256 0.
1141 2153 1325 2254 relatum
1359 2162 1491 2252 fuerit
1523 2179 1567 2248 et
1600 2191 1679 2280 pe-

189 2316 268 2374 nes
301 2281 552 2401 Capitulum
587 2285 781 2375 residere
813 2286 1085 2374 habitualem
1120 2287 1368 2376 animarum
1416 2311 1583 2387 euram,
1631 2297 1677 2372 et

188 2406 274 2524 ipsi
309 2407 353 2494 in
395 2405 591 2495 subiecta
639 2411 822 2496 materia
877 2426 1050 2525 praesto
1098 2407 1230 2498 luisse
1278 2405 1679 2496 immemorabilem

186 2527 571 2618 consuetudinem.
608 2529 806 2619 Primum
840 2528 996 2619 falsum
1029 2561 1121 2620 csse
1155 2531 1316 2620 evincit
1352 2563 1409 2619 ex
1455 2561 1509 2618 eo
1556 2529 1679 2648 quod

186 2681 442 2768 numquam
478 2651 593 2740 velet
625 2652 875 2770 Capitulum
911 2653 1214 2742 demonstrare
1246 2653 1332 2741 sibi
1376 2685 1401 2740 a
1447 2653 1678 2741 Paroeciae

187 2772 466 2862 institutione
498 2793 748 2893 competere
780 2774 1130 2863 habitualitatem
1164 2776 1304 2865 Curae
1338 2775 1606 2863 animarum.
1628 2772 1674 2865 Si

187 2900 312 2988 enim
347 2895 404 2983 ita
436 2912 547 2984 esset
583 2897 624 2983 in
658 2897 815 2988 edictis
835 2927 1080 3000 concursus
1104 2929 1182 3014 pro
1205 2929 1319 2986 nova
1337 2895 1567 2986 collatione
1591 2927 1680 2983 non

191 3019 446 3108 ediceretur
468 3019 653 3108 Vacante
674 3017 927 3108 Animarum
950 3021 1079 3124 Caro,
1103 3019 1180 3109 sed
1200 3021 1247 3112 V
1245 3023 1382 3108 icaria
1404 3019 1566 3107 Curata
1587 3049 1679 3106 ram

194 3143 315 3228 Cura
346 3141 581 3228 animatam
615 3142 761 3257 prouti
797 3157 884 3230 tam
936 3141 980 3230 in
1023 3143 1147 3231 Urbe
1196 3175 1330 3262 quam
1377 3142 1421 3230 in
1471 3139 1679 3230 omnibus

202 3262 485 3351 Dioeeesibus
518 3262 726 3351 asservari
759 3263 871 3352 solet
904 3265 949 3352 in
982 3264 1219 3356 indicendo
1251 3293 1461 3354 concursu
1495 3295 1578 3382 pro
1606 3263 1682 3350 Vi-

196 3386 313 3474 caria
349 3384 511 3473 Curata
545 3400 742 3474 vacante.
789 3389 882 3474 lmo
905 3386 950 3474 in
973 3389 1092 3476 Urbe
1112 3405 1290 3507 peracto
1313 3415 1525 3478 concurso
1549 3389 1682 3474 Effius

197 3507 445 3598 Cardinalis
476 3506 672 3596 Vicarius
705 3525 954 3628 praesentat
986 3510 1188 3630 Capitale
1223 3512 1284 3598 uti
1333 3542 1438 3598 vere
1484 3509 1680 3596 Parocbo

199 3646 287 3718 tres
319 3658 374 3715 ex
406 3628 545 3744 magis
578 3629 854 3749 dignioribus
884 3631 943 3722 ad
977 3634 1056 3721 boc
1091 3649 1137 3719 ut
1173 3635 1285 3722 inter
1318 3635 1435 3753 ipsos
1477 3630 1561 3720 sibi
1612 3629 1682 3718 Vi·

198 3751 364 3841 carium
398 3750 661 3840 benevisum
693 3754 840 3871 eligat,
878 3787 927 3843 ac
961 3769 1006 3843 ut
1049 3754 1159 3856 talis,
1217 3773 1260 3844 ct
1309 3785 1396 3844 non
1444 3753 1504 3843 uti
1550 3782 1681 3840 verus

196 3873 416 3964 Paroebus
451 3873 709 3963 instituitur.
747 3879 794 3962 ln
829 3877 1005 3994 reliquis
1039 3877 1323 3966 Dioeeesibus
1357 3877 1499 3966 simile
1521 3875 1679 3992 practi-

200 4014 322 4086 catur
354 4013 396 4082 et
431 3994 475 4082 in
507 4000 729 4088 Co‘ncursu
760 4014 804 4086 et
836 3997 881 4084 in
914 4001 1187 4088 Institutione
1221 4000 1415 4120 provisio
1439 3997 1684 4115 appellatur
1817 4093 1826 4102 „

204 4120 252 4210 V
249 4118 387 4204 icaria
419 4149 509 4204 cara
539 4151 642 4215 cara
674 4121 910 4208 animarum
942 4122 1208 4212 adamussim
1241 4123 1345 4242 quia
1377 4119 1585 4210 Paroecia
1608 4118 1684 4205 ba-

204 4239 429 4329 bitualiter
461 4243 623 4330 residet
655 4245 698 4330 iu
733 4243 984 4360 Capitulo.'

329 4364 391 4448 Ex
424 4393 512 4479 quo
545 4365 707 4482 colligit
740 4366 991 4483 Capitulum
1025 4368 1277 4457 Manduriae
1312 4369 1369 4456 ab
1403 4363 1678 4453 institutione

204 4485 435 4572 Paroeciae
467 4513 642 4604 semper
674 4489 805 4578 luisse
836 4505 1096 4578 extraneum
1130 4523 1154 4578 a
1184 4523 1289 4580 eura
1312 4489 1578 4587 animarum,
1604 4513 1684 4570 ceu

204 4605 251 4698 in
284 4635 437 4694 causac
469 4610 817 4726 repropoeitione
848 4611 1131 4730 probandum
1154 4613 1304 4717 edicit,
1335 4610 1683 4724 Parecbumqae,

209 4729 310 4818 lieet
343 4729 527 4846 primam
561 4732 751 4849 Capituli
784 4735 1062 4852 dignitatem,
1092 4735 1271 4823 omnino
1310 4729 1685 4853 independentern

208 4851 251 4940 in
288 4881 391 4940 cora
425 4851 672 4944 animarum
706 4887 731 4944 a
763 4857 969 4974 Capitulo
1000 4856 1147 4946 fuisse.
1173 4857 1304 4970 Quod
1327 4851 1687 4967 evincitautiquo

207 4987 369 5062 statuto
401 4973 519 5062 illius
551 4977 765 5068 Ecclesiae
799 4981 878 5068 ubi
912 4980 1071 5098 legitur
1105 4979 1225 5096 Cape
1264 4979 1314 5066 di
1361 4994 1504 5096 questa
1547 4971 1688 5060 Celle-

206 5095 378 5212 pictai
412 5095 668 5220 l’Arcipreto
701 5103 737 5188 il
768 5103 890 5220 quale
921 5101 977 5190 la
1011 5101 1053 5190 la
1085 5135 1186 5192 cara
1217 5101 1326 5190 delle
1355 5105 1496 5190 aalma
1513 5098 1557 5184 ia
1581 5107 1690 5183 tetta

211 5217 464 5306 l’estoasioae
496 5220 566 5310 del
598 5226 835 5313 territorio.
870 5227 1023 5347 Neque
1054 5225 1147 5344 ipsa
1181 5225 1303 5344 argui
1337 5237 1482 5343 potest
1505 5220 1568 5309 ab
1586 5247 1691 5307 exa·

209 5341 331 5428 mine
360 5341 482 5460 quod
516 5343 773 5438 demandari
805 5349 913 5438 solet
945 5379 1025 5466 pro
1057 5349 1354 5466 aspirantibus
1393 5346 1451 5460 ad
1484 5356 1692 5432 vacantes

205 5463 580 5580 participationes,
618 5499 718 5559 cum
752 5489 869 5560 reete
900 5485 1110 5562 statutum
1144 5471 1224 5562 boc
1271 5471 1327 5560 sit
1373 5471 1430 5559 ab
1468 5460 1693 5584 episeopis

1346 5693 1349 5701 .
1507 5609 1566 5698 63
