4460 6332
522 267 617 360 tet
945 263 1027 354 Die
1057 263 1128 354 20>
1149 259 1398 380 Septembris
1433 263 1569 352 l879.

521 393 590 480 tis.
627 387 721 476 llnn
753 385 848 480 sine
881 384 1047 476 ratione
1094 417 1175 508 per
1231 400 1293 474 tot
1338 387 1510 476 saecula
1571 380 1850 503 pandectae
1913 408 2033 496 paro·

518 511 699 602 chorum
734 506 1034 598 firmissimum
1068 507 1340 601 certitudinis
1374 536 1594 596 assensum
1633 501 1829 622 optime
1867 531 2033 598 merue-

519 651 647 724 runt..
675 629 786 718 Hinc
817 629 1077 722 Tridentinn
1109 631 1329 750 Synodns,
1368 629 1567 746 parochis
1606 623 1927 716 describendi
1963 659 2030 718 na-

521 752 726 855 tivitates,
763 751 1045 842 matrimonia
1079 770 1121 842 et
1156 748 1775 842 interitus·Christis1delium
1823 748 1868 834 in
1917 747 2032 841 libris

521 875 720 996 apposite
753 874 958 964 conlectis
989 874 1321 976 commendans,
1343 873 1535 962 officium
1572 870 1800 988 publicae
1849 879 2032 962 auctori·
2156 918 2159 941 ι

522 997 621 1108 tatis
655 1027 814 1086 munus
848 995 890 1084 in
935 997 1038 1114 ipsis
1080 997 1374 1087 confirmarit.
1413 997 1539 1086 Fides
1581 1025 1694 1112 ergo
1737 991 1875 1080 libris
1911 1027 2031 1110 paro·
2166 1010 2167 1095 l

521 1119 588 1210 chi
611 1118 762 1238 oppidi
812 1120 1005 1236 Bnrpetti
1039 1119 1292 1210 adhihenda
1338 1131 1402 1208 est
1435 1117 1733 1219 firmissima,
1791 1115 1838 1200 iu
1876 1115 2031 1232 quihus

518 1241 774 1362 genealogia
818 1241 1056 1332 Salvatoris
1089 1241 1245 1360 Grippi
1270 1240 1551 1344 describitur,
1578 1258 1622 1328 et
1646 1238 2024 1347 matrimonium,

521 1366 640 1486 quod
673 1361 907 1452 Petronilla
939 1361 1181 1480 Gangialosi
1215 1393 1313 1452 cum
1348 1363 1443 1453 eius
1475 1362 1821 1478 consanguineo
1845 1361 2025 1476 Stepha-

525 1484 752 1604 noGrippi
772 1483 935 1573 iamdiu
953 1484 1161 1578 defuncto
1185 1484 1328 1573 inivit.
1343 1486 1460 1596 Quin
1481 1483 1570 1571 imo
1594 1486 1739 1570 ctiam
1779 1483 2032 1572 considera-

521 1609 641 1696 tione
674 1607 856 1725 dignum
901 1635 1055 1705 censeo
1097 1607 1214 1730 quod
1267 1607 1309 1694 in
1343 1606 1588 1698 Siciliarum
1614 1637 1765 1722 regno
1803 1621 1915 1694 ante
1955 1638 2034 1694 an-

519 1759 626 1818 num
677 1731 796 1818 1860
837 1729 936 1816 libri
987 1730 1254 1847 parochiales
1287 1761 1311 1818 a
1347 1729 1542 1845 parochis
1580 1759 1664 1814 non
1722 1743 1866 1814 erasit
1903 1757 2027 1816 mauu

520 1852 697 1971 propria
748 1852 1005 1969 subsignati,
1049 1854 1147 1940 nisi
1190 1851 1423 1941 collatione
1458 1852 1577 1968 prius
1614 1849 1735 1938 lacta
1782 1879 1893 1937 oum
1928 1851 2032 1940 scri-

520 1975 659 2092 pturis
688 2003 730 2062 ‘a
773 1974 1027 2092 municipali
1060 1974 1317 2063 auctoritate
1352 1973 1554 2088 receptis.
1602 1975 1648 2059 ln
1694 1971 1840 2061 libris
1888 2003 1912 2059 a
1953 2005 2030 2090 pa-

523 2096 655 2188 rocho
687 2096 881 2214 Borgettl
928 2095 1082 2214 oppidi
1131 2096 1311 2214 prolatis
1354 2097 1412 2182 oh
1456 2125 1648 2196 cansam,
1691 2095 1758 2183 de
1803 2125 1898 2214 qua
1941 2088 2030 2213 agi·¹

522 2236 610 2322 tur,
650 2219 793 2306 nullus
826 2248 963 2321 error,
1002 2219 1145 2308 nullus
1176 2217 1397 2308 scribendi
1442 2217 1669 2318 delectus,
1709 2215 1845 2304 nulla
1885 2217 2025 2304 litera-

521 2371 618 2428 rum
653 2339 929 2457 ambiguitas,
967 2341 1090 2444 nihil,
1128 2339 1247 2460 quod
1297 2339 1430 2458 possit
1452 2337 1749 2456 suspicionem
1776 2336 1875 2426 doli
1901 2368 2019 2453 prae-

518 2463 646 2550 bere.
682 2463 871 2578 lpsatnet
903 2461 1061 2550 mnlicr
1095 2465 1137 2550 in
1172 2461 1356 2579 supplici
1390 2494 1467 2550 suo
1501 2461 1650 2550 libello
1694 2459 2016 2580 appellationis

519 2581 752 2672 confitetur
784 2581 946 2672 iamdiu
996 2584 1169 2674 scivisse
1214 2585 1489 2675 Salvatorem
1538 2583 1694 2701 Grippi
1746 2611 1851 2671 esse
1892 2611 2013 2669 suum

516 2702 709 2794 alfinem.
746 2705 894 2818 Quare
926 2737 1030 2824 ergo
1078 2705 1282 2796 del'ensor
1331 2705 1598 2794 matrimonii
1646 2705 1938 2824 querebatur
1977 2705 2013 2789 in

518 2827 710 2916 secunda
764 2827 968 2916 instantia
1015 2829 1133 2946 quod
1184 2828 1351 2916 nullum
1400 2827 1632 2916 tritticum
1689 2842 2009 2946 argumentum

521 2949 713 3037 inveniri
752 2949 809 3038 ad
844 2947 1240 3038 demonstrandum
1272 2949 1500 3039 vinculum
1540 2947 1762 3038 affinitatis
1789 2947 2007 3038 iuterSal·

517 3087 711 3160 retorem
747 3070 902 3190 Grippi
936 3089 979 3160 et
1012 3071 1296 3194 Petronillam
1330 3071 1577 3189 Congialosi
1616 3071 1897 3161 videbatur?

1008 3315 1194 3408 CAPUT
1226 3315 1524 3407 SECUNDUM

763 3563 933 3650 Constat
965 3557 1176 3654 euidenter
1207 3557 1369 3645 nollem
1403 3555 1752 3673 dispensationem

703 3683 754 3772 ab
788 3683 1081 3800 impedimento
1114 3676 1337 3802 affinitatis
1371 3680 1561 3796 coniupes
1594 3682 1818 3797 accepisse.

637 3931 844 4046 Quaestio
878 3963 931 4019 an
968 3929 1233 4048 dispensatio
1256 3929 1298 4018 in
1325 3931 1620 4038 matrimonio,
1647 3933 1818 4052 dequo
1843 3929 1992 4048 agitor,

516 4051 752 4168 impetrata
785 4055 838 4142 sit
870 4071 914 4144 et
946 4055 1143 4157 obtenta,
1180 4051 1382 4171 quamvis
1420 4053 1475 4142 sit
1524 4053 1626 4142 lacti
1676 4058 1821 4174 potius
1870 4069 1993 4170 quam

516 4171 636 4278 iuris,
673 4177 807 4268 habet
841 4177 1034 4296 aliquam
1070 4193 1216 4267 tamen
1251 4173 1509 4264 relationem
1542 4207 1642 4266 crim
1677 4179 1790 4286 iure,
1822 4189 1991 4298 propter

501 4295 862 4403 circumstantias
894 4299 938 4391 in
972 4297 1135 4419 quihus
1167 4298 1419 4417 coniugium
1454 4298 1537 4387 luit
1577 4301 1871 4404 celebratum
1918 4287 1990 4382 sed

514 4419 580 4509 ius
614 4439 766 4522 taratra
798 4437 862 4512 est
894 4439 939 4510 et
961 4419 1237 4540 hypothetica
1260 4451 1433 4537 prorsus
1456 4419 1607 4524 relatio
1628 4422 1865 4534 censenda.
1909 4411 1991 4506 Pri·

513 4568 636 4634 mutu
669 4545 725 4636 de
758 4545 886 4648 lacto,
923 4560 1071 4664 postea
1104 4541 1161 4632 de
1193 4541 1404 4632 relatione
1437 4543 1543 4642 iuris
1576 4542 1739 4635 dicam.

638 4667 915 4789 Dispensatio
947 4697 971 4754 a
1004 4666 1161 4758 Sancta
1182 4663 1296 4756 Sede
1328 4695 1409 4754 neo
1431 4665 1513 4766 luit
1534 4667 1731 4774 obtenta,
1758 4697 1841 4757 nee
1862 4663 1982 4754 otiam

495 4787 664 4902 petita.
701 4789 842 4878 'Pestis
872 4786 962 4908 fide
977 4787 1164 4907 publica
1185 4786 1361 4904 dignae,
1386 4788 1550 4886 scilicet
1572 4789 1853 4880 cancellarius
1875 4787 1982 4876 Mon·

513 4911 747 5028 regulensis
777 4911 989 5002 dioecesis
1022 4909 1261 5003 declaravit
1293 4910 1461 5028 nullum
1496 4939 1705 5028 unquam,
1744 4941 1823 5000 nec
1846 4943 1869 5000 a
1890 4931 1997 5008 eon·‚

498 5031 706 5150 iugibus,
742 5065 822 5126 nec
854 5067 879 5124 a
913 5033 1120 5152 parocho,
1141 5062 1262 5122 neca
1295 5032 1449 5152 quovis
1481 5031 1568 5140 alio
1601 5012 1995 5152 rescripseramus

514 5153 695 5256 tilleium
728 5155 1065 5278 dispensationis
1097 5153 1311 5274 accepisse
1342 5153 1465 5247 circa
1485 5153 1853 5272 impedimentum
1892 5143 1976 5248 affi-

494 5275 662 5376 ninas
694 5281 738 5370 in
771 5278 1054 5390 matrimonio
1085 5277 1198 5368 inter
1229 5277 1499 5376 salvatorem
1532 5269 1753 5395 Grippi'et
1774 5267 1975 5366 Petrooil·

495 5393 599 5492 ..lam
614 5401 1119 5522 GangiulosiNerumud
1137 5397 1410 5520 praedictum
1425 5399 1729 5508 cancellarium
1741 5392 1976 5524 pertinebat
