4446 6330
695 307 777 396 Dic
807 308 869 399 25
902 309 1098 398 Ianuarii
1129 307 1269 400 4879.
1664 317 1716 404 ll

225 432 343 556 5¹32
357 434 473 525 Cum
507 429 642 550 igitur
677 461 731 522 ex
754 431 924 522 actibus
945 463 1173 554 processus
1195 430 1397 550 apprime
1419 448 1586 524 constet
1602 439 1724 557 quod

230 559 297 650 nil
332 556 445 647 ultra
478 553 743 644 tentandum
778 575 991 661 remanet,
1019 575 1070 648 ιιι
1090 553 1348 660 resistentia,
1375 585 1432 644 ne
1454 555 1599 648 dicam
1620 590 1719 678 per·

232 681 399 771 tinacia
431 709 487 766 ex
519 695 645 796 parte
677 678 878 770 mulieris
911 682 1111 802 opposita
1145 680 1357 784 vincatur,
1396 697 1596 770 remanet
1633 699 1729 774 tan-

233 801 470 894 tummodo
503 816 552 889 ut
583 801 749 908 omnia,
785 833 900 921 quae
933 835 958 892 a
991 803 1123 895 Curia
1141 801 1459 921 Albinganensi
1488 804 1635 909 missa,
1673 809 1731 900 ad

230 929 285 1022 S.
321 924 485 1020 sedem
518 942 834 1042 pervenerunt,
871 926 1104 1046 diligenter
1137 924 1462 1030 examinentur,
1484 925 1539 1015 ad
1568 924 1650 1017 lucc
1683 947 1730 1023 ut

232 1046 504 1170 quaestionis
537 1047 711 1152 solutio,
748 1079 862 1168 quae
897 1065 1127 1168 tantopere
1160 1047 1434 1138 desideratur
1467 1079 1553 1138 non
1586 1051 1730 1146 solum

231 1173 296 1262 ab
329 1189 475 1261 actore
506 1169 732 1261 Francisco
765 1172 907 1279 Pizzo,
941 1171 1020 1263 sed
1053 1171 1185 1262 etiam
1220 1203 1245 1261 a
1277 1175 1390 1263 llriuc
1423 1171 1480 1260 D.
1518 1173 1732 1296 Episcopo

232 1292 572 1414 Albinganensi,
610 1294 879 1384 obtineatur.
910 1298 1161 1415 Antequam
1196 1327 1301 1384 vero
1350 1322 1496 1382 meam
1533 1295 1731 1414 qualem-

233 1447 430 1539 cumque
478 1417 740 1524 sententiam
789 1418 1016 1536 aperiam,
1069 1416 1176 1506 dum
1230 1420 1341 1506 banc
1388 1413 1598 1521 causam}
1645 1421 1730 1509 sub

234 1537 503 1657 Theologico
536 1556 750 1659 respectu,
787 1540 1149 1632 considerandam
1185 1538 1430 1660 aggredior,
1468 1539 1731 1634 succinctam

233 1664 338 1754 lacti
372 1661 692 1780 expositionem
726 1665 969 1754 necessario
1002 1662 1372 1783 praemittendam
1408 1662 1629 1751 existimo.

807 1911 927 1998 Facti
959 1910 1169 2027 expositio

362 2155 495 2243 Anno
528 2155 708 2244 Domini
744 2157 867 2245 4866
899 2155 972 2246 die
1005 2157 1035 2244 lt
1070 2153 1253 2274 Augusti
1298 2154 1342 2242 in
1376 2152 1563 2243 Ecclesia
1611 2155 1729 2244 Con-

231 2292 395 2367 ventus
427 2279 474 2370 S.
501 2278 765 2368 bernardini
798 2309 938 2398 prope
973 2279 1329 2399 Albingaunum,
1376 2276 1636 2394 dispensatis
1668 2279 1728 2368 ab

125 2509 128 2516 ἢ
231 2399 451 2520 Episcopo
488 2399 627 2490 tribus
660 2401 876 2491 consuetis
907 2400 1323 2492 denunciationibus
1357 2415 1401 2488 et
1439 2429 1641 2489 concessa
1677 2399 1730 2490 li·

232 2523 378 2612 centia
411 2525 464 2612 R.
507 2525 557 2611 P.
594 2522 846 2616 Gaudentio
879 2526 936 2613 ab
968 2525 1117 2615 Alnzio
1150 2527 1209 2612 M.
1240 2524 1294 2612 0.
1337 2521 1595 2625 adsistendi,
1632 2521 1728 2613 loco

235 2645 441 2750 Parochi,
478 2645 765 2736 celebrationi
791 2647 1073 2752 Matrimonii,
1110 2647 1384 2738 celebratum
1402 2643 1483 2734 luit
1505 2644 1729 2736 Matrimo-

230 2770 359 2856 nium
394 2769 508 2858 inter
538 2770 816 2860 Franciscum
850 2769 971 2858 Pizno
1004 2775 1156 2860 aetatis
1187 2771 1249 2860 26
1283 2795 1518 2873 annorum,
1555 2765 1613 2856 de
1646 2771 1729 2858 Pa·

234 2891 382 2980 roecia
414 2892 584 2998 Saleae,
627 2907 672 2982 et
703 2892 883 2984 Mariam
916 2895 1214 2984 Violantinam
1235 2891 1422 2982 Arduini
1457 2889 1610 2979 aetatis
1642 2922 1730 2981 an·

232 3043 399 3101 norum
432 3015 492 3104 st
526 3015 570 3104 in
604 3016 808 3107 Paroecia
841 3017 1024 3107 Sanctae
1057 3017 1215 3106 Mariae
1247 3016 1293 3104 in
1327 3013 1541 3102 Fontibus
1573 3013 1729 3110 Albin·

232 3164 319 3252 gae
352 3154 714 3237 commorantem,
753 3141 817 3229 uti
851 3139 1010 3258 legitur
1043 3141 1088 3228 in
1121 3140 1386 3230 documento
1408 3134 1617 3226 celebrati
1640 3141 1727 3227 Ma·

234 3255 433 3346 trimonii
466 3259 701 3379 desumpto
724 3293 779 3351 ex
795 3261 1377 3382 RegestnMatrimoniorum
1408 3259 1550 3352 dictae
1572 3259 1728 3350 Parce-

234 3377 330 3468 ciae
361 3381 407 3471 S.
429 3385 591 3472 Mariae
624 3387 669 3474 in
689 3387 919 3476 Fontibus
1404 3445 1408 3452 ·
1533 3453 1536 3462 .

361 3503 482 3594 Licet
524 3505 658 3596 irater
699 3507 974 3600 Violantinae
1013 3514 1072 3600 D.
1110 3513 1342 3628 Presbyter
1387 3503 1586 3597 Nicolaus
1633 3501 1726 3590 Ar-

233 3619 362 3712 duiui
394 3625 440 3714 in
474 3659 551 3716 sua
585 3629 778 3748 quadam
810 3634 1023 3751 scriptura
1045 3653 1239 3742 exarata,
1266 3647 1500 3750 postquam
1525 3625 1606 3744 ipsi
1629 3655 1725 3742 pro·

233 3775 381 3836 cessus
413 3751 742 3844 Matrimonialis
775 3757 987 3876 legendus
1020 3758 1147 3848 datus
1179 3759 1278 3861 luit,
1315 3783 1517 3872 quaeque
1551 3777 1726 3865 proces-

233 3869 301 3958 sui
338 3881 564 3993 tamquam
597 3878 913 3970 documentum
945 3912 1116 3972 annexa
1162 3878 1400 3977 invenitur,
1433 3870 1607 3992 aliquod
1642 3868 1723 3958 dn·

232 3991 362 4081 bium
396 3997 512 4086 circa
544 4001 818 4094 validitatem
852 4004 980 4095 buius
1013 4001 1278 4094 Matrimonii
1310 4015 1494 4090 conetur
1526 3993 1718 4100 elevare,

236 4131 385 4204 tamen
419 4121 702 4214 retinendum
737 4117 938 4248 apprime
970 4141 1050 4232 est,
1093 4127 1213 4247 quod
1260 4118 1587 4216 Matrimonium
1621 4145 1724 4207 vere

235 4236 434 4328 validum
466 4243 566 4345 luit,
605 4249 666 4336 uti
699 4251 873 4370 egregie
910 4253 1103 4344 ostendit
1147 4249 1353 4340 delensor
1399 4241 1664 4333 Matrimonii
1698 4273 1722 4328 a

203 4397 205 4402 ’
233 4361 368 4451 Curia
400 4365 695 4486 Albinganen.
733 4377 1006 4482 constitutus,
1044 4378 1089 4464 in
1124 4407 1203 4464 sua
1240 4367 1518 4490 responsione
1551 4363 1607 4451 ad
1641 4362 1722 4451 du·

232 4482 309 4571 bia
343 4515 369 4573 a
401 4491 637 4597 Sacerdote
669 4497 857 4588 Ardnini
892 4499 1085 4605 elevata,
1122 4527 1237 4617 quac
1274 4489 1518 4610 respcbsio,
1555 4485 1600 4572 in
1634 4481 1724 4570 fine
1759 4605 1761 4610 ,

234 4611 431 4700 cartulae
463 4615 521 4730 ab
555 4617 648 4735 ipso
670 4621 861 4711 Arduiui
894 4621 1164 4742 conscriptae
1196 4615 1406 4706 relertnr.
1438 4705 1459 4747 ⁸

358 4735 488 4825 llaud
523 4755 667 4830 tamen
708 4746 1001 4854 omittendum
1026 4763 1121 4851 est,
1158 4740 1278 4864 quod
1310 4728 1640 4828 Matrimonium
1662 4726 1720 4816 de

235 4881 322 4969 quo
356 4859 512 4979 agitur,
549 4866 732 4956 minime
764 4871 1034 4959 celebratum
1055 4867 1138 4960 luit
1152 4868 1210 4958 ob
1233 4863 1359 4974 illum
1376 4872 1581 4948 mutuum
1606 4878 1723 4939 nmo-

234 5003 346 5080 rem,
383 4985 460 5103 qui
493 4992 786 5080 communiter
807 4991 941 5085 etiam
965 4997 1061 5110 plns
1082 5021 1243 5110 aequo,
1270 4988 1383 5075 inter
1399 4982 1720 5116 luturcsspoq·

233 5127 302 5186 sos
333 5107 619 5198 exardescere
649 5116 774 5203 solet.
825 5117 896 5204 Uti
940 5115 1129 5206 hahetur
1167 5143 1222 5201 ex
1254 5105 1408 5198 iuratis
1441 5101 1721 5220 depositioni-

234 5217 318 5311 bus
350 5241 443 5316 tum
479 5263 755 5349 sponsorum,
795 5257 887 5328 tum
923 5238 1113 5342 testium,
1132 5231 1384 5324 Franciscns
1406 5257 1484 5344 per
1516 5222 1625 5312 duas
1646 5219 1720 5308 vel

238 5355 325 5434 tres
357 5351 471 5441 vices
504 5351 813 5452 Violantinam
843 5379 948 5455 ante
995 5357 1321 5454 Matrimonium
1356 5349 1554 5450 uiderat,
1591 5360 1634 5432 θῑ
1668 5353 1715 5430 ὓῑ

237 5464 329 5582 ipsa
361 5472 502 5566 iurata
538 5481 816 5604 depositione
863 5486 1039 5594 asserit,
1078 5483 1297 5606 aliquibus
1330 5489 1502 5566 tantum
1543 5463 1717 5558 indiffe-
