4516 6318
522 325 616 428 456
941 333 1050 421 'Die
1083 331 1143 422 t5
1174 333 1400 424 Februarii
1432 333 1570 424 1879.

519 457 746 560 rendum,
799 471 843 545 et
893 457 958 546 ius
1005 456 1206 546 fidelium
1257 457 1314 550 ad
1363 457 1634 576 baptismum
1686 459 2004 578 recipiendum.

520 583 609 678 Sed
662 609 761 669 cum
795 577 875 666 hoc
924 579 1052 670 valde
1098 580 1273 698 gravius
1321 586 1392 686 sit,
1442 581 1501 668 illi
1537 581 1794 700 praevalere
1840 586 2004 692 debet,

521 737 621 799 cum
653 701 925 822 baptismum
961 703 1110 792 lavore
1145 703 1362 806 fidelium,
1400 735 1486 794 noo
1521 703 1695 821 parochi
1723 705 1901 796 alicuius
1936 711 2006 800 vel

520 828 734 921 Ecclesiae
772 825 900 914 luerit
945 825 1206 916 institutum.
1240 829 1418 942 Quibus
1462 828 1645 946 positis,
1694 827 1782 918 duo
1817 830 1859 918 in
1894 829 2009 922 lacto

519 948 795 1074 inspicienda
827 963 981 1055 erunt;
1020 949 1232 1040 nimirum
1284 949 1426 1041 adsint
1460 981 1597 1042 necne
1641 951 1686 1038 iu
1731 953 1914 1068 specie,
1950 954 2009 1046 de

520 1109 609 1200 qua
643 1074 828 1194 agimus,
868 1103 1023 1192 graves
1055 1073 1244 1179 causac,
1283 1105 1398 1198 quae
1432 1073 1533 1162 novi
1569 1074 1699 1164 tontis
1734 1077 2004 1168 erectionem

520 1200 748 1298 suadeant,
781 1210 912 1286 etan
954 1199 1226 1290 consuetudo
1262 1200 1328 1286 vel
1363 1197 1644 1315 privilegium
1680 1197 1809 1286 lentis
1840 1199 2006 1317 baptis·

521 1324 646 1414 malis
679 1319 806 1410 unice
821 1321 1042 1410 retinendi
1065 1321 1283 1414 Ecclesiae
1305 1319 1557 1413 Catbcdrali
1581 1321 1828 1438 quaesitum
1850 1323 2005 1414 luerit.

647 1446 770 1535 Circa
805 1444 995 1561 primum
1031 1447 1138 1536 nihil
1174 1447 1476 1548 immoramur,
1514 1473 1613 1532 cum
1647 1442 1694 1532 id
1728 1477 1782 1534 eu
1816 1446 1876 1534 rei
1908 1477 2006 1536 nar·

521 1571 707 1672 ratione,
743 1568 957 1688 superiori
982 1565 1025 1656 in
1048 1569 1397 1689 Congregatione
1428 1567 1649 1688 proposita
1686 1566 1810 1656 lacilc
1844 1569 2009 1688 digno-

521 1696 579 1786 sci
625 1693 774 1813 possit.
814 1694 876 1780 Dc
912 1692 1046 1780 altero
1081 1723 1184 1781 vero
1216 1691 1404 1783 dubium
1453 1722 1586 1780 omne
1633 1691 1844 1782 dirimere
1876 1692 2010 1782 vide-

522 1836 595 1907 tur
628 1813 833 1904 resolutio
880 1815 927 1907 S.
965 1815 1327 1936 Congrcgatioois
1372 1816 1552 1907 llituum
1586 1811 1660 1901 die
1694 1815 1754 1902 tss
1806 1817 2007 1905 Februa·

523 1941 575 2030 rii
611 1941 733 2028 t75t
764 1937 937 2026 emissa.
974 1941 1257 2056 Disputatum
1290 1939 1406 2029 enim
1458 1956 1562 2026 tunc
1608 1936 1689 2024 luit
1722 1937 1778 2027 dc
1812 1939 2010 2028 llatrici-

520 2080 609 2154 tate
655 2062 868 2152 Ecclesiae
915 2061 961 2151 S.
1001 2063 1178 2152 Mariae:
1206 2079 1415 2181 utraque
1457 2093 1563 2152 vero
1607 2091 1706 2180 pars
1738 2061 2004 2153 admittebat

521 2187 637 2277 illius
671 2185 818 2274 lavore
852 2185 916 2274 ius
963 2187 1231 2275 exclusivum
1281 2186 1411 2274 lontis
1459 2183 1733 2302 baptismalis
1766 2185 2003 2291 retinendi,

520 2327 566 2401 et
598 2311 867 2428 baptismum
899 2309 1172 2399 conferendi.
1209 2309 1297 2404 Sed
1328 2341 1383 2399 cx
1416 2309 1497 2396 hcc
1529 2307 1623 2424 iure
1657 2309 1792 2396 altera
1818 2341 1917 2425 pars
1942 2309 2009 2397 iu·

523 2433 692 2523 larebat
725 2431 1046 2536 matricitatem,
1074 2434 1211 2521 altera
1246 2432 1538 2520 maioritatem
1576 2447 1765 2518 tantum.
1811 2435 1859 2522 S.
1881 2434 2010 2522 'Con-

503 2557 717 2676 'gregatio
752 2585 833 2674 pro
866 2555 1109 2644 maioritate
1143 2554 1359 2644 iudicium
1395 2555 1510 2656 tulit,
1541 2553 1802 2642 matricitate
1826 2555 2002 2644 reiecta.

521 2682 660 2798 lgitur
694 2679 779 2766 iam
816 2697 905 2765 tum
942 2711 966 2768 a
1002 2679 1177 2767 nemine
1204 2679 1245 2764 in
1279 2677 1618 2766 controversiam
1645 2678 1885 2766 vocabatur
1906 2677 2009 2768 luu-

524 2799 789 2893 damentum
818 2801 1089 2904 maioritatis,
1126 2801 1257 2922 quod¹
1279 2831 1333 2889 ex
1360 2801 1455 2889 iure
1488 2800 1709 2890 exclusivo
1744 2830 2007 2919 regeneran-

522 2927 569 3017 di
604 2925 793 3013 infantes
825 2923 1007 3012 aliarum
1044 2925 1331 3014 Ecclesiarum
1366 2925 1520 3012 oritur.
1566 2925 1638 3011 Ab
1670 2955 1724 3012 eo
1758 2953 1862 3014 vcro
1897 2939 2009 3012 tem·

522 3081 629 3168 pore
663 3079 761 3138 cum
795 3066 972 3137 centum
1007 3067 1051 3135 et
1085 3049 1271 3166 amplius
1303 3046 1404 3136 anni
1441 3046 1777 3150 interlluxerint,
1819 3046 2006 3136 Ecclesia

521 3177 566 3266 S.
590 3172 752 3262 Mariae
786 3169 965 3290 pacifice
998 3172 1078 3261 boc
1117 3171 1209 3260 iare
1243 3173 1378 3288 potita
1410 3188 1488 3274 est;
1526 3201 1639 3288 quae
1671 3200 1738 3258 res
1762 3171 1801 3258 ei
1829 3170 2007 3258 titulum

523 3295 751 3384 meliorem
775 3293 833 3383 dc
857 3291 1023 3384 mundo
1043 3295 1211 3384 tribuit.
1232 3298 1301 3384 lus
1324 3293 1665 3410 igiturEpiscopi
1686 3292 1887 3412 erigendi
1909 3291 2001 3382 lon·

523 3435 614 3507 tem
659 3419 702 3506 io
745 3417 929 3506 Ecclesia
971 3419 1209 3536 parochiali
1256 3419 1304 3508 S.
1340 3417 1543 3507 'l'cresiae
1588 3417 1674 3506 iarn
1721 3429 2010 3532 praeventum

520 3542 699 3632 ridetur
731 3541 826 3631 iure
857 3541 1070 3630 Ecclesiae
1094 3539 1344 3634 cathedrali
1366 3540 1546 3656 eiusque
1569 3539 1758 3658 parocho
1780 3540 1994 3658 quaesito.

647 3665 803 3779 Quoad
839 3664 1007 3782 praxim
1034 3695 1139 3755 vcro
1159 3661 1605 3752 animaduertendum
1637 3681 1718 3764 est,
1756 3681 1879 3752 extra
1914 3666 2005 3752 lta-

525 3793 629 3879 liam
667 3791 815 3907 vigere
854 3789 1231 3890 consuetudinem,
1269 3785 1456 3904 Synodis
1491 3787 1622 3874 etiam
1667 3786 2011 3904 provincialibus

520 3911 759 4012 firmatam,
800 3925 848 3998 ut
880 3911 1075 4029 singulae
1111 3911 1378 4029 parochiales
1421 3911 1634 3998 Ecclesiae
1678 3910 1857 4027 proprio
1889 3908 2009 3998 lente

524 4036 760 4123 instructae
792 4032 893 4122 sinte
932 4036 990 4121 iu
1040 4034 1170 4123 ltalia·
1204 4063 1310 4123 vero
1353 4031 1498 4152 pluras
1530 4035 1679 4123 adesse
1710 4033 1906 4124 civitates
1937 4031 2008 4122 vel

524 4157 849 4257 nobilissimas,
901 4155 942 4242 in
993 4159 1154 4274 quibus
1199 4157 1350 4244 unicus
1389 4171 1557 4244 tantum
1588 4155 1688 4244 loos
1732 4155 2008 4274 baptismalis
2091 4265 2099 4274 ι

507 4281 685 4385 'existit,
727 4279 864 4398 idque
894 4294 943 4366 ut
976 4281 1204 4398 vestigium
1239 4278 1417 4397 aliquod
1452 4279 1706 4398 primaevae
1748 4279 2006 4398 disciplinae

479 4407 483 4414 ’
522 4423 736 4507 servetur,
776 4431 862 4520 qua
896 4401 938 4489 io
972 4405 1181 4492 omnibus
1212 4401 1486 4491 dioecesibus
1521 4404 1673 4492 unicus
1707 4419 1877 4492 tantum
1913 4403 2007 4490 lons

382 4525 387 4551 ¹
525 4529 573 4616 in
602 4525 851 4616 cathedrali
885 4525 1072 4614 Ecclesia
1107 4527 1302 4629 extabat,
1349 4523 1404 4613 ad
1440 4555 1571 4643 quem
1607 4557 1758 4616 omnus
1793 4523 2004 4646 baptismi
2143 4553 2145 4556 ·

517 4649 760 4766 recipiendi
795 4679 922 4737 causa
964 4649 1107 4738 allerri
1142 4649 1387 4740 debebant.
1425 4651 1572 4761 Quam
1605 4649 1866 4739 Benedictus
1900 4651 2007 4738 xlv

500 4771 850 4864 1-ΕιιΙιιείιιειίιιιιι
870 4772 1125 4890 disciplinae
1146 4772 1435 4892 pientissimus
1458 4790 1500 4862 et
1524 4773 1885 4862 retinentissimus
1907 4801 2007 4861 eum

522 4896 844 4986 Bononiensem
881 4896 1111 4984 Ecclesiam
1133 4912 1317 5014 regeret,
1339 4923 1530 5018 cumque
1554 4897 1705 4988 unicus
1725 4896 1822 4986 lons
1843 4896 2006 5014 baptis·
2046 4999 2048 5004 λ

521 5021 651 5110 malis
685 5020 729 5108 in
762 5019 1089 5137 lletmpnlitana
1123 5020 1324 5122 Ecclesia,
1364 5020 1500 5107 reteri
1533 5019 1867 5123 consuetudine,
1884 5035 2005 5109 exta·

497 5161 606 5246 ··ret,
643 5145 742 5232 licet
778 5143 1004 5261 perampla
1037 5160 1149 5239 esset
1178 5142 1348 5244 civitas,
1380 5159 1422 5229 et
1446 5143 1610 5262 'populi
1634 5143 2002 5263 frequentissima,

523 5268 644 5356 nulla
677 5265 844 5355 habita·
865 5268 1037 5355 ratione
1068 5265 1352 5370 incommodi,
1389 5265 1507 5385 quod
1532 5267 1589 5357 ad
1611 5267 1732 5355 illam
1754 5265 2006 5358 adeundum

524 5387 640 5478 lerre
673 5387 890 5476 deberent
922 5389 967 5490 ii,
1004 5389 1080 5508 qui
1126 5391 1382 5478 remotiores
1426 5402 1571 5507 partes
1615 5389 1878 5497 incolebant,
1918 5421 1997 5478 no·

462 5560 467 5566 ·
505 5512 606 5600 luit
638 5513 749 5600 hanc
780 5511 1056 5630 disciplinam
1091 5513 1327 5604 immutare
1348 5543 1487 5600 rarum
1510 5515 2009 5602 aonncumminimacu·
