4530 6336
539 359 633 448 290
1034 351 1118 442 Die
1144 351 1200 440 bl
1242 347 1360 438 lunii
1393 347 1531 440 48⁷9.

544 475 798 598 Gopelbcuos
834 476 984 564 Missus
1017 473 1314 564 Conventuclis
1367 503 1468 561 onus
1500 489 1538 561 et
1571 476 1789 564 seruitium
1811 471 1931 563 ebori
1961 507 2053 565 ess-³

542 605 662 722 plere
695 603 741 687 in
763 630 874 688 cusu.

668 851 722 938 ll.
762 787 1591 962 ,lustipeudioprcCapellouisblissnm
1602 779 1919 930 Couoeutunlem
1939 871 2041 928 cou-

546 968 727 1058 tom'tibus
761 965 1013 1058 desumenda
1034 970 1119 1056 sint
1149 997 1203 1055 ex
1219 964 1488 1080 proventibus
1520 966 1842 1063 Couomicorum,
1860 995 1929 1052 seu
1954 993 2038 1080 po·

549 1092 632 1180 tius
654 1099 704 1180 esc
736 1090 973 1180 redditibus
1005 1087 1208 1177 Fobricce
1238 1087 1449 1176 Ecclesiae
1480 1089 1527 1175 im
1558 1119 1670 1176 cosu.

585 1285 590 1292 -
670 1335 744 1421 lll.
780 1333 1104 1449 AuDipuitotes
1126 1345 1164 1420 et
1184 1331 1388 1418 Cononici
1402 1361 1483 1446 pro
1507 1331 1650 1421 Missis
1668 1329 2037 1430 Conventuclibus,

549 1487 650 1574 quos
683 1457 771 1574 ipsi
802 1455 1024 1554 celebrant,
1060 1453 1315 1573 stipendium
1362 1452 1571 1543 desumere
1604 1453 1768 1544 voiecut
1800 1485 1852 1542 eas
1885 1452 2043 1542 iisdem

551 1578 754 1666 Fabricne
785 1577 1022 1666 redditibus
1056 1579 1100 1664 im
1133 1609 1245 1664 cusu.

678 2242 823 2332 Dilata
855 2259 901 2330 et
934 2242 1106 2358 plenius
1139 2239 1465 2330 demonstretur
1496 2257 1658 2332 asserta
1689 2239 1976 2332 consuetudo.

162 2895 347 2992 seem
378 2895 532 3016 aps
687 2774 1097 2976 ”sunnonem
1153 2883 1667 2976 nstnnscnnmoms
1714 2885 1771 2977 m
1825 2831 2062 2974 oenoe*

162 3021 215 3114 do
244 3021 435 3144 llesorm.
563 3011 716 3103 citu.
741 3051 773 3084 =
794 3007 947 3126 loseph
959 3005 1211 3108 Caelesarn,
1233 3005 1448 3094 parochus
1471 3005 1815 3124 lociFortunngo
1833 3005 2048 3096 dioecesis

558 3128 892 3232 Dertlsonensis,
915 3130 974 3218 ob
1006 3127 1143 3218 animi
1171 3126 1452 3246 asperitatem
1494 3159 1707 3248 suamque
1730 3128 1885 3247 agettdi
1909 3129 2046 3218 ratio·

557 3287 678 3356 nem,
705 3253 847 3373 plebis
879 3283 986 3344 suae
1025 3281 1155 3340 curae
1198 3255 1455 3340 commissae
1492 3255 1765 3342 aversionem
1798 3250 1842 3338 in
1871 3283 1917 3340 se
1942 3281 2050 3340 con·

558 3379 725 3470 citavit.
742 3380 1022 3495 Quapropter
1039 3371 1235 3462 nonnulli
1261 3373 1342 3462 loci
1365 3372 1549 3476 incolae,
1575 3372 1912 3467 communitatis
1935 3375 2046 3492 Syn·

560 3503 682 3594 dicus
721 3533 770 3588 ac
802 3499 1072 3616 Subpraeses
1105 3495 1322 3585 districtus
1364 3495 1422 3586 ad
1455 3499 1618 3588 Rtisum
1645 3498 1904 3616 Episcopum
1935 3498 2048 3586 Der-

402 3619 405 3626 ’
560 3627 818 3716 tironensem
851 3650 1075 3710 recursum
1115 3620 1395 3720 babuerunt,
1442 3622 1781 3737 expostulantes,
1829 3637 1877 3708 ut
1919 3622 2044 3708 Paro-

560 3749 691 3838 cbum
723 3745 960 3837 Carlevnro
992 3743 1133 3832 eloco
1155 3745 1401 3860 Fortunago
1435 3759 1701 3848 removeret,
1740 3773 1789 3832 sc
1827 3771 1909 3860 per
1943 3741 2044 3830 ido-

561 3900 695 3958 neum
735 3867 1013 3985 probumque
1047 3865 1326 3956 Sacerdotem
1362 3865 1561 3968 fidelium
1594 3867 1721 3954 saluti
1757 3865 2041 3983 prospiceret.

684 3987 1092 4078 Reverendissimus
1142 3987 1334 4078 Antiates
1382 3989 1509 4105 Negri
1542 3988 1575 4076 l.
1614 4021 1702 4080 rec.
1754 4019 1806 4077 en
1845 4017 1933 4108 qua
1961 4017 2046 4104 par

562 4125 656 4206 crat
687 4107 978 4200 sollicitudine
1009 4141 1059 4200 nc
1090 4109 1341 4226 prudentia,
1378 4107 1497 4198 omni
1530 4142 1635 4200 curn
1667 4111 1837 4227 sategit,
1883 4128 1930 4198 ut
1962 4112 2043 4200 Pn-

562 4235 743 4323 r'ocbum
777 4235 1012 4324 Cnrlevaro
1044 4232 1433 4336 exhortationibus,
1471 4233 1864 4332 obsecrationibus,
1904 4234 2042 4323 incre·

569 4357 822 4477 potionibus
855 4353 911 4444 ad
943 4356 1106 4446 bonnm
1139 4355 1310 4472 lrugcm
1353 4372 1397 4444 et
1429 4355 1649 4444 charitatis
1681 4357 1884 4448 semitam
1918 4387 2045 4444 revo-

569 4497 705 4569 caret.
741 4480 801 4568 As
832 4507 931 4566 cum
965 4479 1071 4567 baec
1098 4479 1244 4567 omnia
1269 4478 1311 4568 in
1335 4477 1505 4569 irritum
1528 4481 1768 4580 cessissent,
1794 4478 1866 4566 die
1891 4478 1949 4566 ts
1967 4479 2048 4566 No·

568 4601 762 4690 vembris
795 4601 915 4690 4873
948 4602 1171 4692 decretum
1196 4600 1351 4704 edidit,
1377 4605 1606 4720 sequentia
1638 4601 1899 4691 decernens:
1931 4601 2050 4686 «Per

574 4766 591 4803 ι
630 4724 704 4811 bas
737 4743 905 4813 nostras
948 4739 1196 4841 praesentes
1232 4725 1378 4814 literas
1416 4742 1459 4814 tc
1496 4727 1683 4814 {lesbum
1721 4728 1777 4812 D.
1814 4722 2055 4841 losephum.

570 4883 588 4922 ι
627 4847 858 4936 Caslevnro
895 4915 905 4936 .
946 4911 956 4932 .
999 4913 1008 4934 .
1045 4847 1105 4936 ab
1138 4843 1277 4936 officio
1309 4849 1491 4936 Paroclii
1525 4875 1817 4952 removemus,
1865 4845 2048 4936 mundn-

573 5007 591 5048 ι
629 4997 816 5090 musque
849 5001 873 5058 a
905 4971 1107 5060 Paroccia
1142 4969 1380 5060 abscedere
1415 4970 1523 5058 intra
1558 4989 1655 5060 octo
1687 4971 1782 5060 dies
1802 4998 1826 5058 a
1849 4997 2051 5089 praesen·

574 5129 593 5170 c
633 5093 739 5180 tium
774 5093 1182 5196 communicatione,
1219 5107 1351 5212 teque
1383 5095 1440 5182 ab
1473 5089 1619 5181 officiis
1651 5091 1972 5214 parochialibus
1993 5088 2061 5180 si·.

573 5249 592 5294 e
632 5244 686 5304 ve
720 5215 907 5332 publicis
939 5216 1030 5304 sive
1069 5215 1252 5332 privatis
1295 5215 1630 5320 interdicimus,
1666 5217 1806 5306 donec
1840 5216 1973 5304 rebus
2006 5210 2051 5299 in

577 5372 595 5414 ι
634 5337 790 5424 molius
822 5336 1038 5426 conversis
1070 5337 1206 5428 Nobis
1254 5339 1455 5428 videatur
1487 5338 1529 5426 in
1568 5339 1758 5432 Domino
1791 5353 1834 5427 te
1878 5339 1971 5428 lore
2006 5334 2053 5423 in

578 5491 597 5536 s
635 5455 1229 5586 allicioredintegrandum,
1455 5517 1458 5522 ,
1600 5533 1608 5580 ,
