4460 6332
597 321 691 414 llll
1065 318 1148 406 Dr'c
1177 317 1239 408 23
1270 317 1457 436 Auporli
1490 319 1509 408 l
1519 321 1629 412 870:

598 441 815 536 nicatibus
847 441 968 532 edita
1001 459 1101 531 sunt
1124 441 1181 530 do
1203 471 1321 532 anno
1344 443 1466 532 1853
1500 461 1635 565 utque
1666 443 1874 564 Episcopi
1907 456 2072 543 auctori·

524 611 527 616 ·
597 586 687 660 tata
719 560 990 655 confirmata.
1027 565 1075 652 ln
1110 564 1225 654 bisce
1260 595 1390 682 porro
1425 567 1653 682 perlegere
1684 567 1845 656 datum
1880 587 1958 658 est.
1997 615 2013 652 ι
2044 581 2071 666 ll

605 733 623 775 ι
661 687 879 780 Canonico
915 686 1163 806 Magistrale
1210 685 1323 778 dove
1370 717 1512 778 essere
1555 691 1740 778 Dottore
1790 723 1818 778 o
1852 693 2071 788 Licentiato

603 855 621 895 ι
661 811 706 902 in
729 813 775 903 S.
795 809 1001 926 'l'cologia
1039 877 1048 896 .
1091 875 1102 898 .
1143 878 1152 896 .
1189 863 1218 880 -
1250 811 1282 898 ll
1302 813 1523 902 Canonico
1553 811 1784 902 Dottorale
1808 813 1889 902 clre
1922 819 2008 906 sari
2035 821 2072 908 li·

608 981 624 1016 ι
664 935 859 1026 cenziato
882 965 907 1020 o
931 937 1115 1022 Dottoro
1138 933 1180 1022 in
1205 932 1359 1024 diritto
1381 936 1601 1024 Canonico
1634 967 1661 1023 o
1692 935 1828 1024 civile
1856 975 1895 1023 ι.
1934 939 1991 1026 Ex
2010 941 2073 1033 bac

599 1055 895 1174 discrepantia
957 1055 1170 1174 aucipites
1223 1057 1418 1146 subinde
1475 1057 1709 1148 haeserunt
1771 1057 2068 1176 capitulares,

598 1183 674 1303 qui
710 1197 758 1268 ιιι
795 1193 957 1268 certam
1007 1179 1202 1298 regulam
1253 1179 1457 1268 obtinere
1505 1197 1681 1298 possent
1730 1179 1792 1268 ad
1843 1183 1890 1272 S.
1943 1181 1993 1270 V.
2026 1187 2067 1275 0.

599 1305 891 1418 conlegerunt
933 1305 1062 1390 enixe
1111 1301 1323 1392 declarari
1368 1304 1693 1422 expostulantes
1732 1333 1844 1390 uum
1886 1303 2069 1396 licentiati

599 1429 655 1517 ad
688 1453 946 1517 concursum
1000 1425 1172 1514 admitti
1224 1424 1386 1544 possint
1436 1456 1515 1542 pro
1562 1425 1854 1544 assequendis
1894 1425 1937 1514 in
1976 1427 2070 1518 lutu-

600 1579 700 1638 rum
738 1547 995 1636 vacantibus
1028 1549 1280 1638 memoratis
1331 1547 1613 1668 praebendis:
1655 1592 1671 1628 a
1713 1551 1746 1637 ll
1784 1547 1983 1664 Cupitolo
2011 1550 2068 1640 de·

604 1713 622 1752 ι
661 1671 806 1762 sidera
840 1699 1011 1787 sapere,
1038 1701 1100 1776 se,
1127 1671 1353 1761 conlorme
1384 1671 1398 1758 i
1433 1671 1552 1760 citati
1581 1673 1759 1777 Statuti,
1788 1670 1880 1788 pud
1912 1690 2067 1762 ammet-

604 1835 622 1874 ι
664 1811 756 1884 tere
789 1793 827 1882 al
862 1795 1079 1883 Concorso
1113 1825 1194 1912 per
1227 1795 1239 1881 i
1273 1793 1521 1884 Canonicati
1542 1793 1792 1912 llagistrale
1826 1796 2067 1884 eDottorale

607 1957 624 1997 ι
663 1917 797 2038 quelli
814 1915 1249 2006 cbesnloabbianoil
1270 1915 1406 2036 grado
1429 1915 1475 2006 di
1498 1916 1743 2006 Licentiatn
1771 1957 1789 1996 ι
1827 1945 1905 2004 seu
1943 1918 2062 2033 potius

604 2081 622 2120 r
659 2071 704 2130 se
732 2041 889 2129 trovasi
925 2041 993 2128 nel
1033 2072 1129 2129 caso
1163 2039 1209 2130 di
1243 2042 1407 2160 osigcre
1423 2040 1453 2128 il
1477 2037 1612 2158 grado
1630 2040 1675 2128 di
1700 2041 1891 2129 Dotture
1910 2039 2064 2155 precisa·

602 2203 620 2242 r
658 2179 806 2252 mente
838 2165 1153 2280 perprovvista
1187 2163 1231 2253 di
1266 2163 1423 2253 alcuno
1458 2163 1528 2252 dei
1563 2160 1652 2250 due
1684 2159 1899 2256 Canonici
1932 2191 2065 2277 sopra-

607 2323 626 2368 ι
664 2287 906 2375 mentovati
946 2327 985 2372 ι.
1597 2363 1602 2398 „

722 2410 937 2528 Acceptas
955 2405 1081 2498 hasce
1095 2439 1245 2526 preces
1262 2409 1493 2527 perillustri
1510 2439 1609 2498 meo
1621 2405 1954 2498 Praedccessori
1971 2406 2063 2524 Apu·

599 2531 751 2623 stolico
775 2533 937 2620 Nuntio
962 2531 1110 2620 remisi
1133 2563 1212 2650 pro
1231 2530 1542 2632 informatione
1566 2547 1750 2634 erroro,
1778 2528 1859 2648 qui
1882 2531 1928 2618 S.
1953 2530 2000 2614 ll.
2018 2529 2059 2616 0.

598 2655 712 2744 iussa
747 2656 944 2772 protinus
977 2683 1202 2772 exequens
1224 2655 1306 2742 sub
1328 2655 1402 2744 die
1436 2655 1494 2746 13
1529 2654 1710 2772 Augusti
1741 2654 1868 2742 1877
1903 2649 2056 2740 retulit:

604 2818 622 2860 r
661 2780 707 2866 ln
741 2776 909 2888 seguito
942 2776 997 2865 ad
1032 2777 1330 2866 inlormazioni
1365 2777 1443 2866 clre
1476 2779 1533 2868 bo
1567 2779 1725 2874 attinte
1770 2774 2060 2894 specialmcote

605 2943 622 2980 r
661 2901 877 2990 dall'llriro
910 2900 1000 3018 sig.
1037 2899 1171 2990 Cord.
1210 2899 1498 2989 Arcivescovo
1541 2900 1589 2990 di
1631 2903 1875 3018 Saragouza
1907 2925 2003 2986 sono
2029 2892 2060 2977 in
2157 2919 2158 3002 3

604 3066 621 3104 ι
660 3023 795 3144 grado
829 3021 875 3112 di
909 3021 1081 3113 rilcrire
1112 3053 1138 3110 a
1171 3027 1326 3112 Vestra
1359 3022 1593 3113 Emincuza
1626 3024 1706 3112 cbe
1738 3023 1938 3112 sebbene
1969 3017 1993 3103 il
2014 3013 2063 3100 di·

602 3149 763 3236 sritto
797 3147 944 3235 scritto
976 3143 1026 3232 di
1053 3145 1226 3262 Spoprro
1259 3147 1493 3263 proscriia'
1514 3151 1594 3265 pc'r
1625 3145 1667 3234 le
1698 3145 1872 3234 rilerite
1897 3139 2061 3231 Prebcn·

604 3311 621 3349 r
659 3267 717 3358 de
750 3270 779 3358 il
812 3270 949 3389 grado
982 3267 1027 3358 di
1064 3270 1286 3374 Dottore',
1325 3300 1434 3387 pure
1467 3269 1480 3356 i
1517 3267 1697 3358 Vcscovi
1725 3269 1885 3358 banno
1917 3287 2061 3379 sempre

604 3433 621 3472 ι
660 3424 875 3483 ammesso
909 3393 966 3483 ed
1001 3408 1272 3480 ammettono
1295 3392 1335 3480 nl
1357 3423 1563 3481 concurso
1586 3392 1960 3482 indistiutamente
1976 3389 2057 3472 Dot-

602 3557 619 3596 ι
660 3518 742 3608 tori
776 3549 801 3607 e
836 3513 1085 3606 bicenziati.
1122 3513 1185 3602 Ed
1216 3515 1241 3601 ὁ
1273 3513 1330 3602 da
1364 3515 1529 3603 notarsi
1562 3515 1643 3604 obe
1675 3514 1821 3605 silatta
1842 3511 1997 3635 pratica
2017 3505 2057 3590 lu
2157 3535 2158 3624 J

605 3681 621 3718 ι
661 3657 797 3732 avuto
830 3641 959 3756 luogo
994 3667 1079 3726 non
1116 3637 1210 3724 solo
1243 3635 1484 3754 uell’epoca
1529 3637 1794 3756 procedente
1831 3640 1871 3726 al
1903 3639 2061 3728 Concor·
2157 3655 2158 3660 ι

604 3760 766 3854 «dato
799 3761 869 3851 del
906 3761 1043 3866 t85t,
1082 3757 1125 3846 in
1174 3755 1242 3848 cui
1297 3757 1326 3846 il
1374 3760 1508 3880 grado
1562 3761 1607 3850 di
1660 3761 1843 3850 bisenzo
1881 3755 2058 3848 dillcren·

604 3926 620 3964 r
660 3887 780 3974 ziava
815 3883 870 3972 da
904 3883 1054 4002 quello
1076 3883 1120 3970 di
1147 3885 1329 3969 Dottore
1354 3881 1396 3970 in
1415 3899 1580 4006 quanto
1596 3885 1682 3974 alla
1698 3883 1917 3974 solenniti
1934 3873 2060 3967 estrin·

604 4049 621 4085 ι
660 4039 756 4098 seca
790 4039 815 4096 e
849 4037 935 4093 non
971 4004 1053 4122 agli
1088 4005 1209 4093 studi
1244 4003 1366 4112 latti;
1406 4037 1477 4095 ma
1512 4037 1673 4096 ancora
1707 4008 1777 4095 nel
1805 4024 1950 4122 tempo
1979 4021 2060 4086 suc·

602 4171 620 4211 r
659 4130 843 4239 cessivo,¹
882 4129 923 4215 in
958 4129 1039 4216 che
1072 4128 1103 4216 il
1147 4157 1293 4217 nuovo
1342 4128 1517 4218 sistema
1557 4129 1626 4218 de’
1643 4129 1761 4219 studi
1794 4125 1981 4219 ricbiede
2013 4141 2059 4204 un

368 4275 371 4287 '
409 4243 456 4353 Ῑ,
526 4281 529 4290 “
602 4293 620 4334 ι
659 4285 782 4346 corso
818 4251 893 4370 piri
927 4251 1061 4368 luogo
1096 4252 1168 4370 pel
1200 4255 1430 4340 ‘Dottorato
1462 4253 1542 4342 cbo
1575 4283 1654 4370 per
1687 4253 1713 4340 il
1752 4249 2002 4344 bicanziato.

729 4420 745 4456 ι
785 4375 993 4465 Tuttavia
1027 4371 1277 4464 l’anzidetta
1310 4405 1563 4466 osservanza
1598 4407 1684 4465 non
1720 4375 1904 4466 essendo
1935 4361 2058 4458 dillon-

605 4541 621 4580 ι
663 4533 735 4590 me
769 4501 842 4592 dal
876 4497 1030 4589 diritto
1058 4527 1262 4601 comune,
1302 4498 1390 4588 mio
1424 4495 1715 4587 subordinato
1750 4528 1902 4616 parere
1933 4483 2055 4580 sareb-

603 4661 622 4701 ι
662 4624 750 4727 be,
788 4623 868 4712 obe
901 4621 928 4710 il
964 4623 1161 4738 Capitolo
1212 4620 1449 4710 ricorrente
1498 4621 1843 4712 unilormandosi
1878 4655 1901 4710 a
1933 4617 2059 4731 questa
2157 4691 2158 4696 a

604 4784 623 4826 r
663 4777 751 4836 uon
784 4743 930 4834 dobba
954 4743 1180 4832 escludere
1215 4743 1226 4830 i
1262 4743 1491 4832 biceuziati
1516 4783 1555 4830 ι.
2002 4734 2019 4824 l

720 4868 845 4958 llisce
864 4867 905 4953 in
924 4865 1036 4955 lacto
1052 4865 1269 4954 adnotatis
1288 4867 1331 4954 in
1350 4867 1445 4956 iure
1461 4866 1813 4957 animadvertere
1832 4893 1943 4956 nuuc
1959 4875 2059 4976 prae·
2157 4949 2158 4952 a

596 5009 683 5084 stat
727 5023 781 5082 ex
830 5020 915 5078 una
969 5005 1093 5106 parte
1146 4987 1267 5108 quod
1316 4989 1559 5078 licentiatus
1606 4991 1707 5078 satis
1761 4989 1817 5079 ad
1874 4997 2058 5106 mamert·

595 5131 659 5206 tas
705 5111 982 5236 praebendas
1025 5143 1102 5228 per
1136 5110 1397 5202 concursum
1420 5111 1636 5230 optandas
1668 5111 1882 5203 sufficiens
1903 5133 1986 5198 esso
2008 5121 2055 5180 tl·

596 5239 743 5330 detur.
759 5232 1130 5354 Quandoquidem
1149 5233 1392 5326 licentiatos
1409 5233 1560 5324 venire
1580 5235 1760 5326 nomine
1781 5235 2058 5356 magistrumn}

596 5379 641 5453 et
665 5363 894 5453 doctorum
935 5357 1061 5448 docet
1099 5355 1295 5457 Ferrrrris·
1330 5357 1444 5446 verb.
1494 5357 1694 5475 Mopistcr
1742 5391 1855 5448 rrum.
1899 5355 1954 5446 22
1991 5363 2052 5462 q¹1¹

601 5487 780 5576 ulterius
813 5511 914 5572 cum
954 5481 1123 5574 alciato
1168 5498 1213 5574 et
1244 5481 1447 5618 Leandro
1480 5497 1599 5576 tenet
1635 5481 1871 5576 licentiatos
1905 5471 2052 5568 iisdem.
