4530 6336
555 325 648 416 326
1053 321 1134 408 Die
1163 321 1226 408 26
1259 318 1364 406 Iulii
1398 319 1534 410 1879.

552 445 649 537 lieri
684 445 887 563 coniungi
922 443 1105 547 invisae,
1142 441 1525 560 quemadmodum
1574 439 1730 530 accidit
1766 441 1931 541 Petro,
1969 439 2045 558 qui

548 568 696 688 nupsit
730 600 816 658 nou
850 573 904 656 eri
938 565 1180 670 voluntate,
1218 563 1296 652 sed
1334 605 1351 644 ι
1386 595 1467 680 per
1501 563 1652 652 doecre
1679 602 1720 652 ι.

680 693 826 804 Quum
856 721 907 778 ex
933 689 1135 778 concordi
1164 686 1340 776 testium
1373 685 1648 804 depositione
1672 683 1899 774 manilestc
1921 685 2047 772 eviu-

557 813 1062 908 caturcoactioaPetro
1105 809 1339 914 exantlata,
1375 839 1453 925 per
1495 842 1540 898 se
1564 821 1685 925 patet
1715 807 1834 926 quod
1879 807 2050 895 nullam

554 951 753 1026 meretur
775 933 910 1023 lidem
927 933 1145 1050 depositio
1164 931 1307 1048 patrui
1326 931 1481 1020 Abelis
1496 934 1554 1021 ab
1572 930 1754 1020 adversa
1774 945 1897 1046 parte
1915 929 2051 1024 iudu-

555 1063 613 1150 cti
636 1059 744 1148 dum
770 1057 922 1146 asserit
944 1055 1064 1176 quod
1084 1073 1187 1144 ante
1215 1055 1546 1143 matrimonium
1578 1083 1711 1172 nepos
1744 1055 1896 1142 Petrus
1928 1066 2051 1169 post·

555 1213 688 1302 quam
711 1179 864 1268 lulium
901 1179 1105 1270 inviserat
1139 1177 1439 1295 perquisitus·
1462 1177 1529 1264 Et
1562 1176 1657 1264 bene
1689 1207 1798 1264 come
1821 1173 1866 1261 ta
1883 1176 1997 1263 troni
2025 1214 2045 1253 ι

555 1303 705 1393 retulit
734 1343 750 1380 ‹
775 1302 879 1402 Essa
913 1301 968 1387 ltu
1001 1333 1083 1388 ιιιιιι
1115 1301 1256 1422 fipurc
1288 1301 1527 1416 simpoticc.
1566 1341 1581 1378 ι
1621 1298 1873 1418 Respondet
1906 1297 2046 1401 enim,

556 1425 678 1546 quod
714 1424 792 1513 iste
824 1455 969 1512 sermo
1003 1423 1258 1512 omnimoda
1281 1423 1593 1540 probabilitate
1615 1423 1849 1512 destitutus
1872 1437 2040 1525 manet3

557 1549 665 1639 durn
691 1547 782 1665 ipse
816 1575 988 1636 causam
1022 1575 1146 1634 suam
1184 1547 1292 1634 tueri
1327 1546 1538 1648 debebat,
1560 1545 1635 1664 qui
1665 1576 1752 1634 una
1774 1573 1873 1632 cum
1900 1573 2051 1634 sorore

561 1669 752 1768 Eulasia,
789 1699 921 1786 quam
946 1667 1105 1756 latetur
1126 1667 1371 1757 admodum
1389 1669 1607 1758 studuisse
1632 1683 1679 1755 ut
1702 1667 1774 1756 illa
1808 1665 1934 1754 lieret
1951 1696 2053 1754 con·

555 1793 739 1900 iunctio,
778 1791 891 1880 illius
925 1791 1193 1880 matrimonii
1226 1791 1552 1908 opeminarum
1588 1809 1631 1880 et
1653 1819 1875 1909 pressurae
1894 1807 2049 1878 auctor

555 1915 651 2018 luit,
689 1913 855 2030 quiqire
890 1929 987 2030 post
1011 1915 1343 2004 matrimonium
1366 1916 1507 2031 coegit
1531 1931 1735 2032 nepotem
1763 1929 1809 2002 ut
1830 1943 1925 2002 sese
1943 1942 2046 2000 cum

562 2067 697 2128 uxore
731 2036 1049 2126 reconciliaret.

680 2159 903 2276 lllultoquc
939 2160 1086 2247 minus
1134 2175 1277 2278 potest
1311 2160 1485 2278 iul'ringi
1520 2191 1574 2250 ex
1608 2159 1742 2248 literis
1781 2156 2044 2246 Barouissue

555 2281 777 2372 Bosmelet
811 2281 925 2370 datis
960 2282 1035 2372 die
1069 2283 1097 2369 3
1122 2284 1306 2400 Augusti
1333 2285 1454 2374 1862
1472 2282 1806 2374 llarcbionissae
1833 2279 1891 2368 de
1929 2281 2042 2366 llor-

558 2421 732 2503 teman,
762 2404 992 2524 inquibus
1026 2407 1231 2494 enunciat
1264 2437 1386 2496 suam
1413 2407 1580 2525 liliique
1602 2405 1941 2494 satisfactionem
1968 2431 2051 2517 pro

557 2527 704 2616 luturo
737 2526 1051 2630 matrimonio,
1096 2527 1201 2616 dum
1240 2529 1329 2647 ipsa
1365 2528 1500 2618 inscio
1537 2529 1712 2648 penitus
1758 2527 1848 2616 lrlio
1888 2525 1965 2614 bas
2000 2523 2052 2612 li-

559 2669 674 2740 teras
708 2647 879 2738 dedisse
914 2651 1107 2755 nunciat,
1148 2651 1280 2769 idque
1316 2655 1533 2770 peregisse
1565 2669 1613 2742 ut
1638 2653 1824 2740 invitum
1853 2646 1932 2736 lilii
1952 2646 2052 2734 ani·

463 2841 468 2849 .
558 2801 681 2861 ιιιιιιιι
716 2771 953 2861 occultaret
985 2803 1172 2890 sponsae
1221 2791 1262 2862 et
1313 2775 1591 2894 propinquis.
1630 2777 1719 2864 Nec
1769 2773 1931 2890 pariter
1969 2768 2053 2858 mi·

555 2895 704 2984 nuitur
747 2927 800 2982 ex
834 2894 1088 3000 Braclrialis,
1127 2913 1171 2984 et
1203 2927 1308 2986 suae
1353 2897 1701 3016 plrotograpbiae
1739 2895 1868 2986 donis
1899 2894 2051 2980 allos-

559 3019 694 3108 melct
726 3045 910 3134 sponsae
945 3032 1047 3107 ante
1090 3019 1422 3110 matrimonium
1459 3021 1594 3124 lactis,
1633 3035 1764 3109 etex
1798 3012 2055 3108 lletueius·

558 3141 663 3232 dem
699 3141 758 3227 ob
791 3139 869 3228 filii
902 3138 1074 3228 obitum
1110 3159 1156 3229 ut
1188 3142 1407 3232 Parocbus
1443 3160 1642 3234 testatur.
1694 3145 1788 3230 Non
1836 3171 1889 3228 ex
1924 3135 2054 3228 donis

559 3265 661 3384 quia
696 3263 845 3372 volens
880 3263 949 3351 vel
985 3293 1176 3353 renuens
1208 3265 1415 3355 omnibus
1447 3267 1684 3356 socialibus
1705 3262 1855 3356 officiis
1883 3259 2053 3350 satisla-

558 3419 658 3476 cere
691 3385 917 3489 debebat3
957 3415 1044 3472 non
1078 3387 1287 3494 exilem,
1324 3419 1458 3507 quem
1494 3391 1536 3477 vi
1573 3388 1708 3507 ipsius
1730 3389 1952 3476 humanae
1977 3415 2053 3472 na-

560 3527 683 3598 turae
719 3507 1004 3598 tribuendum
1053 3510 1238 3600 sustinet
1283 3512 1327 3599 in
1372 3513 1467 3602 viro
1512 3513 1659 3602 bonae
1708 3511 1869 3602 indolis
1917 3521 2051 3624 atque

557 3632 835 3722 sensibilitati
865 3629 1075 3734 obnoxio,
1115 3635 1193 3754 qui
1228 3633 1423 3754 alioquin
1467 3635 1606 3724 filium
1656 3665 1785 3723 suurn
1825 3661 1918 3722 esse
1952 3659 2049 3718 cen·

559 3757 701 3846 sebat.
737 3755 899 3871 Neque,
925 3753 1107 3842 demum
1141 3757 1306 3874 opponi
1342 3775 1519 3875 possent
1539 3759 1690 3846 literae
1713 3791 1737 3846 a
1761 3757 1890 3845 Petro
1912 3783 2041 3870 spon·

558 3909 632 3966 sae
665 3877 793 3965 datae
828 3875 1013 3964 triennio
1047 3895 1145 3994 post
1179 3879 1336 3968 initum
1369 3880 1658 3983 connubium,
1697 3881 1741 3967 in
1774 3879 1936 3998 quibus
1969 3874 2043 3963 be·

563 3999 846 4088 nevolentiac
881 4000 1025 4088 verbis
1061 4033 1242 4092 uxorem
1293 4003 1492 4092 bortatur
1530 4004 1585 4094 ad
1619 4000 2050 4092 reconciliationem:

562 4121 785 4240 siquidem
822 4152 875 4210 cx
910 4121 1048 4210 literis
1071 4125 1202 4214 matri
1225 4125 1340 4216 datis
1363 4142 1452 4216 tam
1475 4159 1500 4216 a
1519 4127 1676 4218 Leriro
1694 4126 1836 4215 Abcle
1858 4124 1914 4212 de
1934 4151 2055 4209 men-

568 4276 613 4334 se
649 4246 852 4332 ianuario
888 4243 1026 4352 l865‚
1064 4277 1198 4364 quam
1234 4281 1256 4338 a
1291 4251 1487 4338 Domina
1520 4249 1814 4340 Reimboville
1846 4247 1904 4340 de
1924 4273 2047 4332 men-

561 4399 607 4458 se
638 4369 904 4456 Novembris
936 4367 1136 4478 eiusdem
1169 4372 1272 4459 anni
1307 4371 1445 4462 evinci
1497 4390 1745 4493 propugnat
1784 4367 2056 4460 coactionem

563 4508 613 4598 et¹
640 4490 783 4598 minas
827 4492 1210 4583 exhaeredationis
1252 4495 1525 4586 continuatas
1569 4529 1594 4584 a
1645 4513 1802 4614 patruo
1840 4509 1886 4582 et
1918 4487 2053 4578 amita

565 4614 727 4704 acriter
759 4613 889 4703 luisse
924 4615 1057 4704 etiam
1093 4646 1175 4733 per
1208 4618 1357 4732 plures
1389 4649 1526 4718 annos
1571 4634 1666 4736 post
1704 4612 2052 4716 matrimonium,
2126 4669 2132 4684 ·

564 4751 610 4844 ιιι
641 4765 745 4826 eum
794 4756 968 4854 cogeret
1002 4737 1059 4828 ad
1093 4755 1342 4856 susceptum
1367 4742 1656 4858 separationis
1681 4740 1894 4832 iudicium
1928 4736 2052 4826 dese·

565 4859 774 4962 rendum,
812 4877 856 4966 et
891 4859 946 4950 ad
989 4891 1083 4950 sese
1118 4863 1242 4951 uxori
1288 4863 1387 4952 licet
1431 4863 1597 4954 infideli
1649 4895 1796 4954 rursus
1829 4856 2058 4954 concilian-

545 4982 694 5087 xdum;
734 4984 914 5073 Petrum
949 4984 1140 5074 subinde
1174 4985 1250 5076 bas
1283 4986 1429 5076 literas
1462 5017 1660 5078 exarasse
1681 5017 1768 5076 nou
1791 4981 2059 5076 benevolen-

566 5106 654 5195 tiae
686 5104 820 5223 signis
855 5123 1126 5223 permotum,
1164 5109 1243 5200 sed
1276 5111 1359 5200 sub
1403 5108 1592 5228 imperio
1641 5110 1865 5228 patruiet
1897 5105 2058 5197 amitae

567 5229 927 5319 benevolentiam
962 5229 1221 5337 simulasse,
1272 5249 1319 5322 ut
1350 5233 1697 5326 exaercdationis
1729 5233 1896 5332 malum
1932 5257 2056 5319 aver·

574 5367 702 5440 teret.

699 5475 792 5562 lluc
825 5475 1022 5564 oratione
1056 5475 1273 5592 perducta
1305 5479 1463 5568 Orator
1492 5482 1745 5600 patrimonii
1779 5478 1977 5572 Eulasiae
1999 5471 2061 5562 ri·

574 5625 648 5704 res
681 5595 906 5714 expendit,
953 5599 1073 5717 quod
1103 5630 1151 5690 se
1174 5602 1396 5717 portendit
1413 5602 1470 5694 ad
1492 5603 1815 5724 quadringenta
1834 5622 1878 5695 et
1900 5593 2056 5721 viginti
