4350 6326
636 377 714 464 Die
746 381 808 469 20
839 379 1077 468 Decembris
1112 381 1248 470 1879.
1345 372 1348 378 ¹
1594 389 1685 478 517

183 511 461 600 documento
484 503 661 594 Consilii
680 503 996 606 Communalis,
1027 508 1176 625 inquo
1200 507 1388 596 hahetur
1405 507 1526 626 quod
1551 514 1690 604 111616-

77 727 81 733 ,
188 664 246 722 ea
287 675 302 708 ι
341 645 614 746 roppresenta
635 659 718 715 666
745 630 1029 747 populosione
1053 629 1101 717 di
1123 629 1277 718 [60000
1310 631 1492 720 obituati
1522 664 1559 718 »t
1582 635 1689 726 3ob

183 751 542 846 insufficientiam
580 769 621 840 et
657 753 898 870 perniciem
931 753 1285 870 Capellanornm,
1314 752 1527 842 addentes
1562 761 1687 874 quod

184 880 304 966 alter
337 879 393 966 de
428 908 577 964 mense
610 877 797 993 Augusti
849 879 938 964 iam
979 877 1263 995 praeterlapsi
1314 878 1358 964 in
1392 877 1457 966 ius
1508 899 1686 970 vocatus

184 1001 277 1090 fuit
310 1032 456 1090 coram
490 997 640 1086 lodice
678 1000 813 1103 laico,
841 1001 943 1118 quia
984 1001 1149 1116 respuit
1199 1000 1456 1087 defunctum
1491 1033 1680 1117 puerum

185 1156 218 1211 e
253 1124 385 1212 domo
421 1122 564 1210 levare
596 1137 640 1210 et
672 1123 957 1211 contumelias
991 1123 1137 1209 intulit
1176 1126 1219 1210 16
1257 1121 1452 1210 defuncti
1489 1141 1680 1243 patrem,

186 1249 273 1366 qui
303 1249 380 1334 hae
398 1247 454 1334 dc
474 1277 520 1332 re
538 1259 714 1364 questus
733 1245 889 1333 luerat.
913 1245 1064 1364 Neque
1082 1247 1323 1334 Paroohum
1348 1261 1466 1332 tanto
1484 1248 1600 1334 malo
1621 1281 1687 1338 re·

187 1370 395 1459 medium
419 1368 576 1456 6116666
609 1399 736 1486 posse
753 1369 964 1472 subdunt,
986 1369 1104 1486 quia,
1126 1399 1204 1459 ceu
1226 1369 1448 1485 Capellani
1466 1370 1686 1460 obtestan-

187 1509 281 1599 tur,
323 1524 564 1611 numquam
590 1525 612 1580 a
634 1493 706 1580 die
730 1512 881 1610 captae
904 1492 1188 1610 possessionis
1213 1494 1259 1582 S.
1277 1493 1563 1610 Evangelium
1587 1494 1682 1614 ipse

187 1617 360 1736 populo
394 1616 643 1736 explanavit
681 1630 724 1703 et
747 1618 815 1704 bis
858 1634 933 1702 aut
959 1631 1216 1702 laetantum
1251 1615 1307 1701 a'b
1332 1647 1446 1702 anno
1473 1618 1591 1705 1873
1614 1650 1679 1704 66-

187 1757 417 1829 crementa
450 1739 728 1828 ministravitt
766 1741 812 1828 lt.
849 1739 919 1826 Ob
954 1738 1084 1840 rixas,
1136 1739 1273 1854 iurgia
1312 1752 1355 1824 et
1389 1740 1677 1855 antipathiam

152 1959 156 1966 ¹
187 1863 313 1974 inter
342 1863 491 1950 fideles
525 1863 752 1982 utriusque
786 1863 1036 1965 Ecclesiae3
1075 1862 1193 1980 quod
1247 1861 1415 1948 noviter
1455 1863 1681 1954 adstruere

187 2005 348 2076 curant
384 1986 520 2073 relato
554 1987 803 2074 testimonio
853 1985 1094 2103 Praepositi
1132 1985 1311 2074 Perochi
1350 1985 1567 2083 Notensis,
1605 1987 1681 2105 qui

188 2127 290 2198 octo
324 2139 405 2228 per
438 2141 578 2198 annos
611 2109 808 2199 Vicarius
842 2109 982 2196 extitit
1015 2107 1296 2224 CapitnlariS,
1338 2137 1507 2196 666666
1548 2109 1683 2197 Vica-

191 2231 250 2320 rii
283 2231 509 2322 Generalis
545 2232 744 2352 Episcopi
784 2235 841 2320 La
877 2231 1059 2320 Veccltia
1094 2247 1136 2316 et
1171 2230 1273 2317 dein
1299 2231 1480 2318 actualis
1500 2235 1682 2319 Praesu-

191 2355 264 2443 lis.
288 2357 333 2442 5.
368 2357 565 2442 'Domum
592 2387 642 2442 ex
679 2355 900 2444 redituum
937 2354 1152 2442 Ecclesiae
1177 2353 1463 2469 pinguedine,
1486 2385 1572 2475 qna
1610 2353 1677 2462 lit,

190 2497 241 2564 ut
298 2477 470 2564 nullum
521 2479 838 2594 praeiudicium
891 2477 1079 2565 matricis
1113 2478 1329 2566 Ecclesiae
1379 2477 1570 2564 Parocho
1620 2475 1679 2564 61-

187 2600 372 2689 1666166.

318 2725 513 2813 Gradum
550 2725 755 2812 iacientes
788 2725 842 2813 ad
866 2724 1050 2810 alteram
1075 2723 1379 2840 quaestionem
1402 2721 1714 2810 animadver·‘

190 2863 291 2934 tunt
324 2877 375 2934 ea
402 2848 666 2936 resolutione
700 2850 745 2936 S.
769 2849 821 2932 V.
843 2848 898 2935 0.
937 2875 1099 2934 novum
1126 2846 1191 2932 ius
1214 2847 1498 2932 constitutum
1532 2843 1677 2951 fnisse,

191 2969 548 3090 independenter
570 3003 593 3058 a
619 2971 841 3089 proposito
866 2972 1030 3071 Dubio,
1071 3001 1146 3088 per
1179 2967 1504 3055 emanationem
1528 2971 1684 3057 solem·

188 3095 256 3180 nis
276 3096 447 3183 Decreti
465 3127 642 3183 -socrus
658 3095 889 3215 functiones
912 3127 936 3180 6
954 3091 1154 3210 Cupitulo
1174 3090 1432 3207 peruqendas
1450 3123 1530 3176 uon
1547 3123 1679 3194 esse-,·

188 3219 309 3336 quod
334 3221 568 3305 Decretum
605 3219 664 3306 ob
711 3218 940 3337 publicum
987 3218 1153 3305 bonnm
1206 3216 1338 3302 latum
1391 3215 1676 3302 relaxandum

190 3372 279 3430 non
313 3373 406 3430 esse
430 3363 581 3458 urgent
619 3343 677 3430 ob
714 3340 1023 3431 nonnullorum
1075 3339 1382 3457 petulantiam.
1420 3339 1677 3441 coeterum,

190 3481 320 3582 prout
357 3467 399 3552 in
437 3466 579 3582 prima
614 3465 930 3582 propositione,
971 3465 1169 3552 recolunt
1202 3463 1456 3579 Capitulum
1494 3460 1559 3547 ius
1593 3493 1678 3550 non

189 3587 352 3676 hahere
385 3621 524 3678 sacras
542 3589 781 3706 peragendi
816 3589 1075 3694 lunationes,
1113 3587 1287 3676 attentis
1311 3587 1404 3672 1666
1437 3587 1676 3690 communi,

188 3709 345 3799 Litoris
382 3712 643 3832 Apostolicis
676 3711 843 3800 Urbani
878 3714 992 3813 Vlll,
1030 3711 1256 3800 sententiis
1291 3709 1603 3825 Episcoporum
1637 3725 1680 3796 et

189 3832 488 3924 observantia.
1455 3906 1460 3917 .

315 3961 374 4046 Ex
411 3978 534 4077 parte
568 3961 758 4078 Capituli
799 3961 843 4048 S.
862 3959 1054 4076 Georgii,
1092 3957 1215 4046 cuius
1257 3987 1434 4046 causam
1481 3985 1677 4043 commn-

192 4111 291 4167 nem
326 4082 410 4170 sibi
445 4081 920 4174 1661106616616661166
952 4083 1037 4170 661)
1072 4080 1198 4167 111616
1231 4085 1276 4174 S.
1328 4077 1507 4166 Antonii
1552 4081 1676 4166 Pata·

188 4203 279 4288 vini
316 4207 536 4294 66661616
573 4207 759 4296 Ecclesia
807 4206 852 4294 S.
889 4203 1088 4309 Antonii,
1127 4235 1240 4322 qnae
1291 4203 1332 4290 in
1382 4199 1681 4315 suffraganeae

187 4325 235 4414 S.
273 4328 444 4416 loannis
479 4329 647 4416 ambitu
682 4331 760 4417 sita
796 4327 1163 4432 est,hinae'mihi
1182 4329 1356 4417 oblatae
1378 4340 1477 4410 sunt
1514 4321 1683 4437 Allega·

189 4449 346 4554 tiones,
375 4453 416 4538 16
442 4483 630 4572 quarum
666 4453 875 4540 alterode
898 4453 1305 4552 dismembratione,
1344 4448 1477 4534 altera
1501 4445 1679 4532 seorsim

188 4569 245 4658 de
283 4574 375 4663 1666
407 4609 548 4664 666666
584 4575 821 4694 peragendi
856 4574 1099 4664 lunationes
1132 4576 1175 4662 in
1212 4571 1398 4662 Ecclesia
1431 4571 1476 4659 S.
1504 4567 1678 4656 loannis

188 4695 346 4810 agitor,
376 4729 577 4788 6666661
600 4702 724 4788 rrovis
755 4699 1029 4788 documentis
1047 4697 1263 4816 pluribus,
1301 4727 1414 4815 quae
1436 4725 1516 4812 pro
1538 4720 1679 4810 quae·

188 4820 379 4910 stionum
404 4823 730 4940 opportunitate
764 4825 938 4912 duobus
963 4822 1003 4908 16
1023 4821 1279 4909 Summariis
1313 4819 1523 4937 impressa
1557 4827 1676 4900 sunt.

314 4947 358 5030 ln
385 4947 675 5064 Allegatione,
713 4979 798 5066 qua
832 4943 1164 5034 dismembratio
1201 4941 1437 5030 reiieienda
1472 4937 1675 5040 sumitur,

186 5060 286 5152 16611
323 5071 487 5187 species
520 5101 573 5158 ex
609 5073 775 5190 integro
811 5069 996 5186 repetita
1030 5083 1110 5172 est,
1150 5087 1195 5155 ut
1230 5067 1285 5154 dc
1326 5061 1563 5180 S.Georgii
1601 5063 1680 5148 Ec·

187 5185 343 5280 clasiae
377 5195 640 5312 antiquitate
689 5208 907 5284 constaret
947 5191 1093 5310 deque
1126 5193 1217 5280 eius
1250 5186 1561 5280 Matricialibus
1612 5183 1682 5270 16-

190 5309 310 5400 ribus
343 5349 474 5434 super
523 5349 674 5405 omnes
717 5317 820 5406 alias
869 5314 1067 5403 eiusdem
1102 5315 1299 5404 Civitatis
1349 5311 1574 5412 Ecclesiae,
1613 5305 1687 5394 de

188 5434 343 5547 primis
398 5441 451 5530 ad
509 5472 604 5530 eam
659 5437 998 5560 deprimendam
1043 5439 1270 5526 conatibus
1326 5467 1404 5552 per
1448 5429 1667 5521 aemulam
1724 5491 1726 5494 -

188 5556 234 5644 S.
271 5559 388 5649 Petri
423 5565 672 5665 Ecclesiam,
693 5566 750 5655 de
782 5561 939 5654 actuali
974 5561 1196 5682 reciproco
1230 5576 1343 5646 statu
1367 5557 1555 5646 duarum
1575 5553 1672 5644 Col-

907 5896 956 6002 s,
