4558 6340
566 348 662 438 eoo
1036 339 1118 433 uu
1149 339 1211 428 aa
1243 333 1418 452 Aprtta
1452 334 1589 424 tara.

565 473 809 589 ignoratur.
847 465 962 555 lllud
1004 496 1139 551 unum
1165 475 1332 552 certum
1351 476 1432 562 est,
1459 459 1621 578 quoda
1646 459 1951 576 praeter-lapsu
1975 463 2059 553 iarn

566 626 675 684 aevo
711 592 866 680 eadem
904 587 1117 676 inutiliter
1171 586 1325 674 sedare
1373 601 1458 670 tam
1515 581 1665 670 civiles
1716 615 1856 701 qnam
1909 587 2061 675 Ecclc-
2175 641 2179 649 ·

566 717 763 808 siasticac
821 712 1097 802 auctoritates
1154 709 1283 796 variis
1341 706 1671 824 provisionibus
1723 707 2057 799 udlaborarunt.

566 841 651 930 Res
697 837 807 926 adeo
851 850 1144 926 excreverunt
1198 833 1277 920 hac
1323 849 1470 918 nostra
1520 831 1779 947 praesertim
1828 845 1976 918 aetate
2018 852 2064 920 ut

567 961 813 1052 functiones
847 961 967 1076 ipsae
1001 959 1070 1046 vel
1094 956 1211 1044 civili
1262 955 1508 1070 imperante
1556 955 1812 1041 auctoritate
1866 955 2062 1070 prohibi·

568 1103 639 1175 tae
672 1085 851 1184 luerint,
877 1085 943 1170 vel
964 1112 1052 1168 nun
1075 1080 1170 1168 sine
1186 1077 1384 1166 fidelium
1409 1077 1613 1166 scandalo
1636 1078 1870 1178 exercitae,
1906 1093 1951 1164 et
1969 1109 2064 1168 sua·

567 1209 712 1296 siones
734 1209 1069 1324 Episcoporum,
1093 1223 1141 1292 ut
1158 1201 1323 1292 eisdem
1347 1230 1426 1318 per
1444 1201 1626 1288 formale
1653 1202 1893 1301 iudicium,¹
1910 1201 1982 1287 vel
2005 1235 2068 1288 ar·

568 1331 802 1434 bitratum,
829 1347 906 1418 aut
930 1328 1264 1416 transactionem
1299 1311 1577 1412 amicabilem
1612 1323 1708 1415 finis
1743 1327 2060 1442 imponeretur,

570 1453 790 1542 ineassum
827 1481 976 1540 aerem
1015 1451 1321 1539 verberarunt.

695 1579 743 1662 ln
781 1576 860 1662 hoc
897 1605 1044 1661 rernm
1079 1592 1194 1661 statu
1228 1604 1342 1658 anno
1378 1572 1499 1660 l87lt
1533 1599 1681 1659 mense
1705 1571 1941 1659 Februarii
1965 1601 2063 1686 sup-

572 1701 676 1816 plex
708 1702 753 1790 S.
792 1702 845 1787 V.
883 1699 937 1787 Ο.
977 1697 1148 1786 oblatus
1183 1695 1262 1783 luit
1298 1695 1472 1783 libellus
1494 1695 1831 1810 Oppidanorum
1868 1697 1915 1782 S.
1946 1695 2065 1779 loan-

573 1823 638 1909 nis
658 1821 854 1924 nomine,
875 1819 1314 1909 dismembrationem
1330 1819 1473 1907 dietae
1492 1821 1723 1921 Ecclesiae,
1742 1837 1785 1905 et
1802 1817 2002 1905 eiusdem
2025 1816 2064 1902 in

574 1946 761 2034 liberam
786 1943 1034 2061 paroeciam
1069 1945 1334 2030 erectionem
1371 1942 1742 2058 expostulantium
1770 1960 1855 2029 tam
1886 1956 2062 2058 propter

573 2067 828 2156 distantiam
844 2063 1236 2184 difficultatemque
1252 2065 1420 2154 viarum
1439 2065 1494 2152 ad
1515 2065 1805 2183 parochialem
1825 2068 1871 2155 S.
1892 2061 2066 2179 Georgii

573 2188 826 2293 accedendi,
865 2219 1000 2306 quarn
1024 2192 1081 2277 ob
1099 2190 1402 2278 celebritatem
1422 2208 1519 2276 octo
1545 2190 1730 2276 millium
1757 2189 1971 2304 capitum.
2001 2186 2065 2270 Li-

573 2313 718 2402 bellus
752 2311 821 2399 hic
853 2312 910 2399 de
942 2342 1068 2400 more
1101 2313 1185 2400 sub
1220 2311 1293 2399 die
1327 2313 1385 2399 22
1420 2313 1522 2400 dicti
1559 2313 1718 2400 mensis
1750 2327 1794 2400 et
1836 2313 1941 2398 atini
1995 2339 2066 2394 re-

575 2435 730 2524 missus
764 2434 840 2521 luit
874 2435 1085 2551 Episcopo
1123 2467 1201 2553 pro
1227 2435 1535 2524 inlormatione
1559 2451 1602 2522 et
1623 2457 1722 2522 voto
1746 2435 1902 2522 audito
1937 2436 2065 2520 Paro-

576 2559 657 2648 cho
692 2557 940 2674 inscriptis.
968 2562 1186 2647 Parocbus
1205 2577 1248 2646 at
1269 2591 1371 2646 vero
1400 2559 1782 2647 dismembrationi
1806 2556 1926 2644 haud
1949 2583 2068 2672 prae-

576 2681 677 2770 buit
711 2711 935 2768 assensum
978 2681 1207 2784 adnotanS,
1248 2699 1521 2770 recurrentes
1552 2682 1769 2768 scholares
1803 2711 1921 2797 pene
1954 2679 2068 2767 duo-

577 2803 744 2892 dennes
779 2835 889 2907 esse,
925 2821 968 2891 et
987 2804 1154 2922 aliquas
1177 2807 1523 2922 subscriptiones
1556 2835 1649 2892 esse
1678 2805 1817 2906 lalsas3
1857 2803 2066 2892 Procura-

578 2945 695 3015 tores
730 2945 878 3015 autem
914 2929 959 3016 S.
997 2927 1172 3016 loannis
1205 2928 1579 3045 independentiae
1611 2928 1767 3044 spiritu
1801 2925 1938 3014 lretos
1962 2924 2068 3010 velle

575 3049 820 3138 Parochu'm
841 3049 925 3136 sibi
950 3051 1195 3154 subditum,
1234 3053 1468 3140 Ecclesiam
1504 3053 1550 3140 S.
1589 3053 1761 3140 loannis
1783 3051 1899 3141 bene
1927 3079 2070 3165 aqua-

578 3189 681 3262 tuor
713 3171 965 3289 Capellanis
998 3174 1347 3264 administratam
1371 3204 1481 3263 esse.
1509 3175 1636 3262 Hisce
1653 3177 1836 3294 aliisque
1864 3170 2065 3262 deductis

580 3329 605 3383 a
629 3297 820 3384 Pacocho
845 3299 1103 3401 rationibus,
1140 3317 1273 3418 atque
1299 3297 1467 3416 abipso
1502 3299 1715 3416 Episcopo
1744 3297 1973 3417 perpensis
2005 3293 2069 3382 hic

581 3435 774 3506 mentem
794 3449 918 3507 suam
934 3421 1174 3536 aperiendo
1190 3423 1296 3509 nihil
1321 3421 1449 3509 duxit
1468 3451 1559 3508 csse
1584 3422 1906 3510 innovandum.
1952 3419 2064 3529 Qua·

576 3557 760 3660 propter
797 3545 1060 3658 rescriptum
1094 3543 1176 3632 luit
1209 3545 1283 3634 die
1315 3544 1489 3633 atttriti
1510 3544 1709 3633 eiusdem
1731 3545 1820 3634 Non
1843 3542 2056 3659 expedire.

709 3664 797 3755 Sed
832 3697 931 3754 cum
973 3697 1136 3755 novum
1191 3669 1454 3785 accepissem
1508 3667 1711 3755 libellum
1754 3699 1905 3756 mense
1964 3661 2067 3751 lunii

584 3787 688 3878 anni
705 3789 843 3891 l877,
871 3821 958 3906 quo
978 3789 1369 3880 Administratores
1391 3792 1605 3880 Ecclesiae
1623 3795 1668 3885 S.
1690 3792 1862 3880 loannis
1884 3785 2071 3910 pressius

582 3943 632 4000 ac
665 3910 899 4000 instantius
932 3911 1370 4004 disnrcmbrationem
1406 3915 1704 4032 postulabant,
1733 3933 1778 4004 et
1801 3911 2069 4001 inlormatio-

582 4063 685 4121 nem
720 4051 961 4152 votumque
994 4066 1106 4124 novo
1154 4038 1371 4127 Dioecesis
1422 4036 1620 4127 Netensis
1656 4039 1897 4129 Ordinario
1949 4061 2070 4123 com·-

582 4155 813 4256 misissem,
856 4157 931 4274 qui
967 4189 1052 4244 non
1088 4161 1221 4251 modo
1249 4161 1394 4249 utilem
1442 4191 1536 4250 esse
1579 4163 1728 4251 retulit
1762 4159 1841 4251 sed
1896 4181 2068 4247 necessu·

583 4279 696 4366 riam
729 4277 1187 4388 dismembrationem,
1230 4285 1604 4402 quemadmodum
1623 4304 1665 4373 et
1700 4287 1842 4402 ipsum
1872 4279 2067 4374 Netcnsis

574 4401 855 4491 'Cathedralis
894 4405 1148 4524 Capitulum
1171 4410 1398 4526 opinatum
1421 4407 1576 4510 luerat,
1607 4408 1830 4512 mandavi,
1859 4425 1907 4495 ut
1938 4429 2063 4495 causa

582 4541 824 4645 poneretur
857 4527 901 4614 in
940 4529 1059 4618 lulio.
1773 4541 1780 4548 ’

708 4645 878 4738 Accidit
912 4653 990 4742 sed
1024 4684 1076 4742 co
1110 4669 1323 4771 tempore,
1378 4673 1425 4744 ut
1457 4686 1555 4744 cnm
1591 4653 1829 4742 hodiernus
1871 4645 2067 4742 Netensis

583 4769 820 4889 Episcopus
852 4775 1155 4892 quaestionem
1180 4780 1291 4867 cirea
1317 4779 1382 4866 ius
1405 4777 1640 4897 peragendi
1659 4809 1801 4868 sacras
1826 4778 2065 4865 [unctiones

584 4923 639 4982 ex
662 4911 787 5010 parte
820 4899 1157 4988 Procuratorum
1182 4919 1225 4992 ct
1247 4904 1617 5020 Cappellanorum
1636 4902 1849 4994 Ecclesiae
1871 4904 1917 4990 S.
1941 4903 2060 4986 loan·
2180 4994 2182 4998 ,

584 5015 669 5122 nis,
708 5017 866 5108 iterum
899 5023 1092 5112 suscitari
1128 5023 1321 5126 vidisset,
1358 5043 1402 5112 et
1434 5023 1636 5113 scandala
1673 5027 1839 5144 augeri,
1866 5017 2065 5140 Capitulo

521 5219 527 5224 .
584 5139 633 5231 S.
669 5140 849 5256 Georgii
883 5176 1020 5264 usque
1053 5177 1077 5234 a
1110 5175 1266 5237 mense
1295 5148 1553 5236 Decembris
1587 5147 1689 5235 anni
1726 5151 1848 5240 turs
1878 5138 2062 5263 scr-ipsit,

586 5289 643 5350 ne
666 5266 994 5358 canonicalibus
1009 5269 1256 5388 insignibus
1275 5286 1468 5361 uteretur
1480 5287 1602 5360 extra
1616 5271 1850 5365 Ecclesiam
1866 5274 1912 5363 S.
1928 5273 2060 5360 Geor·

583 5384 643 5524 gii
663 5391 854 5506 exceptis
866 5395 996 5483 sacris
1006 5393 1417 5513 supplicationibus,
1437 5395 1568 5484 simul
1588 5395 1789 5486 insistens
1806 5413 1853 5485 ut
1869 5386 2062 5515 quaestio

588 5522 706 5600 tuter
737 5509 852 5628 ipsos
883 5533 931 5604 et
958 5519 1264 5630 Procuratores
1295 5517 1510 5613 Ecclesiae
1542 5521 1590 5612 S.
1609 5521 1782 5611 loannis
1804 5520 1848 5608 iu
1871 5509 2062 5628 virturis
