4350 6326
503 371 596 459 548
938 361 1023 448 Die
1050 362 1113 451 20
1128 361 1382 452 'Decembris
1415 363 1553 452 1879.

500 491 760 609 logiatarum
792 485 987 576 Civitatis
1026 486 1352 605 principalium,
1398 517 1479 576 nec
1524 489 1609 574 non
1652 487 1709 576 dc
1755 489 1992 582 coniuncta

500 645 649 733 opera,
673 638 806 728 quam
829 609 961 696 etiam
995 641 1111 696 nuuc
1134 609 1177 696 in
1196 639 1295 698 cam
1311 609 1521 706 adbibont
1540 611 1710 702 ssent
1734 611 1993 728 Capitulum
2018 733 2021 737 .

500 757 544 828 ot
577 740 622 828 S.
662 733 833 820 loannis
855 731 1260 822 Administratores.

487 871 489 878 ’
605 861 756 975 ltaque
776 855 1033 946 Defensores
1053 857 1518 975 narrantgravissimas
1541 887 1656 945 auno
1679 857 1801 946 1636
1814 861 1996 948 exarsis·

500 1017 547 1074 sc
568 1013 712 1071 coram
732 981 838 1070 S.ll.
852 978 1198 1098 Congregatione
1216 979 1273 1068 de
1298 979 1557 1070 matrioitate
1579 979 1998 1099 quaest.iones,quas

505 1107 595 1226 ipsa
633 1106 674 1190 in
728 1134 808 1188 ιιιιιι
839 1101 1102 1216 Syracusano
1136 1101 1224 1188 dici
1261 1104 1318 1190 tt
1353 1104 1463 1190 Maii
1509 1101 1612 1191 dicti
1657 1102 1760 1189 anni
1809 1103 1998 1194 absolvit

501 1230 742 1318 decernens
796 1267 811 1304 ι
857 1224 1086 1312 Ecclesiam
1142 1225 1188 1315 S.
1241 1227 1417 1344 Georgii
1457 1257 1548 1314 esse
1596 1224 1884 1344 Collegiatam
1930 1229 1999 1324 in·

507 1395 524 1434 ι
564 1353 757 1468 signem,
800 1347 931 1465 eique
961 1349 1022 1436 uti
1062 1347 1134 1440 tali
1184 1349 1340 1436 deberi
1383 1347 1735 1468 praecedentiam
1761 1365 1806 1436 et
1842 1381 1997 1466 praee·

505 1517 523 1556 ι
565 1471 821 1564 minentiam
862 1475 1188 1588 superomnes
1240 1471 1348 1560 alias
1402 1472 1660 1589 Collegium
1693 1471 1890 1560 eirasdcm
1929 1474 1999 1564 Ci-

506 1642 523 1678 «
564 1597 708 1685 vitatis
752 1635 768 1670 ι
818 1608 862 1680 et
914 1595 1026 1681 inter
1072 1595 1198 1712 plura
1239 1594 1467 1712 privilegia
1495 1597 1552 1682 ab
1586 1595 1744 1682 eadem
1781 1595 1881 1684 Sac.
1918 1599 1996 1692 Ri-

501 1739 627 1810 tuum
670 1717 1016 1834 Congregatione
1064 1717 1313 1834 singillatim
1371 1717 1522 1808 lavore
1566 1715 1753 1834 Capituli
1803 1717 1848 1806 S.
1910 1721 1997 1809 Ge·

501 1843 608 1960 orgii
660 1856 944 1942 enumerata,
994 1840 1101 1930 illud
1156 1842 1403 1928 continetur
1457 1839 1694 1933 accedendi
1749 1841 1882 1930 etiam
1934 1843 1995 1932 ad

500 1963 732 2054 Ecclesiam
757 1965 804 2054 S.
839 1964 957 2051 Petri
996 1995 1077 2082 pro
1115 1963 1413 2052 lucretionibus
1446 1963 1722 2084 peragendis.
1754 1965 1997 2054 Decretum

499 2119 676 2207 qunque
706 2085 935 2203 cst,qu0d,
962 2085 1193 2176 deficiente
1218 2087 1612 2204 primaDignitate,
1641 2105 1783 2204 posset
1808 2087 1996 2179 lunatio·

503 2243 578 2300 nes
621 2240 833 2328 peragere
868 2210 1076 2314 secunda,
1124 2223 1168 2298 et
1190 2241 1240 2298 ea
1265 2212 1446 2299 absente
1473 2213 1599 2300 tertia
1632 2209 1788 2297 ordine
1820 2243 1991 2300 sueces-

499 2335 609 2435 sivo,
656 2349 699 2420 et
732 2329 852 2449 quod
897 2374 911 2410 ι
959 2329 1109 2422 fideles
1151 2333 1194 2419 in
1221 2332 1294 2420 die
1338 2335 1555 2424 Pascbatis
1597 2332 1860 2448 recipientes
1883 2335 1993 2454 San·

505 2497 522 2535 ι
561 2455 801 2544 ctissimum
842 2456 1132 2544 Eucharistiae
1164 2457 1503 2546 Sacramentum
1522 2457 1563 2544 in
1599 2455 1787 2545 Ecclesia
1813 2457 1995 2546 llatrice

513 2621 527 2658 ι
568 2581 613 2668 S.
642 2571 817 2696 Georgii
837 2577 1098 2666 satisfaciant
1126 2579 1386 2696 obligationi
1419 2581 1475 2668 de
1508 2579 1762 2695 recipienda
1782 2580 1995 2670 Commu-

503 2743 521 2782 «
562 2703 696 2790 nioue
735 2703 778 2788 iu
811 2701 994 2788 Ecclesia
1039 2702 1278 2790 Parecbiali
1309 2743 1325 2782 ι
1354 2701 1794 2819 saoconna-quod
1835 2703 1992 2790 Arabi·

499 2825 730 2944 presbyter
768 2823 813 2912 S.
840 2823 956 2912 Petri
995 2824 1116 2913 nullo
1161 2823 1508 2914 modavaleret
1550 2826 1797 2936 ministrare
1840 2829 1996 2918 Sacra·

498 2961 646 3036 menta
664 2949 749 3036 suis
773 2947 1050 3063 parochianis
1081 2965 1201 3036 extra
1228 2949 1451 3066 propriam
1469 2947 1727 3040 Paroadam
1741 3003 1789 3034 -.
1808 2951 1863 3036 Et
1887 2981 1995 3066 quo·

498 3072 620 3160 niam
657 3073 702 3161 8.
750 3072 1108 3189 Cnugccgationis
1134 3073 1327 3161 Decretis
1363 3103 1451 3160 nnn
1482 3072 1763 3193 acquieverat
1797 3072 1842 3160 8.
1872 3074 1992 3160 Petri

501 3193 770 3311 Capitulum,
805 3195 912 3284 baec
944 3198 988 3284 8.
1033 3189 1212 3283 llituum
1248 3195 1605 3314 Congregationis
1629 3197 1816 3282 Decreta
1838 3197 1900 3284 ab
1924 3197 1993 3285 ln-

362 3311 369 3330 ’
499 3320 701 3406 nocentia
722 3319 778 3403 xt
801 3317 1058 3406 curtrmaa
1082 3319 1366 3408 suntbitteris
1393 3317 1652 3434 apostolicis
1673 3372 1702 3388 -
1728 3315 1853 3404 ,atras
1877 3351 1993 3406 arsa·

499 3457 655 3528 nornnt
676 3440 833 3528 -datis
855 3441 930 3530 die
962 3442 990 3528 -l
1010 3441 1121 3529 lunii
1146 3441 1284 3530 1689.
1305 3444 1491 3530 Narrant
1529 3471 1710 3560 quoque
1750 3442 1810 3528 ob
1836 3441 1991 3558 ingra-

501 3581 750 3652 vescentem
789 3558 980 3681 Capituli
1013 3567 1058 3656 S.
1103 3565 1219 3658 Petri
1254 3567 1547 3681 arrogantiam
1579 3580 1623 3652 et
1672 3565 1821 3680 populi
1852 3563 1989 3652 sedu-

500 3686 664 3774 ctiones
710 3707 957 3805 motusque,
1005 3687 1167 3806 quibus
1212 3687 1463 3805 Capitulum
1487 3689 1596 3776 illud
1636 3686 1868 3790 utebatur,¹
1917 3718 1990 3775 an·

503 3839 559 3896 no
596 3809 714 3897 1757
738 3810 923 3898 Civilem
954 3811 1273 3906 Auctoritatem
1312 3811 1394 3898 sub
1430 3809 1501 3897 dic
1537 3813 1566 3898 6
1602 3810 1882 3927 Septembris
1911 3811 1991 3901 dc-

504 3947 673 4018 cretum
713 3932 918 4034 edidisse,
948 3967 1036 4052 qam
1093 3947 1278 4051 utraque
1330 3934 1568 4050 Collegiata
1626 3932 1809 4022 llatricis
1859 3935 1983 4022 titulo

501 4053 705 4142 decorata
739 4071 802 4143 cst
829 4073 872 4143 et
914 4057 1107 4144 ambitus
1131 4055 1299 4174 proprii
1343 4055 1504 4174 cuique
1524 4057 1739 4146 Ecclesiae
1776 4057 2005 4174 assignati,
2164 4109 2165 4176 p

427 4181 432 4192 '
500 4193 605 4264 sant
636 4207 734 4264 cum
775 4177 915 4265 tribus
953 4178 1237 4296 suffraganeis
1261 4211 1340 4296 pro
1364 4211 1628 4298 unaquaque
1651 4181 1841 4282 Matrice,
1870 4211 1990 4297 quae

505 4297 592 4388 iam
631 4300 892 4407 existebant,
929 4314 973 4389 ct
1004 4321 1127 4390 erant
1168 4335 1247 4421 pro
1280 4303 1325 4391 S.
1352 4303 1544 4422 Georgia
1564 4302 1778 4392 Ecclesiae
1799 4306 1848 4394 S.
1867 4305 1989 4390 loan-
2164 4367 2165 4380 ι

507 4421 591 4524 uis,
630 4425 675 4512 S.
718 4425 974 4543 Margaritae
1005 4440 1048 4514 ct
1090 4427 1135 4515 S.
1172 4427 1331 4516 Mariae
1368 4426 1424 4514 de
1447 4431 1729 4542 Catena;pr0
1767 4427 1812 4516 8.
1861 4429 1990 4512 Petro
2072 4487 2075 4491 -
2164 4495 2165 4498 ι

397 4585 400 4592 ’
504 4543 719 4634 Ecclesiae
748 4551 824 4641 SS.
867 4547 1119 4653 Salvator-ts,
1155 4552 1200 4638 S.
1234 4551 1390 4636 blaciae
1423 4551 1718 4640 Succursnset
1751 4551 1797 4638 8.
1839 4547 1978 4650 Pauli,

504 4697 695 4785 cumque
730 4670 824 4765 iure
856 4671 1096 4792 peragendi
1135 4673 1177 4760 in
1213 4703 1477 4792 unaquaque
1511 4672 1630 4762 filiali
1661 4671 1848 4762 Ecclesia
1890 4671 1983 4764 lus·

501 4789 679 4892 ctiones,
724 4811 768 4879 ut
797 4795 1014 4910 perlectae
1045 4795 1294 4917 aequalitati
1337 4797 1464 4886 unius
1493 4813 1536 4890 et
1560 4795 1736 4888 alterius
1770 4794 1990 4886 Ecclesiae

501 4913 746 5002 consultum
780 4931 912 5008 esset.
1343 4987 1347 5004 ,

627 5037 735 5128 lluic
761 5042 965 5144 Decreta,
1014 5041 1114 5131 licet
1176 5071 1357 5132 snorum
1409 5041 1572 5132 inrium
1616 5043 1822 5134 iacturam
1864 5057 1982 5158 pate·

501 5175 640 5262 retur,
688 5161 732 5249 vi
783 5166 1059 5283 acquiescere
1112 5165 1270 5256 debuit
1311 5169 1357 5258 8.
1394 5165 1571 5282 Georgii
1614 5166 1882 5282 Capita-lum,
1908 5163 1985 5252 sed

500 5281 675 5392 lrustr'a3
704 5317 805 5375 nam
829 5319 944 5376 anno
971 5287 1092 5377 1786
1113 5289 1338 5379 S.loaunis
1372 5293 1690 5391 Procuratores,
1718 5303 1766 5376 ut
1785 5293 1831 5382 8.
1860 5286 1977 5376 Petri

500 5407 825 5524 Capitularibus
846 5441 1014 5500 morem
1044 5425 1261 5529 gererent,
1283 5411 1376 5501 iura
1393 5412 1710 5506 uamnicorum
1728 5413 1779 5504 S.
1795 5409 1973 5527 Georgii

498 5525 611 5616 olam
646 5551 690 5620 et
722 5552 872 5652 aperte
895 5533 1075 5626 luerunt
1098 5533 1293 5642 inficiati,
1327 5533 1404 5628 sed
1423 5555 1572 5625 contra
1596 5565 1673 5625 eos
1693 5533 1858 5654 prodiit
1884 5563 1977 5622 sen·
