4446 6330
676 329 762 424 Die
793 331 855 418 25
888 328 1084 416 Ianuarii
1117 327 1254 416 4879.
1684 333 1713 418 3

345 455 516 546 lsthanc
550 485 683 572 porro
717 451 992 570 disciplinam
1019 450 1160 544 adbuc
1192 479 1285 540 esse
1319 449 1364 536 in
1398 449 1580 554 bonore,
1602 451 1709 569 quin

222 583 331 674 aliae
364 581 623 668 innumerae
657 576 936 695 proferentur
968 605 1124 664 causae
1160 571 1417 693 persimiles,
1447 573 1707 691 perabunde

218 708 489 798 demonstrat
539 701 682 818 ipsum
734 699 994 816 rescriptum
1042 700 1088 790 S.
1126 697 1485 814 Congregationis
1535 695 1579 784 in
1629 697 1710 788 hoc

219 826 384 918 iudicio
417 823 491 914 dio
523 823 553 910 9
586 823 684 915 Iulii
728 821 967 940 superioris
1013 823 1115 910 anni
1167 821 1288 910 t878
1335 820 1546 920 elicitum,
1601 819 1711 910 dum

219 949 491 1043 confectione
539 977 763 1064 processus
811 949 920 1034 Eme
968 945 1310 1062 Arclxiepiscopo
1353 943 1705 1060 Compostellano

220 1070 506 1174 demandata,
545 1069 711 1159 nedum
746 1068 1075 1158 Benedictinnm
1126 1069 1491 1158 constitutionem
1535 1067 1712 1156 servari

218 1199 302 1286 luit
336 1195 601 1297 iniunctum,
640 1224 794 1282 verum
830 1191 980 1294 etiam,
1002 1225 1086 1309 pro
1111 1223 1257 1279 norma
1289 1189 1496 1278 seruanda
1529 1190 1573 1276 in
1611 1221 1706 1278 con·

219 1320 400 1442 sectione
430 1347 659 1432 processus,
698 1332 980 1434 praenotatae
1013 1317 1316 1404 Instructionis
1350 1315 1605 1431 exemplum
1636 1330 1704 1402 est

220 1444 280 1536 de
314 1471 437 1530 more
470 1439 525 1528 ad
559 1437 768 1534 eumdem
805 1438 1107 1526 transmissum
1147 1471 1241 1524 «nc
1261 1437 1545 1554 praesent-ilios
1570 1436 1708 1524 literis

219 1569 395 1654 uniatur
429 1562 654 1648 Instructio
684 1592 766 1676 pro
800 1593 946 1650 nortun
977 1559 1184 1650 seruando
1218 1563 1262 1646 in
1301 1561 1553 1680 confectione
1599 1591 1712 1675 pro-

223 1720 355 1778 cessus
394 1728 433 1772 n.
962 1753 966 1760 .

139 1923 141 1927 Δ
348 1812 470 1897 luter
524 1807 772 1924 potissimas
825 1805 1042 1894 eiusmodi
1094 1839 1270 1896 normas
1321 1808 1393 1896 ills
1441 1823 1540 1909 est,
1592 1836 1708 1923 quae

223 1937 525 2026 iuramentum
560 1931 797 2048 coniugum
832 1947 876 2018 ct
910 1961 1093 2018 examen
1128 1933 1341 2048 septimae
1374 1961 1530 2018 manos
1582 1960 1708 2048 prae-

221 2057 378 2158 stituit,
416 2054 537 2172 quod
570 2085 701 2170 porro
734 2084 916 2142 examen
953 2051 1272 2144 conficiendum
1307 2071 1493 2142 estnon
1528 2053 1711 2174 quidem

223 2177 643 2300 quomodocumque
697 2185 776 2294 pro
828 2177 1012 2264 arbitrio
1062 2177 1402 2298 inquirentium,
1455 2175 1532 2266 sed
1591 2179 1712 2264 inacta

223 2333 424 2392 cononum
460 2299 790 2415 dispositionem
828 2316 961 2418 atque
996 2300 1040 2388 id
1076 2317 1168 2390 tum
1203 2333 1256 2389 ex
1290 2299 1431 2390 veteri
1464 2299 1707 2418 disciplina,

222 2443 333 2516 teste
366 2423 525 2512 eodem
560 2421 695 2510 Cord.
732 2425 796 2510 De
828 2423 940 2510 ann
973 2426 1046 2510 cit.
1085 2423 1191 2512 disc.
1237 2426 1266 2512 9
1306 2457 1421 2514 num.
1466 2424 1495 2510 6
1535 2466 1550 2500 ι
1592 2427 1711 2510 inrn·
1751 2433 1757 2450 '

222 2566 358 2638 mento
387 2547 594 2662 praestito
630 2563 712 2634 torn
753 2545 805 2633 nb
848 2547 953 2660 ipsis
994 2548 1254 2662 coninpibns,
1297 2581 1417 2666 quum
1463 2579 1489 2632 n·
1535 2549 1711 2662 septima

222 2703 349 2760 mann
382 2671 692 2758 coniunctorum
711 2673 829 2758 inacta
846 2701 1044 2756 eunonium
1069 2668 1386 2786 dispositionem
1416 2713 1454 2768 ι,
1482 2687 1572 2756 tum
1603 2701 1713 2788 quo-

225 2826 313 2914 que
346 2825 400 2884 ex
432 2791 598 2911 vigenti
623 2793 764 2908 praxi,
804 2809 911 2880 teste
934 2794 1209 2884 Institutione
1231 2793 1517 2912 praelaudata
1541 2793 1585 2915 g.
1606 2795 1712 2880 Cam

223 2921 364 3035 itaque
403 2957 420 2994 ι
459 2945 685 3034 processus
717 2933 810 3008 acta
844 2946 930 3002 non
965 2916 1020 3004 ad
1046 2917 1182 3006 instar
1214 2918 1398 3008 aliorum
1425 2916 1707 3022 iudiciorum,

230 3082 247 3121 ι
286 3039 548 3158 praesertim
582 3037 794 3143 civilium,
832 3037 910 3126 sed
928 3039 1049 3126 iuxta
1070 3040 1217 3129 Sacros
1239 3041 1441 3138 Cononis,
1468 3055 1512 3128 et
1534 3043 1710 3128 citatam

232 3203 249 3244 ι
288 3167 336 3254 S.
373 3165 430 3249 Μ.
468 3161 635 3250 Rened.
673 3165 777 3252 XlV
810 3163 1194 3268 constitutionem,
1233 3182 1276 3252 et
1324 3179 1598 3283 praesentem
1644 3165 1713 3250 ln·

233 3327 250 3362 c
292 3283 574 3374 structionem
608 3303 738 3372 crunt
771 3285 1044 3375 ellormands
1083 3327 1124 3374 ι.

352 3405 591 3524 Explicitae
623 3439 671 3495 ac
704 3407 961 3527 propatulae
993 3408 1187 3528 alioquin
1221 3430 1319 3502 sunt
1357 3443 1577 3502 sacrorum
1628 3412 1709 3500 Ca·

222 3561 392 3622 nonum
427 3529 804 3647 praescriptiones,
842 3563 957 3650 quse
991 3532 1289 3624 iuramentum
1307 3536 1545 3654 coniugum
1575 3532 1714 3652 respi-

224 3656 365 3757 ciunt3
401 3651 643 3769 disponunt
675 3655 793 3744 enim
831 3674 877 3746 ot
910 3672 1087 3772 praeter
1120 3658 1435 3747 consessionem
1459 3659 1711 3748 inconsum-

225 3776 432 3868 matioois
455 3775 500 3860 in
523 3773 736 3892 petitione
767 3778 1065 3869 dissolutionis
1085 3780 1297 3870 connubii
1314 3782 1535 3886 emissam,
1562 3811 1657 3896 cop.
1679 3781 1708 3867 5

227 3905 295 3990 De
307 3895 467 4020 [reptet.
487 3899 713 4021 etmolefic.
726 3899 757 3984 ἰ
780 3905 819 3989 si
829 3902 942 4021 qnod
950 3936 1169 4020 numquam
1180 3925 1223 3992 'se
1239 3907 1415 3994 inuicem
1427 3905 1710 4022 copnnuerint,

224 4024 344 4113 umbo
386 4020 573 4142 fateatur
602 4063 641 4120 υ.
697 4040 880 4145 uterque
913 4026 1072 4116 coniux
1119 4025 1200 4117 hoo
1241 4029 1505 4118 examussim
1551 4027 1714 4116 debeat

225 4149 474 4238 iuramento
508 4143 749 4234 obfirmare
788 4189 809 4226 ι
839 4151 961 4242 tactis
998 4153 1270 4240 sacrosanctis
1312 4151 1573 4267 Eoutipeliis,
1597 4165 1708 4238 uter-

227 4303 305 4390 que
327 4265 604 4356 iureiurando
645 4269 775 4375 dt'cut,
813 4274 926 4391 qnod
967 4305 1186 4392 numquam
1217 4305 1300 4392 per
1342 4277 1482 4364 curnis
1523 4274 1713 4390 copulam

225 4425 312 4482 nnn
343 4422 440 4480 euro
482 4387 616 4510 effecti
649 4393 897 4511 fuissent».
934 4399 1021 4489 Sed
1055 4398 1174 4516 quod
1208 4399 1343 4488 Maria
1376 4397 1560 4487 Dolores
1605 4397 1715 4484 iura·

229 4517 342 4606 verit
375 4544 421 4602 so
455 4543 697 4632 numquam
721 4519 953 4610 carnaliter
974 4553 1074 4611 eum
1097 4523 1284 4612 llenrico
1307 4522 1400 4611 eius
1423 4553 1583 4638 sponso
1600 4550 1715 4608 eom·

229 4637 471 4740 miscuisse,
507 4639 754 4732 exactibus
778 4645 1123 4760 processualibus
1146 4643 1397 4736 nullatenus
1420 4645 1605 4732 eruitur.
1633 4643 1715 4732 Su·
1744 4749 1754 4770 ι

229 4763 314 4853 biit
346 4761 463 4850 enim
497 4789 625 4850 suum
654 4795 839 4858 examen
872 4799 1020 4860 casam
1056 4767 1201 4859 iudice
1235 4769 1484 4886 inquirente
1518 4767 1560 4854 in
1584 4765 1714 4856 Curia

229 4886 328 4976 nai
359 4883 491 4976 Card.
530 4885 688 4974 Vicarii
721 4921 776 4978 cx
808 4891 1086 5012 delegatione
1118 4890 1561 5012 llffiidrchiepiscopi
1580 4891 1713 4978 Com-

231 5005 481 5130 postellani,·
517 5007 596 5096 sed
629 5039 773 5130 neque
820 5016 866 5104 in
918 5015 1262 5136 interrogatosiis
1304 5017 1451 5108 eidem
1485 5011 1710 5116 exhibitis,
1822 5047 1824 5054 ¹

230 5162 379 5251 neque
411 5131 454 5218 in
489 5127 577 5216 sois
610 5135 965 5252 responsionibus
998 5141 1055 5230 do
1088 5139 1512 5230 inconsummatione
1555 5135 1604 5224 fit
1625 5167 1713 5226 ser·

231 5287 322 5344 mo.
354 5251 563 5373 ,Neglecta
597 5251 730 5371 igitur
762 5273 826 5347 est
858 5261 1063 5376 explicita
1097 5295 1144 5352 ac
1178 5261 1458 5380 praeceptiva
1489 5287 1713 5350 sacrorum

233 5408 448 5467 canonum
491 5371 728 5486 ordinatim
780 5381 881 5472 hinc
932 5385 1209 5474 substantiali
1263 5385 1372 5474 vitio
1411 5383 1597 5478 inlectus
1651 5399 1716 5474 est

235 5531 477 5618 processus.
1348 5526 1352 5540 ’
