4516 6318
475 260 569 353 142
920 257 1004 344 Die
1035 255 1095 342 ts
1126 252 1352 342 Februarii
1385 252 1524 346 t879.

481 389 677 486 deretur,
710 379 829 503 quod
859 382 977 468 bona
1018 379 1158 466 adhue
1187 376 1276 466 fide
1311 406 1464 465 omnes
1500 375 1752 466 detentores
1778 378 1971 496 partium

484 508 667 626 legatitii
702 503 872 622 praedii
904 503 948 589 in
986 499 1162 617 pacifica
1193 498 1461 618 possessione
1498 500 1653 588 versati
1705 515 1830 604 stunt,
1873 534 1976 590 con-

485 663 644 752 gruum
678 659 772 716 esse
813 657 862 714 ae
907 623 1168 712 rationabile
1217 623 1408 728 videtur,
1448 638 1493 710 ut
1541 625 1714 726 Orator,
1768 623 1843 742 qui
1889 657 1975 714 non

486 755 624 872 magis
657 781 786 841 suum
821 746 1135 866 compendium
1161 745 1453 866 persequitur,
1480 777 1612 864 quam
1638 747 1974 836 indemnitatem

486 877 755 998 pupillorum
790 903 893 960 snae
925 901 1056 984 curae
1089 869 1455 972 concreditorum,
1493 871 1737 986 opitulante
1772 869 1976 988 suffragio

489 997 713 1118 Episcopi,
737 1013 778 1084 et
799 992 995 1084 Rectoris
1016 994 1244 1082 “Ecclesiae
1279 992 1578 1097 consensione,
1618 994 1696 1082 bac
1730 993 1863 1110 gratia
1897 994 1979 1082 do-

490 1138 634 1223 netur,
672 1135 719 1205 ut
743 1118 962 1206 mediante
985 1115 1282 1204 celebratione
1305 1116 1530 1204 cuiusdam
1555 1118 1727 1205 numeri
1750 1115 1975 1218 Missurum

488 1246 610 1334 iuxta
644 1243 914 1330 voluntatem
952 1239 1178 1345 testatoris,
1218 1239 1274 1326 ab
1297 1269 1576 1359 quacumque
1598 1240 1683 1328 alia
1705 1239 1978 1356 obligatione

489 1385 578 1468 tam
616 1397 694 1484 pro
728 1396 804 1454 sua
836 1395 969 1482 quam
1005 1395 1083 1480 pro
1118 1361 1387 1481 pupillorum
1423 1383 1548 1478 parte
1571 1363 1739 1479 praedii
1764 1394 1976 1454 exonere-

491 1508 578 1590 tur,
619 1491 738 1576 iuxta
772 1517 920 1606 preces
962 1488 1018 1573 ab
1063 1485 1155 1604 ipso
1189 1501 1427 1602 porrectas.
1470 1529 1484 1563 ι
1525 1486 1848 1592 Desideraodo,
1896 1491 1976 1576 che

499 1655 515 1692 ι
558 1629 668 1699 tutto
701 1612 764 1698 sia
797 1610 985 1698 secondo
1022 1610 1121 1712 Dio,
1159 1609 1193 1695 si
1227 1609 1266 1694 la
1299 1637 1419 1696 sacro
1453 1607 1617 1698 dovere
1651 1611 1695 1698 di
1722 1610 1980 1729 tranquilla·

496 1781 512 1814 «
558 1767 607 1824 re
641 1734 680 1820 la
715 1734 888 1850 propria
921 1731 1155 1833 eoscienza,
1194 1761 1217 1818 e
1252 1730 1297 1818 di
1321 1744 1549 1820 esonerare
1584 1733 1623 1822 la
1648 1734 1825 1850 propria
1849 1731 1977 1820 lami-

498 1901 515 1938 «
557 1858 642 1974 glia
676 1855 732 1945 da
767 1857 865 1973 ogni
900 1856 1099 1973 obbliga,
1135 1853 1214 1940 elue
1248 1884 1350 1942 aver
1384 1871 1552 1971 potesse
1586 1888 1733 1974 presso
1759 1856 1860 1959 Dio,
1888 1886 1980 1944 me·

497 2024 515 2064 ι
555 2009 679 2067 more
713 1979 828 2068 delle
864 1979 1010 2096 parole
1044 1977 1361 2092 dell'Apostolo
1394 1979 1488 2066 -si
1524 1982 1623 2098 quis
1657 1977 1838 2068 suorum
1886 2008 1977 2066 ma-

503 2148 519 2184 «
559 2107 676 2192 ximo
709 2103 1050 2193 domesticorum
1083 2131 1233 2188 curam
1270 2131 1356 2188 non
1393 2102 1541 2205 babet,
1600 2101 1734 2192 fidem
1785 2101 1978 2220 negavit,

503 2269 518 2306 ι
559 2243 601 2314 et
635 2245 698 2314 est
733 2225 905 2314 infideli
941 2224 1133 2312 deterior
1162 2265 1201 2310 ι.
1764 2317 1767 2324 ,

616 2351 678 2436 Ex
712 2350 848 2438 altera
883 2363 1029 2438 tamen
1064 2363 1188 2465 parte
1221 2346 1424 2465 apprime
1460 2346 1843 2436 considerandum
1893 2361 1976 2450 est,

496 2471 614 2591 quod
649 2473 690 2558 in
725 2469 1075 2592 praescribendis
1108 2471 1461 2588 quibuscumque
1496 2471 1664 2560 iuribus
1687 2470 1983 2588 etobligatio-

491 2597 622 2684 nibus
657 2621 761 2712 erga
803 2596 1053 2694 Ecclesiam,
1083 2595 1293 2708 possessio
1323 2594 1437 2682 haud
1480 2597 1622 2682 minus
1656 2595 1716 2682 to
1754 2622 1981 2681 annorum

492 2719 632 2838 spatio
676 2719 926 2807 continuata
970 2717 1222 2835 requiritur.
1281 2719 1427 2830 Quum
1458 2748 1565 2804 vcro
1589 2719 1803 2806 sententia
1843 2717 2030 2804 tribu--

438 2891 446 2898 ·
495 2841 604 2930 nalis
637 2841 775 2928 civilis
793 2840 963 2928 nonrtisi
979 2839 1092 2927 eirca
1115 2869 1280 2927 annum
1305 2841 1426 2929 t856
1444 2840 1609 2928 leratur
1627 2841 1727 2946 latu,
1749 2841 1851 2928 binc
1888 2839 1983 2926 nul·

497 2965 667 3054 latenas
699 2964 817 3052 loeus
851 2964 944 3052 lieri
991 2963 1089 3050 huic
1139 2963 1469 3080 praescriptioni
1515 2963 1703 3080 poterit,
1757 2965 1861 3052 dum
1910 2961 1984 3048 vix

493 3085 652 3204 viginti
689 3105 771 3175 tres
805 3088 907 3175 atoni
943 3082 1091 3174 ellluxi
1115 3086 1272 3174 abhinc
1297 3086 1457 3174 luerint
1480 3120 1504 3174 a
1528 3087 1811 3203 possessione.
1849 3089 1982 3174 Prae·

496 3210 617 3299 dium
656 3210 786 3328 igitur
819 3211 1058 3327 legatitium
1097 3210 1267 3298 tametsi
1304 3209 1726 3302 iudicialitereontra
1747 3207 1983 3312 Ecclesiam

401 3357 403 3362 ’
495 3333 766 3422 vindicatum
801 3333 1115 3436 lateritadltuc
1149 3347 1293 3420 tamen
1329 3351 1525 3422 remanet
1573 3333 1697 3422 oneri
1754 3334 1985 3420 missarum

494 3455 767 3561 subiectum
807 3489 884 3548 nee
917 3457 1148 3578 quisquam
1185 3487 1403 3572 possessor
1445 3471 1535 3544 tuta
1578 3457 1840 3546 conscientia
1884 3485 1987 3573 pro·

496 3579 639 3698 priam
677 3579 921 3698 portionem
959 3581 1071 3668 illius
1114 3609 1372 3669 conservare
1419 3596 1562 3700 potest
1611 3581 1778 3698 absque
1827 3575 1982 3667 oneris

495 3703 728 3824 respectivi
764 3702 1071 3792 satisfactione.

619 3825 1075 3916 Animadvertendum
1100 3824 1216 3913 onim
1241 3843 1304 3914 est
1328 3825 1568 3914 maximum
1594 3824 1830 3914 discrimen
1861 3819 1985 3909 ades-

495 3979 541 4037 se
562 3949 674 4037 inter
695 3949 1008 4065 possessionem
1030 3948 1195 4067 praedii
1211 3966 1254 4037 et
1278 3979 1386 4038 onus
1411 3949 1637 4038 missarum
1663 3947 1809 4037 eidem
1835 3945 1985 4034 inbae-

497 4101 613 4158 rens.
650 4075 825 4159 Etiamsi
859 4077 974 4160 enim
1000 4072 1414 4191 concedaturquod
1437 4073 1755 4190 possessionem
1781 4070 1909 4186 prati,
1926 4083 1986 4154 at·

500 4193 629 4281 tentis
653 4195 986 4310 particularibus
1023 4195 1356 4285 circumstantiis
1387 4196 1587 4314 superios
1625 4193 1846 4312 expositis,
1883 4191 1984 4280 Tri-

358 4365 378 4420 ·.
498 4316 634 4412 huual
649 4317 1387 4438 civilelegitimebaeredihnslelie’
1401 4320 1652 4410 adiudicare
1668 4321 1893 4436 potuisset,
1913 4343 1987 4402 eos

500 4454 647 4527 tamen
683 4441 740 4530 ab
774 4474 907 4530 onere
940 4443 1170 4532 missarum
1200 4473 1440 4561 numquam
1476 4444 1617 4560 potuit
1652 4442 1863 4530 eximere.
1890 4441 1984 4527 lloc

502 4564 628 4652 urtice
649 4563 705 4651 ad
738 4563 878 4653 lorum
914 4567 1126 4656 Ecclesiae
1150 4565 1356 4685 pertiuet;
1384 4597 1533 4684 qnare,
1560 4564 1828 4654 revindicatu
1850 4563 1985 4652 etiam

500 4687 771 4805 possessione
804 4721 883 4806 pro
917 4689 1184 4779 lmoredibus
1218 4690 1416 4792 Parochi‚
1443 4689 1651 4806 obligatio
1675 4686 1985 4780 celebrationis

498 4809 732 4900 missarum
778 4813 976 4930 sequitur
1010 4813 1152 4929 ipsum
1189 4812 1420 4930 praedium
1444 4813 1561 4930 apud
1585 4843 1886 4934 quoscumque
1910 4809 1986 4898 de·

500 4947 707 5039 tentores,
736 4960 883 5054 ‘quum
918 4965 1004 5034 uon
1041 4937 1099 5026 ob
1132 4935 1261 5024 aliam
1296 4967 1471 5026 causam
1504 4935 1613 5026 illud
1649 4950 1828 5025 testator
1878 4931 1985 5020 reli-
2074 4953 2076 4958 “

499 5057 665 5174 quisset
702 5058 905 5176 parocho,
945 5076 1250 5178 praeterquam
1288 5059 1344 5149 ad
1380 5060 1717 5155 celebrationem
1755 5057 1983 5144 missarum

503 5209 556 5280 ex
590 5181 800 5270 lructibus
834 5183 953 5272 illius
986 5181 1351 5272 satislaeiendam.

625 5305 757 5392 Sacra
776 5333 971 5425 namque
994 5325 1036 5395 et
1060 5305 1326 5424 inviolabilis
1348 5305 1483 5395 debet
1508 5336 1600 5396 esse
1624 5318 1986 5394 testatorumvm

497 5423 661 5532 lautae,
696 5431 951 5546 praesertim
988 5429 1063 5538 ubi
1099 5430 1155 5520 ad
1187 5433 1359 5530 animae
1399 5460 1504 5519 suae
1542 5429 1983 5548 propinquorumque
