4482 6350
642 344 721 430 Die
751 343 813 430 20
844 338 1092 456 Septembris
1127 341 1264 430 (879.
1606 351 1689 442 ledi

217 515 234 553 ι
273 473 330 560 ab
362 469 634 560 Auctoritate
667 465 973 554 ecelesiastica.
1018 505 1032 540 ι
1073 467 1226 555 Nonne
1259 467 1429 556 eratin
1465 469 1579 560 hane
1601 505 1694 566 rem

209 593 548 712 diligentissimo
581 587 941 708 inquirendum?
1085 687 1088 693 Ι
1564 659 1566 664 .

336 714 650 829 Quaerendum
698 729 791 800 erat
824 745 847 798 a
883 711 1014 813 viro,
1052 729 1217 827 quanto
1267 713 1324 800 ab
1357 713 1458 804 trine
1500 733 1699 840 tempore

213 839 484 960 cognoverit,
522 835 855 938 matrimonium
880 865 972 922 esse
998 834 1195 922 nultum:
1221 837 1524 954 quaerendum
1561 875 1584 930 a
1611 876 1705 934 mu-

212 965 319 1052 liere
352 995 406 1052 an
442 992 594 1050 revera
632 958 775 1062 sciret,
821 956 1191 1074 impedimentum
1227 987 1320 1046 esse
1354 959 1595 1051 relaxatum
1608 1001 1620 1072 3
1659 986 1704 1059 et

211 1085 453 1206 quomodo,
492 1114 546 1172 an
584 1081 775 1200 publiea,
813 1111 867 1167 an
902 1084 1068 1166 eeereto
1101 1097 1145 1166 et
1186 1081 1227 1166 in
1264 1079 1357 1168 foro
1391 1089 1697 1182 eonscientiae.

212 1213 307 1300 Non
342 1205 593 1296 huiusmodi
629 1203 1015 1321 impedimentum,
1053 1202 1088 1290 si
1124 1233 1275 1292 revera
1318 1235 1398 1320 per
1432 1207 1699 1302 decennium

213 1332 372 1420 mansit
406 1329 621 1416 occultum
658 1326 812 1447 (quod
848 1325 971 1415 tacite
998 1326 1221 1428 ,usuvenit
1267 1327 1380 1416 inter
1418 1331 1549 1421 rudes
1581 1335 1703 1454 igna-

213 1485 373 1572 rosque
405 1485 428 1540 e
465 1453 596 1568 plebe
630 1449 861 1566 homines)
887 1449 1028 1566 potuit
1053 1449 1097 1538 S.
1125 1451 1464 1539 poenitentiario
1499 1485 1577 1570 per
1596 1489 1698 1547 eon-

69 1677 71 1681 ·
217 1576 443 1665 [essarium
474 1574 686 1674 retaxare,
711 1589 754 1659 ut
788 1571 922 1660 didici
947 1604 971 1658 a
992 1571 1159 1660 bened.
1188 1574 1307 1662 xtv.
1331 1573 1398 1695 (d)
1422 1624 1449 1636 -
1467 1576 1695 1688 Quaenen.

212 1699 320 1788 dum
354 1700 411 1787 ab
447 1699 656 1815 utrisque,
696 1727 800 1782 num
852 1697 967 1782 bona
1014 1691 1101 1782 fide
1140 1687 1464 1784 eontraxerint:
1502 1699 1546 1788 id
1582 1706 1701 1795 enim

213 1821 408 1910 maxime
442 1819 731 1908 necessarium
767 1837 830 1906 est
864 1817 919 1906 ad
944 1817 1231 1906 obtinendam
1257 1819 1649 1936 dispensationem.
1676 1879 1706 1896 -

214 1944 527 2057 Quaerendum
567 1942 699 2030 etiam
736 1974 787 2028 an
826 1972 872 2028 re
906 1971 1006 2028 vera
1058 1940 1167 2028 alter
1210 1941 1323 2028 filius
1374 1943 1561 2035 existat:
1599 1980 1701 2040 nam

215 2065 387 2169 mulier,
428 2067 562 2156 altera
597 2065 828 2154 vicedunt
865 2095 911 2150 so
945 2063 1163 2152 desertam
1205 2065 1324 2152 omni
1359 2065 1522 2155 auxilio
1556 2076 1704 2188 queri·

218 2207 302 2293 tur,
327 2218 460 2278 unum
485 2189 625 2276 fitium
646 2185 848 2276 babuisse
868 2203 1064 2290 testatur,
1086 2187 1162 2304 qui
1186 2185 1418 2276 defunctus
1436 2188 1522 2279 iam
1549 2194 1700 2318 stt(2);

215 2312 354 2402 altera
389 2343 508 2418 vero,
546 2313 656 2402 duos
688 2308 801 2398 filios
836 2328 1049 2398 memorat
1087 2339 1140 2396 ex
1190 2309 1269 2398 boc
1318 2310 1519 2432 coniugio
1556 2349 1701 2410 susee-

215 2452 330 2554 ptos.
368 2438 459 2524 lam
494 2465 599 2523 vero
632 2464 785 2522 omnes
818 2449 993 2535 norunt,
1033 2433 1199 2550 protem
1224 2435 1504 2552 superstitem
1524 2467 1703 2532 eausam

213 2557 493 2676 dispensandi
529 2559 744 2676 praebere
780 2555 866 2676 (3)

920 2805 994 2890 tv.

340 3055 451 3144 Cum
486 3051 700 3170 igiturex
737 3047 840 3136 actis
874 3047 1155 3138 iudicialibus
1188 3048 1279 3137 sere
1330 3051 1435 3140 nibil
1471 3053 1598 3144 liceat
1630 3087 1706 3146 ex·

218 3178 393 3278 tricare,
430 3175 463 3264 si
498 3175 743 3264 coniectura
778 3170 980 3258 volumus
1014 3201 1230 3289 quaerere
1264 3171 1450 3292 aliquid,
1471 3179 1593 3295 quod
1627 3211 1705 3268 ve-

216 3297 400 3388 risimile
437 3295 667 3400 videatur,
707 3291 918 3410 temporis
968 3296 1077 3384 ratio
1128 3295 1172 3382 in
1196 3294 1350 3411 primis
1381 3297 1587 3390 habenda
1622 3320 1702 3392 est.

216 3427 265 3512 ln
300 3421 374 3508 illa
410 3421 540 3508 totius
584 3417 768 3506 civitatis
819 3415 1141 3534 trepidatione,
1186 3417 1425 3534 impiorum
1475 3419 1707 3518 hominum

216 3559 260 3636 et
291 3544 587 3632 barbarorum
622 3539 987 3661 aggressionibus,
1025 3539 1365 3658 proditionibus,
1389 3574 1710 3669 armorumque

218 3668 424 3772 tumultu,
462 3696 563 3754 eum
599 3665 673 3754 vix
704 3665 894 3783 cuipiam
930 3663 974 3750 in
1008 3679 1204 3754 mentem
1238 3683 1383 3784 posset
1424 3671 1615 3778 venire,
1655 3691 1705 3764 ut

216 3791 401 3910 epistola
434 3793 620 3880 Romam
653 3788 901 3876 mitteretur
934 3817 1013 3904 pro
1046 3785 1289 3876 obtinenda
1329 3788 1699 3908 dispensatione,

216 3943 317 4005 eum
352 3913 394 4000 in
430 3913 543 4028 ipsos
578 3913 808 4029 Episcopos
842 3941 994 3998 manus
1029 3909 1310 4000 iniicerentur
1359 3911 1428 4032 (ut
1461 3915 1523 4004 ait
1556 3920 1711 4008 Petro-

218 4037 324 4126 nilla
360 4037 403 4124 in
439 4037 624 4154 supplici
657 4034 824 4156 tibetto)
862 4035 946 4154 (ἰι);
974 4065 1042 4136 aa,
1086 4033 1283 4152 inquam,
1307 4051 1581 4156 tempestate,
1606 4075 1709 4160 pro-

215 4159 370 4247 babile
404 4179 482 4262 est,
522 4176 567 4246 ut
603 4159 694 4277 ipse
728 4158 1089 4274 Arebiepiseopus
1123 4157 1340 4250 censuerit
1374 4157 1434 4246 fas
1477 4165 1561 4252 sibi
1594 4197 1706 4268 esse,
1823 4223 1826 4230 -

216 4281 338 4400 quasi
374 4280 488 4370 vices
523 4312 676 4398 gerens
709 4281 879 4370 Summi
923 4283 1087 4382 Pont.‚
1136 4280 1393 4398 dispensare
1427 4283 1484 4371 ab
1518 4287 1706 4404 impedi-

219 4419 385 4492 mento.
424 4407 534 4490 Nam
568 4419 714 4492 eontra
748 4404 846 4520 quis
881 4403 922 4490 in
957 4401 1155 4492 antianum
1182 4404 1375 4506 inducat,
1410 4423 1529 4496 tanta
1552 4440 1706 4498 omnes

214 4526 423 4614 caecitate
459 4527 675 4614 laborasse
710 4526 798 4645 (sit
830 4527 960 4612 venia
1008 4527 1187 4646 verbo)
1228 4527 1391 4616 nedum
1433 4535 1709 4651 propinquos

216 4665 262 4736 et
295 4651 470 4752 amiam,
509 4649 586 4737 sed
621 4650 889 4768 parocbum,
928 4667 969 4736 et
1014 4648 1160 4741 cauriae
1205 4647 1445 4756 officiaieS,
1484 4675 1525 4744 et
1560 4658 1707 4774 ipsum

218 4771 630 4892 Arebiepiseopum,
669 4789 713 4860 ut
749 4774 853 4860 nulli
888 4771 1076 4888 suspicio
1122 4773 1393 4884 suboriretur
1425 4777 1608 4868 alieuius
1642 4778 1706 4866 af-

218 4892 414 4998 finitatis,
452 4927 586 5013 quum
623 4897 694 4984 iila
730 4896 821 5016 ipsa
857 4896 1087 4997 attestatio,
1125 4926 1239 5014 quae
1272 4926 1402 5015 supra
1425 4921 1582 5015 quarto
1608 4903 1701 4992 loco

346 5143 413 5266 (i)
449 5144 589 5232 Instit.
619 5147 695 5244 87,
724 5179 765 5232 n.
787 5148 832 5234 9.

343 5263 409 5387 (2)
446 5267 573 5354 Prot.
599 5269 681 5389 [οἱ.
707 5269 785 5357 20.
1166 5295 1170 5308 ’

343 5385 410 5508 (3)
446 5388 561 5476 Ibid.
587 5393 668 5512 [οἱ.
690 5393 767 5480 23.
806 5392 913 5509 Cap.
940 5393 1053 5507 Quia
1077 5395 1187 5484 cirea
1207 5397 1269 5483 De
1291 5427 1404 5486 eoos.
1425 5415 1463 5485 et
1481 5395 1560 5520 off.

347 5507 415 5633 ([ι)
449 5511 576 5600 Proe.
603 5514 682 5637 sot.
704 5516 781 5604 20.
