4558 6340
550 324 642 414 aaa
1015 329 1098 417 nn
1128 329 1190 419 eo
1223 329 1397 446 Aprem
1431 331 1571 422 esra.

122 568 230 662 Sess.
260 570 518 689 2bcap.l8
682 460 980 662 platina.
1018 575 1215 662 lURlUM
1264 575 1335 663 ET·
1368 577 1994 668 Punnnntunurlanttn.
2032 620 2065 655 =

123 692 311 784 Sessib
326 693 514 808 Cop.l2
547 695 773 813 Proposita
815 696 923 785 baec
962 728 1090 786 eausa
1130 697 1212 784 luit
1250 700 1293 786 in
1334 700 1682 818 Congregatione
1725 701 1819 792 diei
1875 701 1940 788 45
1982 701 2067 788 Fe·

124 817 511 942 ctl3dcllesorm.
542 820 697 908 bruari
730 820 856 908 buius
890 821 993 908 anni
1026 823 1111 908 sub
1144 821 1224 908 hae
1272 822 1511 910 dubiorum
1547 825 1735 912 lormula
1767 828 1805 912 1.
1849 825 1929 911 An
1967 825 2065 910 Pa·

549 944 673 1031 rocbo
709 944 772 1030 ius
803 959 1006 1060 competat
1038 943 1272 1060 deputandi
1303 943 1434 1032 alium
1452 945 1713 1036 Sacerdotem
1745 963 1932 1062 praeter
1950 946 2063 1033 Heb-

550 1065 846 1156 domadarium
879 1084 916 1154 et
934 1067 1241 1156 Communistas
1275 1069 1332 1156 od
1363 1101 1503 1156 sacros
1525 1069 1758 1188 sanctiones
1776 1067 2063 1188 perapendas

549 1193 596 1279 in
629 1221 740 1278 casu:
766 1239 794 1254 -
826 1191 881 1277 lt.
916 1189 989 1276 An
1023 1209 1190 1280 vacante
1214 1193 1418 1280 Puroecio
1436 1193 1683 1280 Oeconomus
1707 1194 1962 1308 deputatas,
1993 1225 2062 1279 seu

535 1316 691 1432 ”potius
727 1312 1088 1401 Hebdomadarius
1131 1313 1319 1402 succedat
1365 1317 1410 1401 in
1456 1318 1556 1403 iura
1603 1335 1642 1404 et
1686 1316 2060 1432 praeeminentias

544 1437 841 1556 praedefuncti
875 1437 1059 1524 Porocbi
1091 1438 1137 1524 in
1170 1471 1280 1524 casu:
1306 1439 1403 1525 -Et
1435 1457 1650 1556 quatenus
1684 1437 1963 1527 affirmative
1998 1437 2056 1526 ad

551 1564 741 1682 primam
777 1575 963 1676 partem,
1001 1562 1203 1678 negative
1238 1562 1294 1650 ad
1327 1561 1566 1650 secundam
1590 1617 1618 1632 -
1641 1565 1710 1648 ΙΙΙ.
1734 1562 1805 1648 Αη
1844 1565 1897 1648 in
1929 1561 2057 1681 ferne·

550 1685 668 1774 ribus
700 1703 739 1771 et
770 1683 1100 1798 processionibus
1133 1683 1379 1770 solemnibus
1411 1717 1499 1772 oum
1535 1687 1766 1774 interventu
1798 1685 2057 1773 Communi·

549 1826 708 1897 starum
741 1807 797 1893 ad
830 1805 1099 1894 Oeconomum
1134 1809 1227 1896 licet
1251 1825 1371 1894 entra
1413 1809 1716 1896 Communistas
1747 1807 1948 1908 electum,
1987 1841 2055 1895 seu

544 1933 689 2050 potius
722 1929 780 2016 ad
810 1927 1195 2018 Hebdomadorium
1229 1947 1430 2047 competat
1476 1931 1665 2020 incedere
1712 1965 1802 2017 cum
1853 1928 1972 2017 stola
2007 1933 2053 2018 in

552 2057 640 2142 loco
673 2053 868 2169 dipniori
901 2053 948 2140 in
979 2087 1093 2140 casu:
1129 2107 1160 2126 -
1192 2057 1265 2142 lV.
1304 2054 1374 2140 An
1407 2056 1473 2141 ius
1495 2071 1696 2172 correpetat
1720 2055 1939 2172 Episcopo
1964 2086 2049 2141 mo·

549 2177 733 2266 derandi
765 2173 945 2294 quolibet
977 2193 1159 2294 tempore
1190 2177 1355 2265 Statutn
1404 2177 1611 2266 Ecclesiae
1655 2181 2052 2265 Gommnnistaram

549 2305 594 2390 in
627 2333 740 2388 casu:
775 2349 804 2364 -
836 2303 890 2386 V.
928 2304 998 2386 An
1037 2319 1075 2388 et
1120 2303 1234 2387 cuius
1277 2301 1424 2421 fauore
1473 2302 1590 2389 cedat
1631 2303 1834 2418 pecuniae
1885 2333 2052 2386 summa

550 2457 653 2543 quae
685 2458 711 2511 a
744 2424 960 2510 Mazarcni
1008 2424 1311 2512 Gosnruunitote
1359 2423 1446 2511 loco
1495 2423 1748 2513 decimarum
1781 2423 1973 2510 solnitur
2006 2423 2049 2509 iu

550 2577 665 2635 casu:
697 2597 725 2612 -
759 2549 832 2632 Vl.
869 2542 941 2631 An
973 2546 1038 2632 lus
1072 2565 1272 2664 competat
1304 2548 1599 2636 Communistis
1641 2547 1865 2668 deserendi
1900 2545 2050 2632 Almu-

551 2674 651 2760 tiam
685 2702 806 2787 super
829 2671 991 2757 Cottam
1014 2672 1060 2756 in
1081 2703 1196 2757 cona
1219 2719 1246 2736 -
1270 2673 1321 2758 Es
1343 2688 1559 2788 qnatenus
1578 2673 1779 2790 negative
1795 2719 1823 2734 -
1848 2672 1950 2758 Vll.
1978 2669 2048 2756 An

544 2796 724 2912 praecia
747 2796 1122 2881 Coucmunistorum
1135 2795 1336 2910 petitione
1355 2795 1410 2880 sit
1429 2795 1538 2881 locus
1556 2795 1809 2882 concessioni
1827 2793 2045 2880 dictorum

551 2919 781 3032 insipnium
799 2917 844 3002 in
862 2949 956 3002 casu
974 2963 1016 3004 ·-.
1039 2918 1209 3028 Quibus
1234 2921 1316 3004 ΕΕ.
1339 2920 1423 3004 ΡΡ.
1445 2919 1683 3006 rescribere
1705 2935 1979 3005 censuerunt
1994 2951 2004 3003 ε
2018 2957 2047 2984 ·

551 3039 624 3132 Ad
658 3045 690 3128 Ι.
729 3041 930 3155 Nepotice
962 3057 999 3125 et
1031 3039 1276 3158 ampliuss-
1307 3041 1376 3144 Ad
1403 3043 1456 3128 ll.
1483 3039 1752 3165 Affirmatioe
1774 3039 1832 3128 ad
1851 3041 2042 3158 primam

547 3183 733 3284 partem,
770 3165 959 3278 nepetino
991 3163 1048 3250 ad
1080 3164 1297 3252 secandam
1330 3164 1469 3280 quood
1501 3168 1600 3252 iura
1632 3182 1670 3252 et
1701 3159 1938 3284 functiones
1969 3193 2043 3277 pa·

553 3287 759 3375 roobiales
794 3305 969 3375 tantum:
993 3337 1022 3358 ··
1039 3287 1106 3375 Ad
1143 3291 1214 3375 ΙΙΙ.
1252 3287 1405 3374 Iterum
1437 3305 1720 3404 proponatur:
1744 3286 1866 3374 -Ad
1893 3288 1968 3374 lV.
1995 3283 2042 3370 In

552 3409 877 3498 occidentalibus
899 3404 1165 3532 affirmative,
1186 3413 1230 3498 iu
1253 3409 1594 3498 substantialibus
1615 3413 1822 3527 nepetino:
1844 3457 1877 3476 -
1896 3409 1965 3497 nd
1984 3407 2036 3494 V.

553 3529 822 3658 Affirmatioe
854 3534 1001 3652 facore
1033 3567 1190 3621 massae
1224 3535 1618 3633 Communistarum,
1651 3537 1712 3622 ita
1746 3550 1877 3619 tamen
1917 3551 1965 3618 ut
1994 3561 2043 3616 en

553 3658 693 3747 eadem
726 3690 882 3743 samnio
913 3657 1237 3770 proelcoaudum
1272 3659 1326 3743 sit
1359 3658 1684 3773 supplementum
1717 3657 1865 3776 [auore
1896 3656 2031 3742 Paro·

552 3782 637 3887 obi,
675 3797 870 3898 preatenus
904 3776 1102 3867 bodierni
1135 3779 1313 3868 eiusdem
1352 3782 1512 3868 reditus
1551 3780 1711 3868 iudicio
1735 3779 1942 3896 Episcopi
1957 3805 2036 3863 non

553 3907 637 3992 sint
668 3904 850 4019 arnplius
883 3905 1076 4018 conpesci:
1097 3953 1127 3970 -
1148 3905 1218 3992 Ad
1248 3907 1320 3992 Vl.
1347 3922 1391 3993 et
1413 3906 1507 3994 Vll.
1546 3904 1668 3992 ll'ibil
1702 3904 1940 4000 innovetur,
1964 3899 2038 4021 fa·

554 4046 619 4114 oto
651 4029 774 4113 aerbo
807 4057 897 4110 oum
930 4027 1116 4114 .Ss'mo-.

678 4153 869 4237 instante
904 4149 1050 4269 itaque
1096 4151 1498 4240 Communistarum
1533 4152 1816 4236 Procuratore
1852 4179 1932 4265 pro
1965 4176 2037 4234 so-

554 4272 720 4360 lutione
735 4273 1053 4361 controversiae
1073 4275 1113 4360 in
1136 4273 1261 4360 tertio
1282 4273 1419 4360 dubio
1431 4273 1694 4388 propositae,
1712 4301 1845 4391 quam
1859 4269 2032 4358 EEJ'P.

556 4427 635 4514 per
668 4397 947 4484 erurnceiatum
986 4398 1241 4513 rescriptum
1288 4393 1668 4514 reproponendnm
1712 4425 1804 4482 esse
1847 4391 2036 4481 manda-

555 4536 688 4618 runt,
728 4519 952 4607 humiliter
984 4549 1116 4606 exoro
1154 4538 1199 4604 ut
1234 4521 1469 4608 insolutum
1505 4519 1743 4635 dignentur
1776 4517 1967 4606 diluere.

1180 4705 1396 4791 DUBlUbl

676 4894 746 4978 An
780 4892 824 4977 in
857 4889 1072 5010 funeribus
1113 4905 1150 4976 et
1189 4889 1520 5006 processionibus
1565 4888 1812 4977 solemnibus
1845 4921 1936 4976 cum
1970 4889 2033 4974 in·

554 5031 738 5104 tercenta
772 5015 1150 5100 Communistarum
1182 5013 1239 5100 od
1271 5014 1540 5100 Oeconomum
1573 5009 1669 5100 licet
1701 5032 1821 5101 entra
1845 5014 2030 5101 Commu-

552 5139 683 5226 nistos
716 5137 899 5240 electrum,
937 5173 1001 5225 seu
1031 5138 1175 5252 potius
1208 5137 1265 5223 od
1296 5135 1683 5224 Hebdomadarium
1716 5153 1918 5253 competat
1935 5138 2031 5221 ince-

554 5261 652 5350 dere
683 5294 772 5348 cnm
788 5262 916 5349 stola
948 5265 994 5349 in
1029 5263 1115 5347 loco
1149 5259 1344 5377 dipniori
1378 5262 1421 5346 in
1455 5292 1565 5346 casu.

676 5505 947 5596 Affirmativo
980 5508 1033 5595 ad
1071 5505 1256 5622 primam
1278 5523 1462 5620 partem,
1490 5505 1693 5619 negative
1717 5503 1771 5591 ad
1790 5501 2054 5620 secundam*

549 5631 595 5718 in
630 5626 858 5716 funeribus
891 5645 934 5718 et
969 5627 1320 5746 processionibus
1352 5629 1677 5746 parochialibus
1711 5641 1896 5714 tantum.
1934 5683 1936 5688 -
2032 5631 2036 5656 ¹
