4350 6326
506 329 598 416 580
1107 324 1410 414 tunux

599 483 740 600 Culpa
773 495 817 570 et
849 478 1061 570 delictum
1094 510 1222 596 prae-
1454 479 1838 572 Puucunnrutt

503 605 620 696 sumi
645 635 732 692 non
754 602 920 692 debent·
937 631 1042 720 paq.
1062 601 1154 690 536
1172 600 1218 724 8.

507 725 725 839 Quamuis.
1376 727 1557 814 Factum
1602 723 1902 814 Procuratoris
1951 729 1989 816 in

597 852 711 940 Cum
756 847 916 936 veritas
967 845 1052 934 aiio
1089 845 1221 934 modo
1283 846 1374 936 vim
1399 847 1565 965 accepti
1588 846 1784 937 mandati
1802 851 1983 964 agentis,

500 970 760 1088 investigari
796 999 883 1057 non
910 983 1070 1086 potest,
1097 997 1220 1084 prae·
1282 987 1484 1059 censetur
1517 969 1679 1059 factum
1713 969 1986 1078 mandantis,

501 1092 748 1212 sumptioni
768 1091 971 1181 standum
992 1107 1056 1179 est
1079 1089 1220 1178 donee
1283 1109 1327 1179 et
1359 1091 1539 1180 domino
1590 1109 1715 1180 nocet
1757 1123 1863 1210 paq.
1904 1096 1989 1183 452

505 1213 777 1305 contrarium
797 1215 1034 1332 probatum
1053 1243 1141 1301 non
1166 1212 1222 1300 sit
1283 1212 1328 1336 8.
1368 1215 1516 1332 Neque.

503 1338 620 1428 ibid.

574 1459 880 1576 Unusquisque
898 1489 1075 1576 semper
1093 1487 1223 1574 prae·
1488 1459 1784 1552 PROMtsstu

497 1583 686 1673 sumitur
708 1611 837 1699 agere
858 1610 905 1668 se
934 1579 1219 1668 conforman-

501 1705 560 1794 do
599 1700 916 1792 consuetudini
964 1701 1133 1816 patriae
1176 1719 1219 1789 et
1375 1703 1513 1791 Causa
1546 1704 1816 1820 paupertatis
1850 1705 1990 1796 elicita

501 1821 1219 1947 iocinbiagiturp.479§.Adeo
1283 1843 1418 1912 cessat
1481 1843 1677 1914 cessante
1736 1843 1990 1944 paupertate

594 1955 730 2038 Actus
769 1975 948 2064 semper
973 1945 1221 2064 praesumi·
1279 1977 1379 2064 paq.
1406 1949 1497 2036 103
1520 1947 1565 2071 8
1595 1949 1906 2039 Verumtamen.

497 2088 571 2160 tur
604 2103 655 2162 eo
690 2070 823 2158 modo
846 2083 1006 2187 gestm,
1028 2101 1117 2188 quo
1143 2099 1219 2158 ne·

499 2193 607 2284 dnm
643 2192 788 2282 valide
816 2191 894 2280 sed
928 2192 1062 2281 etiam
1096 2189 1213 2280 licite
1447 2193 1825 2284 PUNCTATURA

502 2316 599 2406 fieri
633 2330 775 2432 potest
809 2311 917 2401 ibid.

590 2437 705 2526 Vide
753 2436 1062 2552 Bcocptocitum
1098 2435 1217 2552 Apo·
1374 2437 1500 2528 Missa
1524 2439 1580 2528 de
1602 2437 1752 2556 vigilis
1774 2438 1843 2525 vel
1861 2441 1918 2528 de
1942 2441 1994 2530 fe·

505 2561 713 2650 scoticum.
1281 2561 1344 2648 ria
1387 2557 1589 2648 efformet
1634 2575 1806 2676 partem
1850 2561 1991 2650 divini

1281 2681 1423 2786 officii,
1452 2681 1639 2800 ideoque
1674 2682 1852 2802 aliquod
1888 2715 1990 2802 pun-

678 2804 1045 2895 PntvtLEGtUtt
1279 2821 1398 2892 ctum
1432 2804 1686 2892 distinctum
1727 2835 1805 2922 pro
1840 2835 1894 2892 ea
1929 2839 1992 2895 as·

1279 2926 1541 3044 signandum
1575 2927 1695 3016 venit
1706 2957 1811 3044 paq.
1847 2929 1908 3016 77
1943 2928 1987 3049 8.

589 3049 827 3166 Priviiegia
858 3047 1130 3138 strictissime
1154 3046 1219 3133 in·
1279 3049 1441 3136 Aliter.

498 3170 783 3295 terpretanda
829 3186 928 3259 sunt
969 3203 1073 3288 paq.
1127 3169 1219 3256 209
1342 3171 1464 3260 Idem
1499 3172 1595 3288 pari
1619 3173 1787 3260 ratione
1810 3172 1897 3262 diei
1921 3173 1994 3263 de-

500 3300 547 3421 8.
584 3299 692 3386 Nou.
1279 3295 1356 3382 bet
1389 3323 1467 3410 pro
1516 3295 1653 3382 Missis
1687 3328 1711 3383 a
1749 3295 1994 3384 fundatori·

592 3418 785 3536 Ideoque
829 3415 886 3504 de
919 3445 1018 3504 casu
1053 3415 1109 3505 ad
1142 3443 1212 3502 ea·
1274 3415 1358 3504 bus
1392 3415 1552 3506 relictis
1586 3416 1695 3506 idid.

498 3573 595 3634 sum
633 3537 844 3628 trahenda
866 3568 952 3626 non
976 3554 1077 3626 sunt
1099 3535 1208 3624 11111.

575 3659 1214 3754 Nooceosenturrevocatani·
1331 3661 1568 3772 QUAttrA
1611 3661 1941 3752 FUNERARIA

499 3787 536 3876 si
556 3787 768 3902 probetur
786 3783 1005 3872 revocatio
1018 3814 1096 3899 per
1115 3811 1214 3870 exa·

499 3907 713 3996 ctissimas
775 3905 1056 4020 probationes
1104 3935 1209 4022 pop.
1350 3902 1450 3992 {deo
1465 3904 1656 3994 Paroeho
1673 3905 1863 3996 debetur
1883 3911 1994 4029 quia

502 4030 585 4118 311
627 4027 673 4146 8.
700 4027 873 4119 Verum.
1277 4027 1377 4114 vivo
1410 4028 1675 4145 parochiano
1709 4059 1820 4118 ontis
1854 4045 1903 4119 et
1936 4031 2000 4122 la-

591 4148 877 4266 Priviieginm
904 4146 1068 4237 facilius
1103 4147 1215 4237 tolii-
1275 4153 1431 4238 berem
1466 4150 1684 4268 impendit
1717 4151 1761 4238 io
1804 4150 1997 4242 admini-

501 4291 570 4362 tur
602 4303 736 4392 quam
771 4272 835 4358 ius
858 4301 1210 4389 communepoq.
1276 4271 1465 4362 strandis
1497 4273 1661 4364 divinis
1690 4305 1794 4390 paq.
1832 4275 1925 4364 130
1948 4275 1994 4399 8.

500 4399 590 4486 313
624 4393 669 4516 8.
701 4391 838 4506 Quod.
1276 4396 1361 4484 Ere.

595 4515 970 4634 VideEpiscopus,
988 4515 1209 4634 Reliqiosr'.

1483 4639 1772 4732 annuento

717 4760 1006 4850 Pnonnrto

1351 4883 1669 4974 Reduetionem
1688 4915 1878 4973 onerum
1892 4886 1996 4974 stis-

529 5115 534 5128 .
592 5005 723 5118 Quod
759 5007 980 5096 notorium
1010 5024 1074 5095 est
1106 5037 1205 5124 pro·
1270 5039 1418 5097 sarum
1438 5008 1639 5098 concedit
1659 5009 1705 5099 S.
1732 5009 1998 5128 Congrega-
2137 5023 2138 5040 ¹

497 5127 679 5222 batione
711 5159 798 5218 non
835 5129 1001 5250 indiget
1017 5161 1122 5248 paq.
1149 5131 1199 5219 31
1276 5131 1335 5218 tio
1368 5130 1551 5220 Concilii
1572 5149 1862 5220 concurrente
1891 5131 2002 5254 legi·

374 5311 376 5315 ,
499 5254 545 5374 8.
582 5253 714 5369 Opus.
1274 5253 1380 5341 tima
1400 5285 1524 5342 eausa
1541 5285 1644 5371 paq.
1682 5256 1774 5342 537
1806 5251 1853 5374 8
1885 5256 1966 5343 Iu.
2137 5369 2138 5388 Ν
