4558 6340
750 281 834 368 Dic
865 281 916 369 2l
958 283 1076 371 lateii
1107 284 1247 372 t87tt.
1649 289 1742 380 269

250 405 412 496 luisse:
447 402 599 492 asserit
639 419 788 494 tamen
827 404 946 492 nulla
986 405 1271 496 restitutionis
1303 404 1572 524 obligatione
1600 409 1747 526 ipsum

253 525 479 644 adstringi,
495 555 595 614 cum
620 542 773 642 agatur
788 527 846 615 de
869 557 915 614 re
938 559 1071 648 quarn
1095 557 1321 646 nunquam
1347 560 1428 618 nec
1448 532 1642 644 possedit
1666 565 1748 627 nec

254 649 479 771 possidere
519 651 767 736 tenebatur.
806 653 891 738 Res
923 681 1023 737 cum
1059 651 1117 738 ita
1149 681 1196 738 se
1228 651 1389 738 lrabeat
1430 653 1746 746 animadvertit

252 771 514 863 assertiones
547 804 571 858 a
603 772 823 863 Canonico
840 772 1077 862 Ciocchetti
1098 775 1142 860 in
1166 772 1379 861 iudicium
1402 774 1613 863 adductas
1632 781 1740 870 nulli

251 894 448 1010 veritatis
476 893 766 983 fundamento
799 894 960 983 fulciri.
1002 895 1114 984 llinc
1141 895 1365 984 concludit
1401 896 1653 988 huiusmodi
1675 933 1750 991 as·.

250 1016 463 1110 sortiones
488 1034 640 1135 utpote
669 1018 852 1105 omnino
884 1018 1095 1134 gratuitas
1128 1049 1152 1105 a
1185 1021 1231 1110 S.
1271 1019 1323 1103 V.
1364 1019 1419 1107 0.
1454 1049 1549 1108 esse
1592 1021 1741 1142 despi-

252 1138 433 1232 ciendas
464 1138 518 1227 ad
561 1141 783 1229 tramitem
833 1141 1064 1256 evulgatae
1110 1139 1215 1228 iuris
1253 1141 1497 1229 communis
1543 1146 1739 1260 regulae:

252 1279 391 1352 actore
426 1293 506 1348 nou
534 1262 739 1377 probante
780 1293 873 1348 reus
921 1261 1172 1350 absolvitur.
1207 1267 1344 1350 Porro
1377 1265 1582 1354 observat
1613 1269 1743 1384 Capi·

253 1387 398 1475 tulum
430 1384 600 1500 singula
634 1384 800 1474 eredita
826 1403 870 1474 et
905 1385 1084 1473 nomina
1117 1385 1173 1473 ad
1211 1386 1525 1475 Canonicatum
1561 1393 1740 1506 Magno-

252 1508 297 1596 ni
329 1507 570 1623 spectantia
594 1508 750 1595 actuali
774 1507 1009 1626 possessori
1036 1507 1290 1594 reclamanti
1323 1525 1421 1623 post
1451 1525 1622 1625 captam
1643 1543 1742 1627 pos>

251 1631 490 1720 sessionem
524 1629 685 1717 tradita
718 1629 867 1718 luisse.
905 1630 1070 1718 ldcirco
1104 1644 1229 1745 urget
1262 1629 1500 1745 praelatam
1541 1631 1742 1722 cedulam

250 1753 366 1842 inter
399 1752 483 1839 alia
521 1753 700 1840 nomina
735 1785 758 1840 a
793 1753 1012 1842 Canonico
1034 1752 1268 1842 Ciocchetti
1293 1753 1426 1840 modo
1462 1772 1631 1842 retenta
1650 1785 1741 1844 cer·

253 1893 297 1963 tu
329 1874 488 1962 certius
520 1874 721 1989 reperiri,
749 1874 830 1962 nisi
855 1906 1047 1964 asserere
1079 1875 1250 1992 placeat
1278 1903 1377 1962 eam
1410 1876 1468 1962 ab
1497 1877 1739 1967 llluminati

251 1995 519 2086 haeredibus
551 1996 695 2084 adbuc
726 1997 955 2115 possideri,
995 1997 1113 2117 quod
1151 2013 1298 2084 tamen
1332 2027 1487 2113 parum
1523 1999 1737 2090 credibile

252 2119 427 2207 videtur
461 2119 497 2206 le
532 2119 732 2217 Cortclla,
771 2120 828 2207 ita
860 2121 1051 2236 Capituli
1085 2118 1263 2206 nomine
1295 2120 1445 2207 scribit
1479 2121 1639 2208 Fattori
1674 2121 1737 2210 in-

251 2257 318 2329 ter
348 2241 595 2330 Canonicus
628 2245 858 2344 Decanus,
903 2285 918 2321 ι
958 2243 1030 2330 del
1065 2241 1330 2330 Canonicato
1380 2243 1578 2359 Magnoui
1627 2275 1735 2332 sonu

256 2406 273 2444 ι
314 2377 422 2452 tutte
455 2395 604 2481 presso
638 2364 667 2452 il
701 2365 922 2454 Canonico
955 2363 1176 2481 Magnani.
1213 2365 1605 2454 Naturalmentevi
1639 2369 1736 2454 sarai

257 2527 274 2568 ι
316 2518 448 2574 ancer
480 2504 649 2606 questa,
670 2517 717 2576 se
741 2485 846 2602 perd
878 2519 964 2576 non
1000 2487 1188 2602 vogliam
1221 2485 1317 2574 dire
1350 2486 1430 2574 ebe
1461 2486 1524 2575 sia
1559 2487 1737 2576 rimasta

254 2648 272 2686 ι
313 2639 461 2726 presso
494 2609 553 2726 gli
587 2608 709 2699 eredi
744 2609 1000 2714 llluminati,
1039 2609 1065 2696 il
1100 2609 1179 2695 clre
1227 2639 1313 2696 non
1364 2608 1449 2725 paud
1499 2641 1673 2711 essere3
1711 2641 1735 2700 e

257 2773 273 2810 ι
314 2732 450 2820 molto
484 2761 615 2819 meno
649 2732 673 2819 b
707 2743 732 2818 la
764 2732 954 2821 credersi
988 2732 1069 2821 che
1110 2725 1174 2819 'sia
1213 2761 1361 2847 presso
1397 2732 1409 2817 i
1444 2731 1653 2820 Canonici
1687 2732 1735 2820 di

257 2895 274 2934 ι
315 2857 515 2942 llassa».
1579 2889 1582 2894 ·

374 2979 609 3065 Caeterum
644 2977 913 3093 Capitulares
939 2974 1139 3064 subdunt
1176 2976 1244 3092 agi
1278 2975 1322 3062 in
1357 2975 1550 3062 themate
1596 2977 1653 3064 de
1686 3007 1735 3066 re

226 3127 363 3220 tquae
397 3099 637 3188 nullimode
658 3099 802 3187 -celari
835 3113 1004 3214 potest:
1043 3097 1196 3186 cedula
1229 3096 1450 3215 siquidem
1494 3130 1630 3216 quam
1653 3103 1735 3189 Ca·

250 3223 430 3310 nnnicus
464 3221 700 3310 Ciocchetti
732 3221 815 3308 sibi
842 3220 1158 3308 restituendam
1182 3222 1466 3322 esseclamat.,
1494 3221 1733 3312 nominalis

249 3375 347 3433 cum
366 3346 436 3448 sit,
459 3375 533 3432 seu
553 3375 713 3431 nomen
736 3343 943 3433 Canonici
965 3342 1168 3460 blagnoui
1191 3372 1288 3432 cum
1314 3344 1525 3457 scriptum
1550 3343 1729 3450 reserat,

150 3497 153 3502 ·
250 3467 343 3554 eius
376 3467 508 3554 annui
541 3467 703 3555 fructus
739 3465 914 3554 nonnisi
938 3495 1071 3584 quam
1094 3481 1239 3554 certae
1271 3483 1314 3554 et
1347 3464 1600 3582 designatae
1634 3497 1731 3582 per·

248 3619 382 3678 sonae
415 3590 647 3708 quotannis
679 3590 909 3678 solvuntur
941 3619 1056 3704 quae
1087 3587 1273 3675 auctoris
1297 3618 1529 3704 personam
1556 3619 1731 3705 reprae-

247 3728 404 3799 sentat.
443 3713 638 3828 lnquirat
672 3742 775 3829 ergo
809 3713 1052 3801 Canonicus
1084 3711 1319 3799 Ciocchetti
1345 3739 1447 3795 num
1473 3709 1631 3829 aliquis
1654 3711 1730 3798 ad·

247 3834 318 3938 sit,
355 3833 432 3950 qui
467 3836 561 3924 vice
593 3865 670 3922 sua
704 3835 883 3922 huiusce
915 3833 1097 3921 cedulae
1130 3831 1293 3920 lructus
1328 3830 1488 3948 exigat,
1514 3863 1650 3947 quam
1674 3833 1730 3922 si·

246 3955 292 4043 bi
328 3957 518 4044 ablatam
555 3985 647 4044 esse
680 3957 814 4046 dolet.
837 3956 965 4068 Quod
989 3957 1022 4042 si
1046 3956 1139 4044 eius
1184 3955 1353 4043 labores
1377 3955 1418 4040 in
1446 3955 1616 4040 irritum
1641 3986 1731 4043 ccs-

246 4077 400 4180 sur-int,
437 4078 791 4167 concludendum
826 4109 919 4166 esse
945 4094 1116 4195 urgent,
1145 4077 1411 4194 praedictam
1436 4076 1633 4165 cedulam
1659 4108 1730 4194 pe·

246 4231 323 4289 nes
357 4202 502 4318 ipsum
539 4233 621 4288 una
655 4231 754 4291 eum
792 4201 974 4290 caeteris
1024 4200 1119 4286 aliis
1164 4200 1298 4288 titulis
1342 4216 1385 4287 et
1429 4201 1724 4306 nominibus,

126 4333 140 4355 ‘
246 4355 360 4441 qnae
395 4324 750 4440 ipsiconsignata
775 4324 965 4425 luerunt,
995 4321 1197 4438 reperiri.
1223 4323 1330 4410 Cum
1357 4323 1576 4437 praesumi
1610 4321 1729 4410 baud

247 4445 399 4560 possit,
437 4445 556 4562 quod
606 4447 702 4563 quis
754 4446 864 4534 adeo
911 4447 1098 4534 demens
1148 4447 1206 4531 sit
1257 4459 1303 4530 ut
1352 4473 1445 4530 rem
1492 4443 1609 4560 apud
1652 4476 1729 4531 se-

248 4569 486 4684 metipsum
529 4569 759 4672 custodiat,
796 4569 902 4686 quin
938 4568 1078 4656 ullum
1111 4597 1166 4655 ex
1188 4597 1240 4654 cn
1262 4567 1610 4654 emolumentum
1634 4595 1728 4682 spe-

246 4721 345 4778 rare
377 4694 538 4778 valeat.

369 4815 454 4900 Pro
487 4832 605 4902 certo
640 4813 789 4930 itaque
822 4813 962 4928 posito
995 4811 1114 4929 quod
1147 4810 1397 4929 Capitulum
1447 4809 1568 4898 nullu
1603 4823 1728 4927 paeto

244 4933 302 5022 de
334 4933 587 5024 huiusmodi
621 4935 778 5024 cedula
811 4932 1075 5051 respondere
1105 4951 1317 5034 teneatur,
1342 4933 1456 5019 mole
1478 4963 1557 5020 sua
1592 4947 1727 5019 ruunt

245 5075 476 5173 praetensa
509 5059 603 5146 iura
636 5089 768 5174 super
804 5056 1019 5146 [ructibus
1062 5087 1171 5174 quos
1214 5087 1238 5144 a
1285 5055 1485 5171 Capitulu
1527 5070 1726 5170 repetere

244 5209 372 5297 posse
406 5197 544 5298 putat.
593 5183 832 5270 Corruente
873 5179 1093 5297 siquidem
1134 5177 1391 5296 principali,
1435 5179 1723 5268 accessorium

244 5331 422 5424 quoque
475 5335 679 5392 corruere
715 5333 885 5392 necesse
919 5332 1013 5390 esse
1039 5307 1242 5389 Doctores
1268 5301 1462 5388 tradunt.

370 5427 570 5516 'landem
594 5425 741 5544 quoad
767 5425 967 5512 ultimum
993 5423 1182 5514 dubium
1217 5424 1465 5542 Capitulum
1500 5419 1727 5512 contendit

241 5544 340 5639 iura
393 5551 452 5640 ab
505 5549 755 5640 adversario
807 5547 1006 5642 invocata
1060 5549 1289 5638 nullimodi
1342 5548 1547 5639 sustineri
1601 5575 1729 5667 posse
