4350 6326
620 391 702 481 Die
735 393 796 481 20
831 391 1068 479 Decembris
1103 391 1239 480 l879.
1511 408 1515 419 '
1587 396 1679 485 553
1778 395 1781 404 ‘

305 654 664 854 Mamilia.
714 762 1192 853 CONTRIBUTIONIS
1232 762 1483 853 ONERUM.
1520 810 1551 841 =
1583 770 1670 857 Ro·
1701 771 1807 862 Sese.
1834 775 1894 862 m
1926 808 2020 894 cup.
2043 776 2102 864 l2

178 891 298 1012 guoti
342 887 448 974 mihi
497 887 541 974 iu
582 885 782 976 Comitiis
819 883 910 974 diei
952 884 1013 972 tt
1045 885 1305 973 Decembris
1349 887 1488 976 4878:
1524 891 1559 976 Ι.
1595 892 1665 978 An
1700 895 1750 982 de
1781 897 1969 1020 Reform.

179 1009 438 1132 etp-uomodo
468 1009 525 1096 sit
559 1009 668 1097 loeus
691 1006 994 1094 contributioni
1015 1037 1184 1094 onerum
1221 1007 1464 1108 Missurum,
1496 1043 1567 1098 nec
1598 1045 1681 1101 non

175 1134 390 1252 pensionis
429 1163 651 1219 tenesmum
683 1133 745 1218 50
783 1145 822 1217 et
853 1129 1118 1218 emolumenti
1154 1127 1460 1219 Procuratoris
1496 1133 1554 1222 od
1590 1139 1678 1224 exi·

177 1257 357 1375 pendum
390 1259 436 1342 in
469 1289 579 1342 cusu.
628 1257 684 1341 ΙΙ.
722 1251 794 1339 An
827 1267 864 1340 et
903 1252 1107 1370 quomodo
1147 1251 1395 1342 reddendos
1420 1258 1505 1344 siut
1545 1243 1679 1348 retio-

178 1413 248 1469 nes
266 1412 350 1496 pro
368 1378 537 1466 crimmis
560 1375 896 1493 ineuipibilibus,
914 1379 977 1464 itu
998 1391 1043 1464 nt
1065 1377 1121 1462 sit
1141 1375 1251 1466 locus
1273 1378 1476 1466 solutioni
1497 1382 1544 1466 in
1562 1413 1674 1470 casn.

177 1507 254 1591 ΙΙΙ.
285 1504 354 1590 An
370 1503 429 1588 sit
461 1502 575 1588 loeus
611 1497 912 1588 commistioni
929 1567 939 1604 ,
962 1529 1030 1586 seu
1061 1499 1207 1615 potius
1234 1502 1493 1590 restitutioni
1526 1499 1679 1623 [uvore

179 1627 487 1714 Cononieorum
507 1621 889 1740 praebendatorum
913 1623 987 1712 del
1025 1626 1084 1710 ll)
1104 1653 1175 1710 nee
1196 1652 1279 1711 non
1309 1624 1425 1712 dete
1450 1645 1679 1742 peracuto

179 1751 225 1836 in
257 1781 370 1849 cosm
392 1749 477 1834 ΕΕ.
507 1749 591 1834 ΡΡ.
629 1775 816 1862 sequens
839 1743 1060 1836 dederunt
1091 1747 1461 1836 consultissimum
1498 1778 1678 1865 respon-

179 1903 294 1960 sum:
334 1911 354 1948 e
389 1867 464 1957 Ad
496 1871 530 1955 l.
573 1869 723 1981 Qirond
745 1899 873 1956 onero
903 1867 1126 1958 Missurum
1145 1885 1183 1956 et
1197 1871 1437 1984 pensionem
1467 1873 1673 1986 nepotiue,

55 2029 57 2034 ·
178 2027 259 2112 quo
295 2023 392 2081 uero
419 1991 477 2079 od
505 1992 822 2080 emolumentum
858 1994 1162 2082 Procuratoris
1207 1987 1478 2116 affirmative.
1509 1993 1587 2079 Ad
1617 1995 1672 2082 ΙΙ.

179 2117 406 2204 Provisum
442 2115 757 2232 porcessionem
781 2114 868 2204 diei
907 2118 968 2202 lO
998 2113 1173 2232 Aprilis
1213 2114 1354 2206 l877.
1381 2115 1453 2202 Ad
1488 2117 1561 2202 ΙΙΙ.
1588 2117 1678 2204 Ne-

177 2241 321 2358 potioe
357 2236 414 2324 ud
441 2239 637 2354 primum
677 2253 876 2354 purtem,
910 2234 1163 2362 affirmative
1194 2239 1252 2326 nd
1268 2265 1269 2268 ‘
1290 2238 1525 2338 cernendam,
1559 2239 1676 2326 soluo

180 2379 315 2450 tumen
365 2359 514 2480 [uvore
557 2357 869 2450 Arolidiuooni
914 2364 1006 2450 iure
1049 2359 1106 2449 od
1146 2362 1334 2450 tramites
1370 2361 1528 2449 decreti
1565 2364 1676 2452 Cum¹

181 2483 447 2604 nuperrimis
471 2514 611 2572 corum
642 2517 720 2602 quo
754 2499 792 2572 et
824 2501 1022 2603 quotenus
1056 2483 1106 2570 de
1139 2484 1231 2573 iure
1265 2527 1300 2572 ι.

308 2607 502 2695 Ohtento
538 2605 652 2695 inira
688 2607 792 2695 iuris
826 2607 1037 2696 terminos
1070 2637 1211 2695 novae
1245 2607 1496 2696 audientiae
1544 2608 1678 2695 haue·
1819 2647 1821 2650 ·

180 2729 280 2818 fi'cio
314 2763 338 2816 a
360 2729 647 2820 procuratore
664 2729 994 2835 Archidiaeoui,
1013 2761 1141 2819 causa
1158 2732 1316 2818 iterum
1343 2731 1567 2846 proposita
1597 2729 1677 2820 luit

179 2853 253 2942 die
301 2853 362 2940 26
404 2852 500 2940 tulii
549 2853 762 2941 currentis
795 2854 897 2941 anni
932 2853 1063 2976 1879.
1086 2855 1169 2942 sub
1202 2851 1441 2940 dubiorum
1466 2852 1670 2945 formula:

179 2978 216 3062 Ι.
257 2976 326 3060 An
361 2974 416 3064 sit
449 2973 642 3063 standum
666 2975 732 3063 uel
764 2976 1035 3064 recedendum
1058 3009 1084 3062 o
1108 2975 1259 3063 decisis
1293 2977 1338 3060 in
1365 2975 1512 3090 primo
1547 2975 1675 3067 dubio

181 3101 228 3184 in
276 3129 389 3184 oosn.
440 3100 495 3185 ll.
531 3096 602 3184 An
634 3099 691 3186 sit
736 3099 928 3187 standum
971 3098 1035 3186 uel
1082 3095 1351 3186 recedendum
1385 3129 1412 3184 u
1445 3097 1595 3186 decisis
1629 3104 1675 3188 in

181 3219 359 3308 secerndo
393 3219 520 3307 dubio
554 3222 726 3308 incosu.
763 3225 839 3310 Ill.
877 3221 948 3309 An
986 3225 1043 3310 sit
1080 3219 1273 3310 standum
1306 3219 1372 3307 uel
1404 3221 1674 3312 recedendum

181 3376 207 3430 o
241 3341 391 3432 decisis
429 3344 473 3428 in
492 3345 615 3432 tert-io
639 3343 765 3432 dubio
798 3347 844 3432 in
885 3377 981 3433 cusu
996 3379 1013 3444 ;
1037 3363 1081 3432 et
1103 3348 1149 3435 S.
1174 3346 1230 3432 V.
1256 3345 1312 3434 0.
1339 3343 1397 3432 ad
1419 3345 1673 3433 instantiam

180 3463 739 3584 Archidiaconillugianni,
777 3468 878 3585 qui,
918 3482 1090 3586 praeter
1122 3465 1312 3556 deducta
1347 3467 1525 3555 infolio
1570 3485 1673 3559 tune

182 3587 437 3691 distributo,
465 3589 722 3678 dilationem
746 3589 1110 3708 repropositiouis
1132 3618 1287 3678 causae
1311 3591 1488 3705 petebat
1522 3589 1577 3680 ad
1610 3592 1676 3678 ul·

182 3711 345 3802 teriora
377 3711 474 3800 iura
506 3743 584 3800 sua
621 3704 898 3817 deducenda,
937 3714 1204 3831 respondere
1237 3707 1556 3827 dignatusest:
1593 3716 1675 3800 Di·

184 3835 274 3922 lutu
305 3833 362 3920 od
378 3835 563 3950 primam
581 3829 682 3951 ¹post
714 3853 860 3952 aquus]

308 3959 481 4045 Interea
514 3961 704 4074 supplex
738 3958 982 4048 libellusex
1016 3974 1141 4076 parte
1158 3958 1460 4048 procuratoris
1479 3959 1677 4077 Capituli
1763 4003 1769 4014 ·

182 4081 462 4170 Mazarien‘sis
494 4081 549 4169 ad
587 4112 657 4168 me
690 4081 910 4198 pervenit,
948 4081 1025 4200 qui
1058 4084 1254 4200 petebat,
1292 4081 1364 4169 cle
1407 4113 1539 4198 uenpo
1591 4114 1680 4168 om-

179 4205 323 4322 plioto
363 4202 404 4290 lu
444 4201 697 4292 discussione
731 4204 801 4292 del
833 4203 1005 4291 secondo
1036 4203 1190 4292 dubbio
1230 4205 1338 4292 sulle
1369 4233 1519 4291 somme
1549 4205 1678 4291 inesi-

181 4326 331 4445 pibili,
369 4325 681 4446 risormondosi
713 4357 754 4414 se
795 4327 935 4448 saccio
972 4327 1099 4415 uncle
1130 4327 1302 4442 d’uopo,
1335 4325 1470 4442 idque
1494 4325 1550 4414 ad
1573 4357 1677 4413 con·

182 4449 419 4540 troversias
451 4479 605 4538 omues
639 4447 914 4540 dirimendas
949 4449 993 4537 in
1028 4466 1254 4570 posterum
1289 4449 1346 4537 de
1380 4448 1495 4536 lucili
1540 4449 1678 4536 oritu-

183 4605 270 4663 ras.
308 4574 432 4660 Hune
465 4571 668 4660 libellum
702 4571 775 4661 die
807 4575 868 4662 26
899 4574 1088 4691 Augusti
1124 4573 1245 4659 4879
1279 4573 1335 4660 de
1369 4599 1492 4658 more
1526 4570 1676 4660 remisi

182 4697 398 4815 Episcopo
432 4725 511 4812 pro
545 4691 856 4786 informatione
889 4711 932 4783 et
982 4713 1083 4784 voto
1133 4694 1295 4783 auditis
1346 4693 1555 4783 iuteresse
1604 4694 1679 4782 ha·

184 4819 410 4921 bentibus,
449 4833 492 4905 at
526 4817 697 4906 nullum
730 4849 948 4938 supereo
982 4847 1241 4935 responsum
1286 4817 1343 4906 ad
1399 4833 1675 4933 praesentem

188 4972 327 5064 usque
360 4941 481 5030 diem
514 4937 667 5030 datum
702 4941 804 5030 luit.

311 5067 461 5180 Quare
493 5078 679 5180 urgente
713 5067 798 5154 ΕΕ.
824 5065 918 5152 VV.
945 5079 1177 5182 praecepto
1207 5064 1263 5154 de
1290 5095 1448 5155 causae
1470 5093 1679 5182 reprope-

189 5188 363 5292 sitioue,
400 5183 607 5277 eamdem
640 5187 721 5276 hoo
757 5189 802 5275 in
842 5203 957 5276 statu
1004 5187 1391 5308 reproponendam
1436 5188 1542 5276 duxi
1584 5203 1679 5274 tau-

191 5331 285 5401 tum
323 5340 509 5400 mouens
532 5309 652 5428 quod
676 5325 821 5428 partes
845 5311 1135 5430 collitigantes
1154 5311 1209 5399 ad
1233 5326 1509 5430 praesentem
1542 5338 1678 5427 usque

1504 5459 1564 5546 70
