4446 6330
21 455 22 458 1
632 366 715 460 Die
746 369 808 456 25
840 366 1038 456 Ianuarii
1070 369 1208 458 1879.
1601 373 1663 464 65
1815 421 1820 428 ·

172 524 258 582 rec.
295 491 377 582 Cui
411 508 624 580 consonat
656 491 702 584 S.
739 493 793 580 H.
830 493 885 582 Ο.
922 491 967 578 11
1004 493 1225 582 Pisaurus.
1264 492 1322 579 10
1367 492 1477 582 Maii
1525 493 1664 602 1766,

173 633 217 704 11
250 612 471 704 recentius
504 613 547 700 in
581 615 810 703 Buconica.
836 616 897 702 30
923 613 1105 732 Aupusti
1129 615 1266 720 1815,
1294 631 1426 734 atque
1450 617 1666 710 1111181-

173 738 370 826 11111111
403 733 537 824 Curd.
575 737 638 824 Du
669 738 781 824 anu
814 736 865 826 de
898 737 1105 828 Parucltt's
1138 741 1254 828 Dt'sc.
1292 739 1352 828 31
1400 771 1444 828 o.
1489 741 1534 830 3.
1589 773 1669 832 nec

172 891 261 950 uon
295 860 495 947 Ferraria
527 891 567 948 u.
603 859 999 950 Dismembrntiuuis
1031 897 1074 952 11.
1114 862 1172 949 15
1201 903 1241 950 ι.

299 983 419 1096 Quin
453 982 543 1071 imo
577 983 888 1074 animadvertit
923 988 1151 1090 Patronus,
1190 985 1310 1104 quud
1336 984 1426 1102 ipsa
1443 983 1666 1100 possibili·

175 1123 236 1195 tas
271 1104 536 1224 providendi
585 1137 664 1222 per
713 1108 951 1214 Vicurium,
1004 1141 1082 1200 seu
1130 1109 1416 1227 Capelianum
1468 1105 1664 1200 excludit

173 1231 356 1318 omnino
369 1258 696 1348 quamcumque
709 1231 1114 1322 dismembratiouis
1131 1229 1449 1330 necessitatem,
1465 1232 1666 1348 quamvis

175 1352 256 1441 loci
294 1351 499 1441 distantia
522 1370 564 1440 et
587 1355 799 1472 asperitas
824 1355 993 1444 viarum
1014 1356 1189 1444 insimul
1222 1371 1546 1452 concurrerent,
1596 1357 1661 1444 uti

176 1473 305 1564 docet
354 1479 464 1564 Rota
488 1474 531 1562 in
556 1477 725 1568 011111.
751 1477 986 1565 Erectiouis
1010 1476 1281 1566 Poroclu'alis
1306 1477 1365 1564 12
1390 1476 1497 1562 Maii
1522 1475 1661 1582 1681,

175 1615 216 1685 11
250 1596 339 1686 dec.
378 1599 436 1686 13
472 1597 556 1686 lot.
594 1601 716 1689 1713
750 1633 838 1688 cor.
874 1603 1028 1718 Crispo
1050 1635 1093 1688 u.
1120 1602 1198 1696 20,
1235 1616 1278 1686 et
1302 1599 1430 1688 latius
1452 1599 1666 1688 Constan-

175 1721 293 1807 tinus
328 1721 372 1808 iu
407 1719 548 1808 addit.
585 1725 872 1812 11113131.
909 1727 1086 1841 28seq.
1139 1722 1386 1812 1111111111
1430 1721 1568 1836 magis
1618 1724 1663 1810 iu

178 1845 372 1932 themate
406 1843 748 1961 praeponderat,
777 1847 852 1936 ubi
874 1849 1148 1938 coadiutores
1181 1845 1367 1934 existunt
1400 1843 1443 1932 in
1479 1841 1590 1932 lacto
1623 1861 1667 1934 et

175 1966 228 2056 de
263 1967 362 2053 iure
395 1967 597 2084 deputari
630 1969 779 2058 valent
812 1971 854 2058 in
891 1972 982 2088 ipsa
1017 1968 1328 2059 lmmaculatae
1364 1965 1552 2056 Ecclesia
1590 1999 1667 2054 uu·

175 2089 370 2208 pcrrime
403 2105 666 2180 constructa.
719 2096 860 2182 llocce
920 2093 1100 2184 demum
1148 2106 1455 2207 argumentum
1506 2087 1663 2177 confir-

176 2228 265 2301 mat
317 2243 372 2299 ex
419 2207 617 2301 Parmae.
674 2215 984 2304 Truuslntiuuis
1033 2217 1259 2303 Paruect'ue
1306 2213 1335 2300 2
1384 2213 1483 2298 Dec.
1543 2211 1665 2300 1719

176 2336 622 2425 11111118111111111
656 2339 757 2426 XlV
793 2341 837 2428 iu
860 2341 946 2428 suis
980 2339 1139 2426 Couou.
1180 2351 1336 2454 quaest.
1388 2367 1499 2421 num.
1555 2335 1660 2438 128,

178 2457 217 2546 iu
251 2490 340 2577 qua
373 2460 586 2577 agebatur
619 2460 675 2550 de
723 2463 1000 2551 translatione
1021 2459 1228 2578 autiquae
1251 2457 1476 2576 paroeciae
1499 2457 1665 2573 positae

177 2582 217 2668 iu
250 2581 413 2669 vertice
446 2581 628 2700 scopuli,
666 2601 708 2672 et
741 2586 872 2674 nimis
905 2599 1050 2673 arctae
1084 2584 1177 2673 sine
1210 2579 1400 2671 sacristia
1451 2597 1495 2666 et
1519 2581 1665 2695 sepul-

176 2704 288 2794 chris
322 2719 499 2792 etcum
547 2709 809 2795 coemeterio
853 2708 911 2796 ab
960 2709 1051 2824 ipsa
1100 2705 1250 2796 dissito
1299 2720 1341 2790 et
1390 2733 1487 2790 cum
1533 2701 1664 2792 uuieo

178 2826 320 2931 altari,
378 2827 423 2914 iu
461 2857 621 2916 novam
664 2831 897 2919 Ecclesiam
942 2833 1070 2918 sitam
1110 2835 1155 2918 iu
1191 2825 1387 2946 planitie,
1408 2823 1664 2942 cunctisque

176 2949 372 3036 numeris
421 2951 684 3058 absolutam3
739 2954 1019 3042 nihilomiuus
1069 2949 1291 3070 proposito
1335 2947 1492 3036 dubio.
1533 2986 1552 3026 ι
1594 2947 1663 3034 Au

178 3070 399 3160 translatio
429 3075 692 3188 parochialis
720 3077 989 3180 sustineatur,
1026 3077 1112 3164 siue
1122 3075 1266 3192 potius
1288 3074 1344 3160 sit
1366 3067 1599 3158 reuocando
1620 3069 1666 3156 in

176 3226 269 3281 casu
302 3211 377 3282 etc.
415 3199 459 3287 S.
498 3197 635 3317 Coug.
682 3199 906 3320 respoudit
941 3247 964 3265 -
996 3197 1071 3286 Ad
1114 3199 1301 3314 primaru
1334 3191 1455 3280 dubii
1498 3207 1664 3307 portam

175 3319 379 3434 nepetino,
395 3316 453 3405 od
465 3321 683 3409 secuudum
705 3321 957 3447 affirmative
977 3322 1228 3438 etamplius.
1254 3319 1400 3430 Quare
1421 3312 1601 3404 deducit
1622 3312 1658 3402 si

176 3439 377 3560 paroecia
409 3441 456 3531 S.
494 3444 658 3532 Mariae
692 3477 776 3534 nou
811 3448 1141 3564 permitteretur
1174 3437 1397 3531 translerri
1432 3437 1474 3524 iu
1525 3437 1665 3552 ipsam

175 3563 491 3654 Immaculatae
522 3567 775 3674 Ecclesiam,
813 3571 951 3658 multo
985 3569 1123 3686 magis
1155 3559 1453 3684 permittenda
1480 3575 1658 3648 nonest

176 3687 510 3778 dismembratio
541 3690 756 3796 eiusdem,
794 3722 893 3780 eum
925 3693 1062 3784 iustae
1095 3688 1301 3780 deficiant
1322 3687 1504 3774 causae,

298 3812 353 3896 Et
387 3843 557 3928 reapse,
609 3815 849 3920 contendit,
887 3847 974 3904 non
1016 3809 1357 3906 mododeficere
1398 3833 1546 3894 causas
1580 3803 1659 3892 sed

181 3930 221 4018 in
284 3932 480 4022 themate
531 3937 664 4025 iustas
716 3937 941 4043 idoneas,
984 3953 1027 4029 et
1077 3949 1344 4056 opportunus
1393 3929 1544 4018 adesse
1603 3955 1661 4018 ne

176 4051 509 4152 dismembratio
541 4057 634 4160 1111,
662 4059 708 4146 1”
730 4061 832 4178 quia
874 4093 975 4180 pars
1008 4054 1369 4150 dismembranda
1401 4047 1656 4168 complecti·

178 4193 248 4264 tur
278 4179 468 4268 divitum
502 4181 702 4288 familias,
740 4201 783 4271 et
826 4184 965 4272 veteri
1004 4180 1231 4303 paroeciae
1270 4186 1551 4266 remanerent
1574 4169 1661 4260 ler-

177 4327 249 4387 me
279 4332 432 4391 omues
464 4335 680 4422 pauperes
720 4349 735 4384 ι
775 4305 1009 4396 diminuita
1041 4308 1082 4396 la
1115 4299 1368 4423 parroechia
1401 4296 1517 4388 della
1545 4293 1661 4383 Cou-

182 4463 199 4500 ι
238 4423 455 4512 solazioue
488 4425 605 4516 dalla
638 4445 764 4546 purte
808 4430 1060 4549 superiore,
1104 4458 1186 4515 ove
1224 4425 1258 4514 si
1292 4439 1417 4510 trova
1463 4415 1662 4538 general·

184 4587 199 4624 ι
240 4561 390 4633 mente
424 4579 508 4635 una
542 4551 825 4670 popularione
853 4553 1037 4642 comoda
1065 4583 1089 4640 1
1113 4547 1280 4667 aggiata
1304 4544 1472 4633 rimane
1496 4541 1536 4627 la
1559 4567 1662 4654 par-

183 4708 199 4745 ·
238 4669 409 4758 rocchia
446 4671 606 4759 attuale
639 4673 788 4763 allatio
822 4706 983 4793 povera
1024 4717 1039 4752 ι
1081 4673 1142 4762 uti
1177 4673 1323 4758 Patres
1350 4659 1659 4782 augustiniani

181 4808 459 4881 asseruerunt
491 4811 534 4882 et
565 4796 1110 4888 Fabricerii'coulirmant.
1147 4789 1328 4882 Η11120
1360 4785 1538 4879 deducit
1577 4782 1661 4869 Pa-

180 4913 362 5002 rochum
408 4917 625 5034 imparem
659 4951 752 5011 esse
794 4920 849 5009 ad
881 4920 1092 5011 solvenda
1139 4917 1289 5010 debita
1321 4913 1406 5002 iam
1440 4919 1662 4999 contracta

21 5065 22 5068 ‘
176 5067 257 5152 pro
286 5039 601 5132 restauratione
628 5045 813 5162 templi,
839 5061 883 5131 et
908 5045 1125 5134 adcelera
1157 5036 1419 5157 complenda
1459 5062 1540 5148 pro
1562 5025 1661 5145 qui·

175 5159 260 5247 bus
294 5161 437 5252 adhuc
470 5165 632 5282 requiri
668 5183 792 5288 urget
819 5196 1037 5256 summam
1061 5167 1161 5254 Lib.
1181 5162 1373 5268 58,800‚
1404 5183 1512 5274 quas
1545 5147 1663 5238 adi-

177 5281 267 5369 1111
304 5303 427 5401 parte
458 5287 736 5380 solummodo
769 5293 937 5411 assequi
982 5320 1108 5409 posse
1159 5301 1320 5404 sperat.
1380 5277 1541 5367 Avulsa
1583 5269 1661 5362 sed

1506 5423 1536 5511 9
