4350 6326
493 303 585 394 524
929 297 1012 382 Die
1042 295 1105 384 20
1137 294 1373 384 Decembris
1409 295 1546 384 1879.

494 427 733 547 parochum
756 437 955 538 spectare
989 420 1055 508 ius
1089 419 1288 506 notulam
1312 419 1584 508 Clericorum
1603 417 1885 518 ellormandi,
1910 423 1993 540 qui
2135 516 2136 543 ι

494 551 553 642 all
578 549 783 636 funebres
814 543 1109 664 processiones
1143 541 1353 632 interesse
1386 541 1554 630 dehent
1588 544 1705 630 iuxta
1744 570 1992 630 numerum

495 675 555 764 ab
589 671 781 760 haerede
814 665 1065 756 delinitum.
1248 675 1253 688 '

620 797 709 881 lloc
744 792 882 908 posito
917 790 1132 906 principio
1159 789 1245 876 iam
1280 817 1658 903 supervacaneum
1684 786 1913 876 videretur
1933 790 1996 878 ad

496 917 705 1008 ulteriora
730 913 982 1032 procedere3
1008 913 1049 998 in
1084 911 1260 1030 perdita
1297 927 1442 998 tamen
1467 909 1696 1027 hypothesi
1721 908 1841 1026 quod
1865 943 1995 1030 prae·

496 1055 619 1130 tensa
634 1035 991 1156 Congregationis
1006 1037 1210 1122 Urbanas
1224 1032 1733 1134 iu'rasintsubstioenda,
1752 1034 2000 1124 nullimode

500 1162 833 1279 Viceparoehos,
853 1173 1070 1279 quotquot
1092 1159 1197 1258 sint,
1225 1155 1520 1246 excludendos
1555 1185 1649 1244 esse
1675 1185 1899 1244 censerem
1935 1158 1996 1246 ad

499 1284 884 1374 interveniendum
918 1281 1100 1370 cuilibet
1133 1281 1274 1368 lusori
1311 1299 1433 1368 extra
1453 1296 1656 1385 turnum.¹
1679 1281 1850 1368 Doeent
1872 1283 1997 1370 enim
2135 1279 2137 1292 ⁴

372 1455 378 1470 ·
501 1411 600 1498 DD.
637 1423 733 1526 post
769 1422 870 1494 tect.
906 1407 952 1492 in
987 1404 1092 1492 Cau.
1134 1404 1246 1515 Quia
1277 1401 1519 1490 Sacerdotes
1558 1404 1614 1488 ll]
1647 1419 1805 1518 quaest.
1844 1409 1889 1490 l.
1928 1435 1998 1492 ae·

500 1563 637 1652 quum
658 1559 768 1635 esse,
797 1547 842 1616 ut
864 1529 1084 1616 extraneis
1118 1527 1329 1645 praeferri
1354 1526 1549 1614 debeant
1588 1525 1743 1614 Clerici
1779 1526 1998 1616 Ecclesiae

501 1653 765 1742 Parochiulis
804 1653 846 1738 io
883 1653 1085 1740 luucrum
1131 1649 1414 1738 associatione
1448 1647 1597 1736 Pitoa.
1631 1649 1709 1736 loc.
1746 1650 1819 1736 cit.
1842 1682 1886 1737 a.
1915 1652 1993 1747 45,
2137 1665 2138 1692 ³

499 1775 735 1894 Pipaatell.
758 1776 835 1862 loc.
857 1775 929 1862 cit.
945 1807 989 1860 u.
1006 1775 1081 1862 39.
1109 1773 1188 1864 Cui
1223 1772 1499 1889 dispositioni
1536 1771 1784 1861 adhaesisse
1820 1773 1999 1862 videtur

503 1903 558 1992 ll.
596 1903 641 1990 S.
678 1899 729 1990 G.
757 1899 798 1984 io
826 1897 994 1985 Nullius
1031 1897 1182 1984 Montis
1205 1897 1375 1982 Cossini
1395 1897 1457 1984 26
1481 1895 1574 1983 laa.
1603 1895 1989 1983 trasaricum.

503 2023 547 2111 in
584 2053 673 2143 quo
707 2021 876 2108 censuit
908 2021 1053 2106 Licere
1086 2019 1333 2107 haeredibus
1368 2017 1659 2137 defunctorum
1695 2018 1831 2106 solum
1865 2051 1999 2133 poro-

504 2145 622 2232 cltum
660 2177 809 2232 occare
843 2143 918 2262 (ad
954 2143 1100 2260 lunus)
1136 2141 1207 2230 sed
1235 2158 1434 2259 quatenus
1478 2142 1589 2228 alios
1622 2141 1892 2256 presbyteros
1923 2171 1996 2229 ao·

502 2300 598 2355 care
643 2267 790 2365 vellat,
824 2299 904 2354 esse
959 2265 1259 2386 praeferendos
1298 2265 1397 2352 illos
1452 2264 1663 2352 Ecclesiae
1708 2268 1901 2354 matricis
1952 2271 1997 2352 ia

504 2423 673 2478 numero
719 2391 825 2505 ipsis
854 2387 1102 2476 haeredibus
1147 2389 1349 2476 heueoiso.

632 2515 760 2603 Ratio
795 2527 941 2601 autem
975 2514 1034 2598 oh
1066 2541 1200 2628 quam
1244 2515 1343 2598 DD.
1392 2513 1502 2598 hane
1548 2511 1905 2627 praecedentiam
1952 2512 1999 2599 iis
2138 2537 2139 2592 f

505 2635 776 2754 preshyteris
830 2637 1030 2723 tribuunt
1076 2634 1120 2721 io
1155 2635 1236 2722 hoc
1282 2635 1509 2737 consistit,
1546 2633 1668 2753 quod
1713 2633 1866 2724 Clesus
1920 2638 1999 2721 iste

504 2758 748 2848 Parochiali
780 2759 996 2848 Ecclesiae
1031 2759 1227 2846 inservit.
1250 2756 1432 2846 Allabre
1464 2757 1613 2846 Pitou.
1638 2757 1717 2846 loc.
1743 2757 1816 2846 cit.
1841 2789 1889 2846 a.
1921 2759 1993 2844 ll.

505 2881 672 2970 -ihi-
707 2913 869 2999 «quae
902 2881 1086 2998 quidem
1122 2880 1335 2997 praelatio
1370 2895 1436 2968 cst
1470 2883 1512 2968 in
1550 2882 1646 2970 iure
1679 2878 1867 2969 lundata
1901 2908 1999 2969 cum

512 3045 529 3086 ι
568 3007 709 3094 clerus
744 3005 954 3092 inserviat
986 3003 1204 3092 Ecclesiae
1236 3004 1477 3094 Parochiali
1529 3003 1854 3122 praedicando,
1891 3005 2000 3092 ccle-

514 3167 531 3208 ι
569 3127 742 3218 brando
776 3126 940 3228 lllissas,
978 3142 1021 3216 et
1054 3127 1204 3216 divina
1239 3125 1374 3216 officia
1411 3127 1546 3214 immo
1580 3128 1713 3214 etiam
1747 3123 1998 3216 adiuvando

511 3291 531 3330 ι
571 3271 614 3340 et
648 3251 893 3340 Parochum
929 3252 971 3336 in
1009 3251 1361 3340 administrando
1394 3267 1665 3338 sacramenta
1699 3251 1997 3355 Parochianis,
2139 3329 2140 3366 p

516 3415 534 3454 ι
573 3375 811 3463 Gratiae...
855 3417 872 3452 ι
912 3377 1003 3492 Age
1037 3379 1071 3462 si
1106 3373 1317 3493 praelatio
1352 3374 1513 3462 isthaec
1556 3375 1599 3460 in
1641 3374 1903 3463 associandis
1941 3373 2002 3462 lu·
2139 3407 2140 3468 ῑ

509 3498 691 3586 neribus
713 3499 840 3588 Claro
874 3497 1109 3617 parochiali
1143 3497 1364 3597 debetur,
1401 3498 1504 3614 quia
1541 3496 1737 3586 Parocho
1781 3497 2002 3586 adiutorio

510 3637 598 3722 est,
654 3621 797 3710 nescio
851 3621 1078 3738 quomodo
1132 3620 1307 3707 excludi
1365 3621 1530 3736 possint
1588 3621 1871 3737 Viceparochi
1924 3621 2001 3738 qui

511 3743 555 3830 in
591 3744 795 3832 Paroecia
830 3745 1003 3860 pondus
1036 3743 1251 3830 sustinent
1283 3741 1372 3830 diei
1404 3759 1448 3831 et
1483 3759 1642 3833 aestus.
1678 3743 1750 3832 Ad
1785 3773 1881 3832 rem
1915 3749 2001 3831 Pa-

512 3865 683 3954 roshuss
724 3907 742 3946 ι
770 3869 880 3954 Pare
913 3865 1132 3956 contrario
1165 3865 1391 3982 all'equith
1424 3866 1639 3972 naturale,
1667 3866 1746 3954 che
1771 3897 1860 3955 uuo
1878 3901 1904 3954 o
1921 3865 1997 3988 piu

505 4025 534 4068 ἰ
574 3988 915 4078 Vico-Parrochi
939 3989 1062 4076 siano
1083 3989 1235 4077 esclusi
1269 3989 1341 4076 dai
1376 3988 1579 4092 funerati,
1608 4021 1633 4078 o
1667 3988 1877 4079 debbano
1912 3992 2001 4078 lare

513 4149 534 4190 ι
572 4112 682 4230 cogli
738 4112 837 4199 altri
872 4111 898 4198 il
952 4129 1097 4199 turno.
1155 4113 1365 4204 Arranno
1415 4113 1426 4198 i
1477 4115 1843 4203 Vise-Parrochi
1892 4129 2001 4202 tutto

516 4272 534 4314 ι
573 4234 603 4323 il
629 4235 1089 4352 pesodell’assistenua
1113 4234 1187 4324 dci
1212 4234 1462 4324 moribundi
1486 4267 1511 4324 e
1539 4237 1613 4353 poi
1635 4267 1824 4325 saranuo
1848 4235 2001 4325 esclusi

518 4395 537 4436 r
574 4359 691 4448 dalla
724 4358 925 4446 lunzione
958 4357 1146 4447 lunehre
1166 4359 1245 4448 che
1277 4359 1388 4446 altro
1421 4389 1508 4447 non
1543 4361 1568 4448 ὸ
1601 4389 1646 4447 se
1680 4389 1767 4448 non
1803 4359 1885 4448 che
1907 4359 2004 4446 l’ul·

517 4517 537 4562 ι
575 4481 690 4569 timo
721 4482 1048 4599 complemento
1081 4482 1199 4571 della
1229 4481 1510 4571 caritatevole
1555 4483 1648 4570 loro
1688 4483 1845 4598 opera?
1879 4485 1911 4570 E
1947 4481 2001 4570 ad

518 4639 536 4682 ι
576 4603 817 4693 esclusione
849 4605 895 4693 di
929 4605 1073 4724 questi
1107 4606 1442 4694 interverrsnuo
1475 4606 1516 4694 ai
1549 4604 1738 4696 lunerali
1770 4605 1906 4708 Preti,
1923 4605 2001 4694 che

518 4763 537 4806 ι
578 4725 619 4814 in
655 4729 831 4815 Duomo
866 4727 952 4816 mai
985 4761 1011 4816 o
1044 4729 1166 4848 quasi
1203 4727 1290 4817 mai
1323 4729 1361 4817 si
1393 4759 1610 4848 veggono,
1646 4759 1693 4818 se
1727 4759 1815 4817 non
1850 4729 1895 4818 in
1930 4760 2001 4816 oc-

521 4887 538 4930 «
576 4849 753 4940 cesione
768 4851 813 4940 di
830 4849 1022 4940 lunziani
1037 4851 1834 4972 mortuarielS’uggiungaehequesta
1857 4851 1997 4940 esclu-

518 5007 537 5055 ι
575 4972 697 5062 sione
722 4974 749 5063 ὸ
770 4973 986 5064 contraria
1007 4976 1047 5063 al
1072 4977 1219 5064 volere
1240 4975 1312 5065 del
1331 4977 1500 5093 parenti
1520 4977 1593 5066 dei
1616 4973 1809 5064 delnoti.
1833 4977 2000 5064 llantre

520 5133 539 5174 c
577 5127 749 5214 appeua
781 5097 818 5186 si
852 5127 997 5188 venne
1029 5097 1100 5187 dul
1127 5097 1287 5218 popolo
1316 5103 1514 5218 Aequose
1545 5130 1573 5188 a
1603 5129 1733 5217 saper
1753 5099 1871 5188 della
1910 5127 2004 5187 con·

523 5255 542 5300 c
580 5221 791 5310 troversia
808 5221 973 5312 insorta
990 5235 1055 5312 tra
1071 5223 1330 5340 l'Arciprete
1346 5249 1373 5312 c
1392 5222 1795 5342 laGougregasioue
1810 5221 1999 5324 Urbana,

506 5344 582 5430 -ei
614 5345 791 5462 parenti
824 5345 897 5438 dei
929 5347 1111 5436 mortio
1142 5345 1432 5466 gl'iucaricati
1465 5345 1583 5438 delle
1617 5345 1790 5436 lunebri
1813 5343 2003 5434 lunziani
