4446 6330
640 365 818 454 125025
851 365 1047 454 Ianuarii
1080 363 1217 456 t879.
1612 373 1671 460 73

308 492 514 612 Singulos
546 489 918 582 constitutionum
952 490 1155 579 articulos
1190 519 1244 578 ex
1286 489 1536 606 longissima
1570 523 1670 582 cou-

184 617 434 719 suetudine,
471 615 659 733 quaein
694 613 900 702 omnibus
930 615 1130 718 obtinet,
1169 611 1414 704 dolendunt
1447 613 1669 732 Capitulu-

182 775 268 834 reS.
294 742 409 853 Quae
425 740 533 826 euim
559 739 682 854 leupo
698 736 990 823 cousuetudine
1006 737 1272 853 comprobata
1290 753 1399 832 suut,
1430 767 1509 822 nou
1545 740 1681 829 miuus

185 899 304 985 quum
342 897 390 952 eu
410 895 512 981 quae
544 864 706 976 scriptu
740 877 834 947 scrut
868 862 980 975 iura,
1011 879 1249 960 servantum
1274 859 1322 946 L.
1343 858 1424 947 Sed
1452 891 1498 946 eu
1533 861 1674 952 Paud.

182 991 321 1078 relata
372 988 417 1074 iu
451 987 557 1073 Geta.
595 981 858 1072 Consuetudo
905 983 1008 1072 ctist.
1046 987 1091 1072 2,
1131 987 1273 1100 lpsem
1308 1001 1455 1071 autem
1510 985 1675 1076 iamdiu

184 1113 422 1201 invaluisse
456 1124 576 1226 patet
608 1139 661 1198 ex
697 1109 800 1221 ipsis
834 1107 1204 1196 Constitutionum
1249 1107 1540 1195 controversis
1575 1111 1679 1198 arti-

185 1237 292 1328 culis
328 1237 414 1322 iam
450 1235 508 1321 ab
541 1263 656 1320 anno
692 1230 813 1318 t765
847 1229 993 1334 editis,
1034 1231 1077 1317 iu
1113 1230 1277 1348 quibus
1321 1231 1484 1348 apertis
1533 1235 1681 1322 verbis

187 1360 348 1476 legitur
381 1355 599 1444 secuudum
635 1354 984 1442 cortsuetudt'ueru.
1003 1357 1111 1444 Cum
1138 1353 1267 1471 igitur
1289 1355 1560 1444 consuetudo
1584 1357 1674 1444 vim

188 1483 291 1601 legis
325 1483 554 1578 obtineat,
593 1481 727 1566 claret
778 1479 983 1566 eamdem
1031 1509 1083 1566 ex
1119 1478 1221 1564 iuris
1266 1477 1550 1596 dispositione
1583 1513 1678 1570 esse

189 1605 470 1694 servandam.
508 1601 696 1691 Maxime
718 1601 840 1719 qnia,
868 1633 953 1690 non
980 1602 1112 1689 modo
1136 1601 1375 1688 scientibus
1399 1617 1442 1688 et
1467 1633 1552 1688 uon
1578 1637 1680 1694 con-

190 1725 611 1828 tradicentibuS,sed
648 1742 690 1812 et
724 1725 1117 1842 comprobantibus
1151 1724 1394 1814 Ordinariis
1429 1725 1508 1812 luit
1543 1725 1679 1815 iutro·

190 1852 339 1954 dueta,
377 1869 512 1970 atque
547 1849 588 1934 in
626 1846 728 1966 ipsis
762 1849 1090 1964 Capitularibns
1123 1849 1513 1938 Constitutionibus
1548 1849 1682 1938 iuscr-

192 1995 249 2076 ta,
289 2005 405 2092 quiae
438 2001 538 2061 cum
575 2003 597 2059 a
631 1975 898 2090 competenti
951 1973 1206 2060 auctoritate
1258 1975 1528 2090 approbatae
1564 1974 1683 2062 inve·

190 2099 385 2196 alantur,
408 2099 465 2184 ab
490 2095 803 2216 ipsoCapitulo
830 2127 909 2212 pro
933 2097 1029 2214 lege
1052 2098 1214 2185 debent
1242 2095 1412 2184 baberi.
1438 2099 1590 2214 Neque
1614 2097 1683 2186 di·

189 2255 256 2312 cas
290 2223 431 2339 ipsam
467 2219 582 2306 haud
617 2223 748 2308 sacris
787 2221 1029 2322 canonibus
1077 2221 1343 2309 conformem
1390 2251 1499 2309 esse.
1542 2219 1683 2333 Quid-

189 2345 293 2464 quid
328 2345 450 2432 enim
484 2343 539 2430 sit
574 2344 630 2432 de
663 2342 743 2429 bac
774 2373 837 2443 rc,
886 2343 1080 2434 dubitari
1119 2343 1365 2432 nullimode
1408 2345 1525 2431 valet
1558 2343 1680 2462 quod

190 2468 513 2558 Ecclesiasticae
557 2467 672 2583 leges
716 2496 768 2554 ex
812 2469 1032 2560 contraria
1073 2467 1389 2555 consuetudine
1431 2469 1681 2556 centenaria

194 2611 328 2711 atque
363 2588 704 2680 immemorabili
751 2609 928 2706 possunt
967 2593 1184 2681 moderari
1232 2593 1299 2678 vcl
1337 2591 1472 2692 tolli,
1511 2591 1682 2678 etiamsi

191 2715 325 2832 ipsae·
359 2713 615 2832 simpliciter
657 2745 705 2802 ac
749 2716 1015 2832 generaliter
1060 2715 1258 2802 ciusdem
1305 2713 1681 2802 introductionem

191 2839 473 2956 prohibeant,
511 2867 589 2927 ceu
624 2837 805 2925 tradunt
840 2839 938 2926 ΠΙ).
963 2857 1070 2930 teste
1093 2837 1308 2959 Rer'ffcust.
1336 2839 1438 2924 lust.
1464 2837 1571 2924 Gon.
1598 2839 1680 2924 Uu.

192 2961 264 3049 tit.
305 2963 323 3046 l
368 2963 435 3049 tit.
475 2962 650 3047 lucrm.
674 2961 734 3049 49
766 2991 874 3078 seqq.
915 2967 1035 3055 Licet
1071 2963 1203 3080 igitur
1238 2961 1470 3050 memorati
1505 2961 1682 3078 articuli

189 3085 561 3176 Constitutionum
597 3085 652 3173 ad
689 3085 882 3173 tramites
916 3088 1023 3177 iuris
1068 3087 1285 3174 efformati
1329 3085 1446 3174 baud
1481 3085 1678 3186 luerint,

194 3225 359 3296 attenta
394 3227 540 3296 tamen
574 3207 892 3297 consuetudine
926 3215 1067 3301 locent
1100 3207 1359 3299 sustinendi.

313 3333 380 3420 tte
414 3351 454 3420 at
492 3361 594 3420 vero
644 3331 837 3420 intimius
870 3338 1096 3454 paulisper
1139 3333 1330 3454 inspecta
1350 3347 1371 3436 ,'
1415 3331 1574 3451 agendi
1610 3365 1686 3420 ra-

194 3455 251 3543 tio
285 3457 478 3572 Capituli
512 3455 556 3543 in
590 3455 808 3572 explendo
858 3459 1021 3550 clrorali
1066 3457 1244 3546 servitio
1291 3457 1347 3546 ad
1391 3456 1683 3545 Constitutio-

193 3607 296 3666 num
345 3581 539 3668 tramites
582 3579 699 3668 band
764 3579 875 3668 soret
941 3581 1237 3700 reprobanda.
1284 3585 1333 3668 Et
1384 3579 1441 3667 ad
1491 3597 1685 3700 puncta-

195 3719 391 3790 turarum
428 3703 707 3820 partitionem
757 3705 876 3824 quod
911 3712 1064 3796 attinet
1108 3704 1195 3822 ipsa
1243 3703 1383 3796 Sacris
1431 3703 1686 3794 Canonibus

192 3824 428 3914 conformis
476 3855 570 3914 esse
603 3828 797 3915 videtur.
851 3830 1116 3931 Enimvero,
1166 3829 1265 3918 licet
1299 3859 1385 3917 nou
1429 3826 1578 3915 desint
1611 3859 1685 3914 au·

194 3967 350 4050 ctores,
386 3981 496 4068 quos
546 3951 660 4037 inter
695 3951 739 4040 S.
777 3953 1025 4044 Antoninus
1064 3967 1107 4040 et
1149 3955 1393 4055 Navem-uo,
1435 3949 1509 4069 qui
1549 3951 1686 4039 susti-

198 4091 304 4160 nent
339 4073 510 4162 baudes
532 4073 766 4164 efformare
801 4077 960 4164 Horam
980 4113 1003 4166 a
1021 4077 1238 4168 Matutino
1270 4076 1542 4177 distinctam,
1564 4103 1682 4162 com-

195 4196 449 4285 munissima
499 4215 645 4286 tamen
697 4201 912 4287 sententia
961 4199 1227 4290 eontra-rium
1270 4199 1396 4288 docet
1436 4213 1544 4286 teste
1585 4197 1686 4284 Mu-

194 4319 264 4434 pri
295 4319 468 4408 Notizt'u
517 4319 581 4408 ‹le'
613 4322 819 4414 Vocuboli
851 4321 1137 4413 Ecclesiustt'ct‘
1167 4323 1279 4412 verli.
1322 4323 1463 4410 Horae
1495 4323 1684 4408 Cottoni-

197 4473 279 4544 cue,
314 4459 359 4530 et
392 4445 657 4534 eontrarium
705 4447 944 4535 tenendum
990 4450 1148 4538 suadet
1193 4447 1331 4562 Caput
1375 4445 1598 4560 Presbyter
1632 4443 1683 4530 de

198 4564 401 4655 Celebrat.
442 4569 560 4655 llliss.
601 4570 674 4658 ubi
708 4571 817 4660 haec
850 4591 1080 4660 occurrunt
1101 4621 1131 4636 -
1154 4571 1215 4656 ibi
1239 4625 1268 4639 -
1297 4613 1311 4647 ι
1340 4569 1498 4684 Septies
1531 4569 1576 4653 iu
1611 4565 1681 4652 die

201 4687 361 4777 laudent
395 4689 494 4778 disci
528 4691 622 4791 titi,
659 4697 732 4811 qui
763 4699 1020 4810 septenarius
1054 4725 1245 4783 uuruerus
1270 4725 1294 4779 u
1316 4691 1433 4779 uobis
1458 4691 1673 4806 dupletur,

199 4813 234 4898 si
257 4815 476 4918 Matutiui,
499 4816 685 4920 Primae,
719 4819 755 4904 T
753 4820 898 4916 ertiue,
920 4805 1083 4926 Sextue,
1103 4821 1255 4920 Nouae,
1274 4817 1322 4908 V
1318 4849 1482 4932 asperae
1505 4833 1542 4901 ct
1565 4815 1686 4900 Cout·
1739 4841 1742 4848 ·

195 4935 373 5050 pletorii
405 4955 587 5055 tempore
619 4957 783 5030 nostroe
815 4945 1028 5032 seruitutis
1062 4939 1201 5066 officia
1228 4941 1531 5058 persolvemus.
1569 4939 1682 5027 Cum

201 5059 331 5178 igitur
365 5062 627 5154 Matutinum
676 5097 777 5154 cum
827 5067 1048 5156 Laudibus
1095 5095 1227 5155 tinam
1263 5066 1415 5152 boram
1464 5059 1688 5161 efformet,¹

170 5185 256 5270 *nil
309 5189 449 5306 magis
498 5189 653 5276 rationi
688 5207 1028 5278 consentaneum
1079 5222 1172 5281 esse
1210 5189 1415 5285 videtur,
1463 5201 1509 5271 ut
1549 5213 1687 5272 unum

201 5327 413 5422 punctum
441 5311 667 5401 absentiae
706 5315 948 5432 assignetur
984 5316 1040 5418 ci,
1080 5314 1154 5437 qui
1188 5311 1330 5401 dictae
1353 5313 1493 5398 Horae
1516 5338 1603 5398 non
1628 5307 1689 5394 in·

201 5441 346 5520 terest.

1501 5587 1559 5673 to
