4558 6340
542 321 633 412 toa
1008 321 1091 408 nn
1122 318 1183 406 as
1214 315 1388 433 Aprtte
1423 315 1559 406 turo.

107 695 217 785 Sese.
249 697 303 784 21
339 693 501 812 euple
667 581 913 786 NETEN.
951 688 1474 780 DlSMEllBRATlONlS
1506 688 1577 774 ET
1621 685 1770 777 lUlllS
1816 688 2031 778 SdCllAS

105 819 297 910 Sescfil
318 851 413 938 cup.
436 817 498 907 t3
533 816 859 906 PERAGENDl
893 813 1262 902 EUNCTlONES.
1288 857 1320 887 =
1343 813 1509 899 Motuca
1535 808 1777 898 incolarum
1827 811 2028 927 lcequen·

108 943 161 1033 cle
191 943 384 1066 Reform.

532 939 697 1029 tissima
738 939 890 1028 civitas
939 935 1136 1024 Netensis
1172 935 1393 1024 Dioecesis
1427 965 1506 1050 pro
1540 933 1680 1050 ipsius
1716 934 1836 1022 urbis
1869 933 1953 1022 situ
1988 933 2030 1020 in

541 1059 649 1152 duas
683 1056 1154 1182 paroeciasdividitur,
1192 1087 1381 1178 quarum
1413 1059 1549 1145 altera
1600 1057 1816 1173 superiori
1865 1070 2035 1147 constat

540 1205 682 1301 parte,
734 1182 929 1272 inleriori
980 1181 1131 1270 altera.
1180 1183 1327 1270 Prima
1377 1180 1450 1268 illa
1484 1181 1629 1270 Sancti
1664 1181 1840 1297 Georgii
1884 1179 2034 1268 subest

541 1311 773 1410 Ecclesiae,
800 1337 912 1424 quae
947 1303 1100 1394 lllatrix
1133 1319 1199 1392 est
1231 1336 1286 1392 ex
1320 1303 1507 1394 decretis
1539 1304 1586 1394 S.
1625 1303 1805 1392 Ritunm
1840 1307 2033 1419 Congre-

542 1433 728 1556 gationis
763 1430 935 1518 dierum
969 1429 1031 1516 nt
1069 1427 1166 1516 lllaii
1202 1444 1244 1516 et
1268 1429 1298 1514 6
1319 1427 1592 1546 Septembris
1621 1427 1639 1512 l
1652 1429 1744 1514 636
1777 1457 1947 1516 necnon
1983 1455 2034 1514 ex

543 1557 701 1646 litteris
719 1549 983 1670 Apostolicis
1002 1551 1245 1639 lnnoeentii
1262 1553 1344 1638 XI.
1363 1582 1425 1638 sn.
1449 1580 1537 1636 mc.
1555 1597 1585 1614 ··
1604 1550 1731 1636 Alias
1750 1565 1995 1638 emanarunt
2010 1595 2037 1612 -

544 1680 657 1769 dotis
675 1677 757 1765 sub
781 1676 899 1762 diet
917 1675 1027 1761 lonii
1049 1673 1186 1762 t689:
1223 1675 1413 1762 secunda
1448 1673 1493 1761 S.
1520 1673 1639 1760 Petri
1676 1690 1954 1792 nuncupatur
1987 1702 2038 1760 ex

547 1801 713 1917 templo
747 1801 791 1888 S.
818 1800 948 1886 Petro
972 1797 1282 1914 Apostolorum
1318 1797 1511 1914 Principi
1550 1827 1689 1884 sacro.
1734 1799 1930 1913 Utraque
1966 1827 2040 1912 pa·

546 1921 748 2013 rochiniis
781 1919 970 2010 Ecclesia
997 1938 1079 2008 tres
1097 1920 1228 2008 habet
1263 1920 1559 2038 suffraganeas
1591 1919 1818 2022 Ecclesias,
1839 1947 1949 2036 quas
1972 1949 2042 2004 vo·

546 2062 646 2138 cant
668 2043 1019 2134 sacramentales.

671 2169 789 2254 Inter
842 2169 1111 2254 succucsalcs
1157 2165 1341 2256 Matricis
1392 2164 1607 2254 Ecclesiae
1659 2169 1705 2258 S.
1742 2165 1917 2285 Georgii
1967 2163 2039 2252 die

550 2293 610 2379 l6
642 2289 872 2379 Februarii
908 2290 1009 2376 anni
1045 2290 1214 2378 t5991a
1237 2293 1509 2408 Syracusano
1532 2287 1746 2406 Episcopo
1768 2292 1931 2378 Ioanne
1954 2290 2036 2374 llo·

549 2445 688 2515 rusco,
726 2413 847 2500 cuius
881 2411 1102 2500 Dioecesis
1136 2425 1237 2502 tunc
1270 2430 1313 2500 et
1363 2417 1580 2502 Matucam
1614 2429 1657 2498 et
1692 2415 1835 2531 ipsum
1881 2415 2036 2500 Netum

547 2537 914 2652 amplectebatur,
934 2535 1145 2623 recensita
1163 2533 1245 2622 luit
1263 2537 1448 2624 Ecclesia
1467 2535 1511 2622 in
1532 2535 1676 2624 dictae
1693 2536 1877 2624 civitatis
1905 2533 2040 2650 regio⁴

550 2691 606 2748 ne
621 2661 754 2774 vulgo
771 2658 1046 2744 Froneauillo
1060 2659 1158 2759 sita,
1175 2659 1242 2744 cui
1263 2659 1414 2748 titulus
1432 2678 1494 2748 est
1516 2691 1539 2746 a
1564 2658 1609 2748 S.
1630 2659 1791 2746 loanne
1809 2657 2040 2774 Evangeli-

549 2799 635 2871 sta:
658 2781 792 2898 idque
828 2822 843 2860 ι
873 2780 928 2870 ad
967 2811 1117 2899 preces
1151 2781 1406 2870 beneficiati
1436 2800 1477 2869 et
1507 2780 1871 2870 parochianorum
1900 2781 2041 2870 dictae

555 2942 572 2984 ι
614 2905 828 3026 Ecclesiae
862 2905 908 2992 S.
936 2902 1131 3021 Georgii,
1171 2903 1471 3008 Conlratrum,
1504 2909 1755 3008 llectorum,
1782 2921 1825 2994 et
1850 2909 2038 2992 Devoto·

558 3069 575 3108 ι
614 3056 713 3114 rum
746 3027 891 3114 dictae
931 3029 1149 3116 Ecclesiae
1183 3028 1229 3118 S.
1278 3028 1452 3116 loannis
1492 3066 1530 3132 ’3
1584 3045 1763 3146 propter
1813 3027 2041 3116 l’aroclria-

552 3181 709 3240 norum
725 3149 1075 3254 multitudinem,
1094 3149 1398 3239 etdistantiam
1420 3151 1554 3269 ipsius
1568 3151 1823 3267 parochialis
1841 3155 1886 3244 S.
1908 3153 2042 3242 Geor-

550 3273 626 3391 gii,
674 3273 820 3389 prouti
857 3273 900 3360 in
925 3273 1061 3362 literis
1095 3273 1325 3362 erectionis
1369 3275 1578 3362 traditum
1619 3275 1820 3391 legimus
1868 3275 2038 3387 Quibus

550 3393 729 3516 quidem
771 3395 907 3484 literis
939 3425 1143 3512 expresse
1175 3410 1353 3486 cautum
1378 3411 1441 3484 est
1459 3396 1723 3487 erectionem
1743 3397 2040 3514 suffraganeae

550 3517 765 3606 Ecclesiae
805 3515 899 3606 lieri
918 3515 1086 3607 debere
1116 3560 1131 3596 ι
1165 3519 1332 3606 iuribus
1352 3537 1497 3610 tamen
1523 3521 1777 3610 Beneficiati
1794 3521 1841 3611 S.
1864 3517 2038 3636 Georgii

556 3681 574 3721 ι
613 3671 789 3758 semper
818 3641 966 3740 salvis,
1007 3641 1088 3758 qui
1128 3641 1232 3730 velit
1269 3657 1313 3730 et
1356 3642 1520 3732 debeat
1559 3673 1760 3761 praeesse
1791 3645 1933 3732 dictae
1967 3645 2039 3732 Ec-

557 3805 576 3844 ·
616 3765 787 3868 clesiae,
825 3765 1207 3884 quemadmodum
1244 3765 1286 3851 in
1322 3763 1436 3854 dicta
1469 3765 1516 3854 S.
1553 3765 1730 3882 Georgii
1764 3785 1808 3855 et
1850 3769 1895 3878 S.
1933 3769 2042 3856 llar-

557 3925 574 3968 ι
612 3887 779 4004 garitae
812 3887 991 3976 alterius
1024 3888 1340 4005 suffraganeae,
1387 3887 1445 3976 ita
1492 3889 1612 4006 qnod
1658 3889 1858 3978 redditus
1901 3889 2041 3978 dictae

557 4048 575 4084 ι
614 4009 830 4096 Ecclesiae
863 4011 909 4099 S.
947 4011 1119 4100 loannis
1152 4028 1389 4128 erogentur
1422 4043 1501 4128 pro
1535 4013 1865 4103 manutentione
1899 4014 2038 4102 dictae

558 4167 575 4214 c
616 4130 892 4249 parochialis
931 4149 1018 4220 tam
1053 4165 1135 4252 pro
1169 4133 1434 4250 CapellaniS,
1456 4135 1714 4226 Sacristis...
1753 4136 1900 4254 prouti
1934 4134 2039 4225 dicti

559 4292 575 4334 ι
615 4253 856 4342 confratres
888 4284 934 4344 se
967 4257 1275 4374 obligaverunt
1315 4298 1353 4346 ι.
1388 4323 1393 4332 .

678 4381 806 4465 Asino
850 4393 894 4466 nt
940 4409 1043 4466 vero
1079 4379 1199 4468 4628
1248 4379 1398 4468 ldibus
1431 4381 1693 4471 Novembris
1727 4414 1780 4470 ex
1814 4382 2031 4472 BullaUr·

550 4499 657 4588 bani
712 4502 828 4589 Vlll.
874 4503 920 4592 S.
967 4503 1143 4620 Georgii
1192 4503 1376 4592 Ecclesia
1423 4503 1466 4591 in
1501 4505 1781 4622 Collegiatnm
1819 4505 2032 4625 insignem

555 4639 697 4712 erecta
751 4621 846 4728 luit,
901 4625 1283 4742 quemadmodum
1328 4625 1456 4714 enixe
1505 4625 1852 4746 efflagitaverant
1903 4629 2037 4746 ipsius

552 4749 862 4835 Procuratores
895 4765 939 4836 et
972 4749 1213 4838 Oeconomi
1248 4779 1417 4840 necnon
1453 4753 1610 4840 Rector
1657 4749 1908 4840 Vincentius
1941 4753 2038 4838 De-

551 4861 733 4973 Salemi,
755 4870 898 4988 quiad
917 4873 1031 4960 lrnnc
1053 4871 1439 4961 tantumellectum
1463 4875 1549 4962 inm
1575 4873 1617 4962 in
1638 4873 1862 4966 Pontificis
1886 4903 2039 4962 manus

555 4989 696 5082 libere
730 4993 986 5112 parochialis
1020 4995 1223 5085 beneficii
1258 4997 1593 5115 resignationem
1629 4997 1850 5086 emiserat.
1887 5001 1933 5085 ln
1960 4999 2037 5086 buc
2197 5008 2199 5012 ‘

553 5145 685 5233 porro
724 5116 848 5204 Bulla
872 5117 1067 5208 habetur¹
1089 5118 1211 5239 quod
1233 5151 1289 5208 ex
1314 5135 1418 5210 tunc
1438 5137 1592 5210 natura
1615 5136 1660 5208 et
1677 5123 1865 5211 essentia
1897 5153 2036 5242 paro-

550 5237 701 5328 chialis
731 5240 945 5331 Ecclesiae
975 5241 1202 5332 collativae
1225 5273 1319 5332 esse
1343 5241 1527 5334 desinat:
1567 5241 1688 5363 quod
1732 5244 1843 5332 inibi
1875 5243 2036 5334 consti·

551 5375 701 5449 luatur
733 5364 1037 5481 Praepositum
1061 5399 1164 5484 quoe
1180 5368 1327 5482 prima
1346 5383 1385 5455 et
1404 5367 1664 5484 principalis
1680 5397 1764 5486 pro
1786 5399 1867 5456 uno
1901 5369 2034 5454 Prae·

541 5591 542 5594 ,
543 5486 688 5602 posito
708 5487 782 5604 qui
798 5519 940 5576 curum
957 5488 1253 5579 animarum...
1275 5489 1447 5580 onteltoc
1458 5523 1535 5608 pcr
1554 5491 1570 5580 i
1575 5491 1676 5580 llius
1692 5492 1902 5582 Rectorem
1919 5519 2038 5581 eaer-
