4460 6332
620 365 711 452 ssa
1044 359 1126 446 nse
1157 359 1218 446 ao
1249 357 1498 474 suanae
1532 307 1670 448 esus.

613 483 977 606 confraternitates
1009 499 1165 570 erectae
1200 481 1240 566 iu
1276 481 1493 570 Oratoriis
1527 497 1611 568 tum
1659 477 1854 594 publicis
1906 493 1990 566 turn
2017 493 2089 598 pri.

613 610 722 695 natis
753 607 948 692 seiunctis
980 605 1031 692 ab
1063 603 1263 690 Ecclesiis
1294 602 1613 720 parochialibus
1646 601 1787 717 quoecd
1842 601 1983 690 dictas
2024 607 2094 726 sns-

615 731 767 817 stiones
800 729 1093 816 ecclesiasticas
1117 725 1291 814 habeant
1314 725 1469 814 dictam
1504 723 1828 842 dependentium
1863 759 1891 812 a
1908 725 2094 820 Parachol

616 855 711 940 vll.
750 851 820 938 Au
852 850 1082 972 structiones
1115 881 1250 936 omues
1282 847 1564 936 hebdomadae
1597 861 1759 934 sauctae
1794 849 1890 934 sint
1928 845 1980 935 de
2011 853 2093 940 iuri·

616 973 687 1062 bees
721 995 831 1061 errare
861 971 1200 1088 parochialibus?
1231 973 1311 1059 xl.
1348 971 1419 1057 Aa
1460 971 1665 1086 expositio
1715 969 1775 1056 hO
1826 969 2028 1058 lucrorum
2066 995 2091 1064 ct

616 1095 844 1184 berrede'ctio
878 1129 979 1213 quae
1001 1095 1050 1216 fit
1093 1125 1217 1210 super
1243 1095 1423 1211 populo,
1467 1095 1521 1182 sit
1555 1091 1605 1179 de
1627 1091 1754 1179 dictis
1788 1092 1965 1180 iuribus
1994 1127 2091 1210 paro

615 1218 853 1306 chialr'bus?
901 1235 945 1307 ct
989 1216 1355 1307 consultissimum
1393 1217 1545 1306 datum
1598 1213 1677 1303 luit
1715 1214 1768 1302 ad
1807 1216 1924 1305 haec
1964 1249 2090 1335 propo·

618 1342 696 1430 sita
735 1341 874 1429 dubia
902 1371 1159 1457 responsum
1182 1389 1212 1404 -
1234 1339 1447 1456 Nepotis-e.
1473 1387 1502 1404 -

744 1463 868 1553 Circa
901 1465 1036 1551 altare
1063 1461 1386 1580 privilegiatum
1421 1479 1554 1580 atque
1572 1461 1874 1580 indulgentias
1897 1492 2024 1578 pauca
2037 1462 2090 1549 ad·

619 1603 771 1677 notare
805 1616 987 1690 cense03
1026 1585 1165 1702 posito
1205 1613 1396 1702 namque
1428 1583 1546 1701 quod
1568 1603 1811 1672 memorata
1832 1583 2040 1676 Sodalitas
2061 1586 2088 1672 in

622 1710 813 1798 themate
854 1707 1053 1826 gandeat
1084 1708 1287 1795 omnibus
1337 1707 1572 1824 privilegiis
1609 1705 1958 1797 Anchisodalitio
1993 1707 2087 1796 Urbis

621 1832 848 1934 concessis,
880 1861 1017 1948 prona
1051 1829 1186 1918 veluti
1220 1831 1344 1916 alveo
1366 1828 1461 1917 fluit
1497 1831 1637 1947 ipsam
1660 1829 1860 1947 gaudere
1895 1829 2021 1917 etiam
2048 1831 2085 1914 al·

623 1953 701 2041 tari
736 1954 1030 2072 privilegiato,
1059 1983 1226 2040 necnon
1263 1949 1543 2069 indulgentiis
1577 1953 1801 2059 omnibnS,
1840 1952 2002 2073 quibus
2030 1951 2082 2038 ‹lo-

622 2090 721 2165 nata
756 2075 836 2164 luit
867 2077 1044 2163 Urbana
1080 2073 1438 2162 Aeoliisodalitas.

742 2199 859 2310 Quin
888 2197 942 2286 ad
985 2197 1091 2285 haec
1126 2197 1274 2283 omnia
1309 2194 1586 2314 infringenda
1631 2197 1716 2294 diei
1753 2197 1900 2316 possit
1947 2195 2080 2287 Sodali·

620 2322 730 2410 tium
772 2321 851 2408 loci
897 2321 1021 2407 l'occo
1058 2319 1289 2407 laudatum
1335 2317 1466 2406 luisse
1496 2317 1539 2404 in
1569 2319 1694 2406 altari
1735 2316 2079 2414 SSffioCcncihn

623 2445 766 2533 dicato
805 2443 918 2530 intra
956 2441 1193 2530 Ecclesiam
1238 2441 1528 2558 paroecialem
1578 2441 1809 2547 existente,
1863 2459 1908 2530 et
1946 2441 2077 2528 nonnisi

623 2567 681 2658 de
736 2594 851 2652 anno
895 2565 1016 2653 4868
1062 2595 1164 2652 suos
1201 2563 1470 2652 transtulisse
1509 2563 1618 2652 lares
1669 2564 1726 2654 ad
1765 2591 1933 2654 novam
1973 2563 2076 2652 Eccle-

620 2690 748 2791 siam,
790 2717 906 2805 quae
939 2717 1071 2804 super
1102 2705 1251 2775 vetere
1291 2685 1495 2774 Oratorio
1538 2685 1595 2775 nd
1628 2685 1896 2804 ampliorem
1934 2686 2075 2774 lornau

620 2811 815 2913 redacto,
837 2823 1037 2897 extructa
1061 2807 1157 2896 luit.
1184 2809 1355 2896 Etenim
1378 2839 1431 2896 ex
1456 2807 1535 2895 hoc
1563 2809 1743 2898 minime
1764 2807 1992 2899 descendit
2010 2837 2076 2924 pro

618 2935 714 3050 pria
741 2931 971 3050 privilegia
998 2931 1204 3034 amisisse;
1233 2961 1353 3019 casus
1385 2931 1501 3018 enim
1521 2930 1599 3020 iste
1632 2932 1862 3050 praevisus
1899 2945 2027 3018 manet
2048 2929 2073 3014 in

621 3055 897 3145 Clementiae
918 3053 1041 3142 Bulla
1063 3053 1134 3141 lla
1153 3051 1293 3141 debito
1318 3054 1361 3140 in
1385 3085 1472 3172 qna
1498 3055 1780 3173 perlegitucze
1806 3059 2072 3156 Postremaut

627 3219 644 3256 s
685 3178 842 3268 Christi
879 3175 1032 3267 fideles
1072 3175 1285 3294 praedicti
1310 3175 1551 3267 addictam
1574 3177 2070 3267 Archiconlraternitaten

627 3339 644 3377 ι
687 3299 1040 3418 ingrediendam,
1079 3317 1123 3387 et
1170 3297 1349 3416 piorum
1393 3329 1577 3415 operum
1629 3298 1673 3387 iu
1726 3301 1797 3388 illa
1851 3296 2064 3389 exercitium

631 3463 647 3498 ι
687 3423 877 3541 amplius
911 3423 1165 3526 incitentur,
1207 3438 1253 3510 et
1296 3422 1456 3510 exinde
1501 3423 1596 3542 ipsa
1641 3418 2068 3513 Archiconlraternitns

631 3585 648 3624 ι
688 3545 964 3634 Consentium
1000 3575 1202 3649 numero,
1240 3559 1284 3633 et
1307 3543 1552 3662 frequentia
1575 3545 1711 3664 magis
1734 3547 1967 3635 decoretur
1981 3569 2069 3658 prae

629 3707 646 3745 ι
687 3666 878 3784 dictaque
913 3665 1111 3770 Ecclesia,
1149 3665 1215 3754 uel
1246 3665 1354 3764 alia,
1391 3665 1449 3753 ad
1482 3701 1605 3784 quarn
1640 3671 1775 3784 ipsam
1798 3663 2065 3783 Archiconlrn·

632 3831 648 3865 ι
691 3792 924 3876 lernilatenc
959 3789 1188 3908 transferri
1221 3789 1445 3907 coretiperit
1492 3793 1535 3878 in
1571 3793 1726 3879 maiori
1773 3791 1983 3881 habeatur
2020 3811 2066 3868 ve·

630 3951 647 3989 ι
689 3913 913 4000 necatione
948 3927 1031 3999 etc.
1076 3953 1091 3986 ι
1131 3911 1302 4020 Quibus
1334 3943 1390 4000 ex
1444 3915 1592 4001 verbis
1643 3913 1877 4003 manifesto
1919 3901 2065 4018 erumpit

625 4063 827 4121 conscessa
861 4031 1089 4152 privilegia
1121 4033 1305 4121 minime
1339 4035 1517 4152 alligata
1550 4067 1643 4124 esse
1676 4035 1769 4124 loco
1789 4037 1834 4124 in
1858 4069 1942 4155 qno
1965 4026 2061 4120 Soda-

626 4155 725 4242 litas
759 4173 899 4244 erecta
933 4155 1028 4258 luit,
1066 4153 1142 4242 sed
1182 4155 1326 4274 potius
1373 4157 1455 4274 ipsi
1505 4157 1723 4247 sodalitati
1769 4189 1863 4248 esse
1909 4175 2063 4247 concesse

624 4277 702 4380 ita,
731 4295 776 4365 ut
800 4279 1004 4368 eamdem
1027 4277 1289 4367 comitentur
1308 4279 1575 4401 ubicumque
1599 4281 1691 4398 ipsa
1714 4313 1813 4372 suos
1844 4283 1950 4370 lares
1965 4291 2062 4362 trans·

629 4401 795 4488 tulerit.

748 4525 982 4645 Minusque
1016 4523 1147 4611 obiici
1184 4540 1325 4640 posset
1357 4523 1480 4641 quod
1499 4557 1644 4616 sacrae
1665 4526 1904 4616 inunctiones
1925 4526 2059 4642 possent

624 4679 650 4734 a
684 4645 927 4735 Sadalitate
962 4649 1113 4764 peragi
1148 4645 1189 4732 in
1223 4645 1466 4735 Paroehiali
1501 4651 1704 4752 Ecclesia,
1743 4649 1786 4738 in
1820 4681 1904 4768 qna
1935 4631 2058 4735 Sodali·

626 4769 738 4856 tium
774 4784 971 4859 ereetum
1003 4787 1081 4874 est,
1121 4785 1212 4856 tum
1249 4800 1302 4858 ne
1334 4769 1529 4882 conlusio
1563 4772 1746 4878 oriatur,
1780 4789 1871 4859 tum
1919 4797 1967 4856 ne
1993 4761 2055 4846 iun

624 4891 809 4980 Parachi
844 4909 886 4979 et
929 4891 1046 4980 Cleri
1092 4887 1343 4980 laedantur.
1391 4895 1550 4982 Notum
1595 4925 1786 5015 namque
1830 4913 1892 4984 est
1925 4881 2058 5016 Contru-

624 5012 851 5102 ternitutes
905 5033 1070 5103 erectas
1115 5013 1159 5101 in
1211 5014 1398 5104 Ecclesia
1437 5017 1671 5132 parochiali
1712 5017 1779 5106 vel
1820 5019 1861 5104 in
1897 5018 2053 5106 Oretana

622 5135 773 5224 eidem
808 5137 979 5226 adnexo
1014 5135 1357 5254 dependentium
1392 5139 1556 5228 habere
1600 5141 1837 5229 aParocho
1860 5140 1901 5227 in
1923 5126 2056 5246 explen-

623 5257 692 5348 dis
727 5259 1021 5350 lunationibus
1056 5259 1354 5350 ecclesiasticis
1389 5262 1488 5351 lieet
1524 5293 1609 5350 non
1647 5263 1971 5380 parochialibus.
2000 5269 2053 5332 ⁰⁰¹¹

557 5453 558 5456 κ
627 5399 779 5500 aperte
811 5385 938 5473 docet
964 5387 1010 5476 S.
1047 5387 1100 5473 R.
1143 5383 1193 5472 C.
1242 5385 1284 5472 in
1315 5383 1491 5474 desueto
1534 5417 1667 5504 supra
1711 5387 1845 5474 celato
1876 5381 1949 5474 sub
1981 5359 2050 5459 nl

617 5521 673 5590 'et
715 5507 769 5592 ΙΙ.
813 5507 1098 5624 Respondent
1126 5507 1243 5596 enim
1270 5509 1465 5614 Sodules,
1493 5510 1658 5599 nullam
1682 5509 1962 5599 contusionem
1980 5511 2050 5580 onn
