4530 6336
714 397 798 483 Die
830 391 1039 484 atlanti
1074 391 1212 482 t879.
1622 393 1713 486 3t5

215 522 519 646 praefatorum
555 520 797 638 legatorum
822 517 1156 635 suspensionem
1182 514 1511 634 expostulabat.
1541 519 1587 605 Et
1619 521 1706 606 voti

214 645 545 766 composiactus
565 642 662 748 init;
683 641 1050 764 quandoquidem
1066 640 1260 729 obtinuit
1280 640 1538 758 rescriptum
1562 641 1616 730 ad
1635 641 1711 731 de·

215 773 428 861 cennium
451 801 528 884 pro
554 769 798 882 legatorum
836 769 1142 882 suspensione,
1159 764 1354 850 iniuncto
1371 782 1539 852 tantum
1578 796 1712 855 onere

217 894 403 984 curandi
454 923 647 978 annuam
703 891 1046 978 celebrationem
1104 889 1328 976 Missurum
1370 886 1615 976 biscentum
1670 889 1713 977 in

217 1021 397 1138 piorum
417 1015 700 1103 fundatorum
734 1013 987 1132 suffragium
1045 1045 1093 1101 ac
1133 1013 1358 1100 Missurum
1402 1014 1714 1132 centumquin·

218 1141 433 1262 quaginta
467 1137 672 1227 Teresiae
704 1139 945 1240 Centronc,
981 1169 1030 1226 ac
1064 1138 1291 1258 utriusque
1323 1134 1633 1224 anniversarii.

349 1261 583 1351 Posteriori
600 1279 746 1348 antem
774 1277 988 1378 tempore,
1017 1293 1132 1348 anno
1158 1291 1320 1377 nempe
1345 1260 1483 1360 1806,
1512 1261 1564 1347 ad
1590 1277 1717 1348 tuen-

222 1387 282 1476 da
316 1386 361 1474 in
398 1401 619 1504 posterum
655 1385 852 1478 omnium
888 1386 1133 1502 legatorum
1170 1385 1262 1471 iura
1304 1413 1359 1470 ex
1391 1382 1616 1472 Ordinarii
1652 1383 1718 1470 iu·

220 1510 450 1598 iunctione
484 1507 711 1626 inscriptio
744 1509 1057 1627 hypothecaria
1091 1539 1224 1624 super
1248 1507 1406 1593 idoneo
1430 1505 1568 1593 iundo
1592 1524 1720 1624 capta

220 1633 319 1733 init,
360 1661 505 1750 neque
540 1633 729 1748 amptius
763 1633 806 1719 in
844 1649 1067 1750 posterum
1110 1645 1335 1720 renovata.
1394 1631 1509 1742 Quin
1559 1631 1648 1718 imo
1693 1659 1717 1715 e

222 1755 334 1844 vivis
367 1755 741 1844 Administratore
774 1755 921 1844 delato
955 1755 1167 1844 laceredcs
1203 1755 1324 1842 nosti
1359 1755 1717 1872 prorogationem

220 1879 419 1968 nunciati
456 1878 617 1966 induiti
653 1880 824 1968 nonnisi
860 1911 993 1998 quam
1030 1910 1144 1966 anno
1180 1879 1303 1968 4859
1345 1879 1582 1996 impetrare
1615 1896 1722 1966 sata·

223 2019 403 2122 gerunt.
442 2002 530 2092 Sed
564 2031 664 2091 eum
700 2005 893 2121 ipsorum
930 2034 1079 2120 preces
1113 2002 1350 2092 Ordinario
1384 2034 1465 2119 pro
1507 2002 1719 2090 informa·
1779 2102 1781 2106 ¹

223 2128 344 2214 tione
378 2143 420 2212 et
455 2142 557 2213 voto
603 2127 809 2218 remissae
857 2125 914 2214 de
958 2159 1081 2216 more
1130 2127 1325 2230 suerint,
1363 2125 1432 2213 hic
1475 2155 1717 2246 numquam

224 2248 365 2336 valuit
399 2279 660 2366 responsum
695 2249 803 2339 dare
839 2267 932 2338 tum
966 2255 1069 2370 quia
1097 2267 1231 2339 status
1253 2251 1561 2339 oeconomicus
1595 2247 1722 2336 iami-

226 2373 312 2462 liae
348 2403 434 2458 non
470 2374 550 2462 fuit
584 2373 835 2478 exhibitos,
876 2395 966 2462 turn
1016 2377 1118 2494 quia
1171 2375 1328 2494 aliquis
1372 2401 1424 2462 ex
1460 2374 1719 2464 {tectoribus

226 2495 519 2586 Ecclesiarum
563 2497 603 2582 in
639 2500 800 2614 quibus
836 2501 976 2618 tegata
1017 2503 1087 2619 pia
1136 2499 1327 2588 seeundo
1361 2501 1455 2586 loco
1504 2497 1724 2616 descripta

226 2637 355 2708 crant
387 2619 690 2709 satisfacienda
724 2653 851 2712 suum
899 2623 1128 2742 suspendit
1162 2654 1401 2724 assensum,
1442 2621 1718 2743 usquedum

224 2775 306 2862 pro
342 2743 426 2830 illis
462 2743 549 2832 iam
586 2744 838 2862 adimpletis
871 2777 960 2834 uon
982 2748 1224 2836 solveretur
1245 2745 1533 2864 stipendium.
1560 2747 1724 2859 Super-

227 2866 511 2954 venientihus
545 2885 694 2956 autem
733 2872 1028 2987 praesentium
1066 2889 1318 2989 temporum
1343 2866 1723 2958 vicissitudinibus

230 2989 443 3078 haeredes
479 2989 692 3105 praedicti
718 2995 975 3111 petitionem
1012 2995 1381 3113 posthabuerunt.

340 3117 394 3198 At
415 3143 520 3201 vero
540 3113 582 3200 iu
603 3147 809 3232 praesens
832 3149 930 3208 cum
948 3149 1020 3208 aes
1035 3120 1226 3208 atienum
1247 3135 1339 3206 tum
1358 3117 1716 3234 irypothccatum,

230 3253 324 3324 tum
359 3235 576 3325 fluctuans
601 3240 716 3328 vires
734 3243 987 3358 patrimonii
1013 3241 1105 3332 sere
1122 3242 1321 3348 excedat,
1344 3242 1400 3329 ita
1418 3256 1464 3328 ut
1486 3241 1603 3327 bona
1622 3267 1720 3354 par-

229 3359 311 3447 tim
346 3359 575 3449 divendita
607 3361 711 3464 sint,
748 3367 907 3485 partim
931 3367 1015 3455 sub
1037 3369 1395 3484 expropriatione
1419 3362 1713 3481 reperiantur,

228 3483 423 3572 Marchio
442 3483 694 3576 Alexander
711 3490 833 3576 Musti
850 3489 1098 3609 (progenies
1112 3491 1302 3582 illiuseui
1320 3521 1397 3608 per
1411 3486 1712 3606 Apostolicum

230 3606 496 3723 rescriptum
511 3608 743 3700 interdicta
757 3612 900 3702 iuerat
930 3615 1151 3704 bonorum
1180 3615 1382 3737 gestatio)
1417 3608 1606 3729 supplici
1640 3608 1717 3698 da·
1793 3647 1794 3652 ¹

230 3745 276 3818 to
297 3729 547 3819 libellosub
568 3733 715 3822 dieat
728 3737 852 3857 Sept.
873 3739 1122 3856 4877quae
1139 3757 1384 3858 sarpiuntur
1401 3732 1630 3826 hunnliter
1651 3762 1726 3820 ex-

228 3855 395 3970 posuit:
422 3895 438 3934 «
461 3885 586 3944 come
603 3856 728 3948 iasua
748 3859 941 3979 iamiglia
955 3863 1244 3952 suiieereditri
1259 3881 1388 3952 avuto
1406 3859 1475 3948 da’
1491 3856 1583 3946 suoi
1604 3873 1727 3942 antc-

237 4016 254 4055 ι
296 3977 388 4066 nati
425 3978 477 4065 ha
515 3979 725 4102 i'obbiigo
759 3985 803 4072 di
839 3987 904 4072 sar
937 3988 1160 4076 celebrare
1195 4019 1340 4076 anrrue
1375 4013 1515 4072 messe
1536 3979 1629 4068 985
1647 3979 1727 4068 cir·

241 4141 257 4178 «
296 4131 361 4188 ca.
400 4103 486 4189 Ora
521 4104 579 4194 da
613 4107 688 4220 piu
722 4109 823 4195 anui
862 4139 940 4226 per
974 4109 1112 4198 debiti
1148 4111 1311 4198 laseiati
1346 4109 1463 4228 dagli
1497 4105 1617 4194 stessi
1642 4135 1723 4190 an-

238 4262 256 4300 c
297 4227 433 4312 tenati
477 4257 500 4310 c
551 4258 630 4344 per
680 4229 778 4318 altri
829 4235 1031 4321 ‹eoritratti
1073 4233 1368 4323 daii’Oratore
1410 4235 1435 4321 e
1479 4229 1637 4319 cadrrta
1671 4227 1715 4311 in

237 4386 255 4424 c
295 4348 552 4462 gravissima
603 4354 778 4447 miseria
824 4359 1034 4446 tulmente
1079 4359 1159 4445 che
1207 4389 1290 4446 non
1337 4361 1429 4446 soto
1467 4356 1520 4442 ha
1555 4349 1720 4438 dovuto

237 4511 254 4549 ι
297 4469 490 4576 vendere
524 4474 563 4560 ia
600 4479 798 4593 maggior
832 4497 956 4595 parte
1000 4481 1069 4570 de'
1093 4481 1212 4569 irrrrdi
1251 4513 1328 4598 per
1367 4481 1614 4592 estinguere
1649 4471 1720 4557 ai-

239 4636 255 4671 ·
296 4595 396 4682 cuni
423 4594 581 4696 debiti,
628 4603 698 4686 ina
745 4603 859 4690 tiene
884 4605 912 4692 ii
937 4605 1182 4694 rimanente
1205 4605 1320 4694 dotia
1354 4600 1575 4722 proprietri
1606 4609 1721 4681 sotto

240 4759 257 4796 ι
298 4720 652 4836 espropriazione
665 4723 818 4814 inssitta
832 4726 904 4815 dai
924 4727 1158 4816 rimanenti
1173 4728 1380 4816 creditori
1397 4723 1536 4815 siccine
1548 4720 1631 4808 alla
1650 4747 1728 4804 sua

238 4881 256 4918 ι
296 4839 554 4958 disgraziata
588 4845 779 4963 ianrigtia
814 4853 910 4969 oggi
948 4882 1102 4941 manca
1139 4851 1318 4971 proprie
1355 4853 1381 4940 n
1420 4879 1534 4968 pane
1578 4841 1727 4962 quoti-

237 5003 255 5042 «
297 4963 450 5054 diano.
489 4970 571 5056 Per
605 4985 758 5086 queste
801 4973 1062 5064 circostanzc
1098 4996 1218 5064 tanto
1265 4975 1443 5064 critiche
1489 5000 1574 5059 non
1612 4977 1726 5053 tutte

241 5129 258 5168 ι
300 5087 456 5176 10985
479 5119 619 5180 messe
642 5125 747 5180 sono
771 5115 880 5184 state
902 5099 1147 5202 celebrate3
1171 5099 1393 5188 daii'aono
1419 5097 1541 5186 terta
1562 5093 1627 5180 sin
1647 5115 1728 5204 og-

240 5251 258 5288 «
298 5213 340 5328 gi
374 5243 481 5300 sono
518 5217 954 5310 rimasteaddietrate
977 5223 1034 5312 da
1058 5224 1180 5312 7000
1202 5256 1226 5311 e
1252 5223 1326 5341 piu
1345 5251 1501 5312 messe.
1528 5222 1615 5308 Ora
1643 5241 1722 5330 per

240 5374 257 5415 ι
299 5337 578 5450 provvedcre
613 5341 694 5428 alia
729 5375 805 5431 sua
840 5346 1058 5436 coseieuza
1082 5344 1271 5466 implora
1306 5344 1606 5436 l’assoluzione
1627 5333 1722 5426 del·
1773 5373 1776 5380 ·

241 5500 258 5536 ι
302 5458 341 5546 ie
375 5491 514 5550 messe
547 5467 717 5553 ome'sse
742 5497 818 5584 per
851 5469 878 5556 il
916 5488 1104 5588 passato,
1143 5505 1167 5560 e
1204 5504 1282 5591 per
1316 5468 1556 5560 t'avvenire
1591 5463 1726 5551 i’cso-

241 5621 258 5658 ι
302 5587 533 5673 neraziene
566 5587 858 5706 dali'obbiigo
893 5593 1045 5711 peria
1081 5627 1182 5684 vera
1218 5629 1241 5684 e
1277 5595 1392 5687 reale
1417 5596 1720 5712 imputem.»
