4530 6336
556 357 647 452 3l'2
1058 349 1134 436 Dio
1166 351 1219 440 2l
1259 349 1376 440 lunii
1411 347 1553 441 l8790
1636 353 1639 358 ’

558 485 720 574 elamat
774 472 874 562 arlia
930 505 1022 562 esse
1081 475 1387 594 restringenda
1440 493 1485 562 et
1539 472 1709 564 lavares
1757 475 2056 594 ampliandos.

558 611 654 697 Non
689 597 931 689 secundum
965 598 1066 714 quia
1101 595 1269 686 indulta
1320 628 1445 686 mere
1488 598 1651 716 gratiae
1699 629 1815 717 quae
1866 599 1907 686 iu
1964 601 2061 688 nul·

560 732 641 820 lius
675 723 835 812 cedunt
872 749 1127 838 gravamen,
1165 721 1346 808 minime
1398 751 1476 838 per
1513 751 1599 806 ιιοιι
1653 753 1777 809 usum
1836 722 2060 838 perimun-

561 869 647 954 tur,
680 843 1056 966 quemadmodum
1113 841 1169 932 de
1209 844 1448 961 privilegiis
1492 860 1669 961 agentes
1712 861 1864 930 tenent
1912 845 2061 934 Glosso

561 979 607 1066 itt
641 1003 733 1087 cop.
774 969 825 1056 Ut
853 966 1091 1084 priuilcpio
1121 968 1185 1056 24
1216 967 1281 1054 De
1317 964 1478 1054 Priuil.
1520 967 1635 1055 acrb.
1657 1039 1660 1046 .
1680 965 1812 1056 Sernel
1846 968 1891 1052 in
1922 1000 2049 1067 onae,

562 1095 713 1216 Enpel.
739 1091 815 1180 tit.
837 1094 866 1180 5
885 1094 1047 1180 Decret.
1072 1085 1140 1180 a't.
1161 1093 1277 1180 33η.
1303 1091 1376 1194 t9,
1402 1089 1587 1205 Pirltinp
1618 1089 1725 1178 itit.
1747 1123 1790 1178 n.
1814 1091 1921 1188 176.
1940 1090 2059 1212 licis-

561 1220 687 1345 senat.
726 1214 833 1304 ibid.
871 1247 913 1302 n.
971 1215 1079 1318 209,
1124 1232 1165 1302 et
1201 1215 1272 1302 atti
1310 1213 1485 1332 passim3
1511 1215 1944 1336 praeterquamquod
1979 1217 2057 1304 ob·

563 1341 729 1436 serrari
764 1355 957 1455 praestat
990 1367 1118 1426 usam
1155 1337 1448 1426 universalem
1484 1369 1568 1425 non
1605 1337 1752 1440 luisse,
1780 1369 1877 1426 cum
1906 1356 2055 1426 narret

566 1469 802 1586 Episcopus
836 1462 1067 1550 nonnullos
1101 1463 1312 1550 Puroeltos
1346 1461 1397 1548 ol>
1422 1464 1548 1549 initio
1566 1463 1674 1550 ltatrc
1700 1462 1870 1578 'araxim
1891 1461 1948 1550 de
1973 1495 2058 1552 nou

566 1584 831 1690 celebrando
866 1585 1034 1674 Missam
1076 1617 1153 1702 pro
1187 1586 1366 1705 populo,
1406 1586 1486 1673 nisi
1523 1585 1564 1672 in
1599 1582 1757 1674 diebus
1781 1583 1991 1704 praefixis
2018 1587 2058 1674 in

567 1710 751 1802 indultis
786 1708 908 1826 sequi
938 1735 1023 1794 non
1048 1709 1288 1796 dubitasse.
1326 1711 1663 1827 Quaqoarersus
1697 1739 1800 1827 ergo
1837 1739 1882 1796 re
1917 1709 2060 1828 inspe-

568 1854 636 1925 cta
672 1833 893 1922 videretur
933 1831 1052 1950 qnod
1103 1831 1367 1949 rescriptae
1401 1835 1446 1924 S.
1484 1835 1537 1922 ll.
1573 1833 1624 1922 C.
1662 1834 1842 1922 obtenta
1878 1834 2060 1924 minime

569 1975 771 2048 revocata
805 1955 982 2044 luerunt
1017 1985 1095 2074 per
1110 1955 1452 2072 publicationem
1488 1954 1738 2073 Encyelicae
1764 1955 2060 2044 delicatissimi

568 2079 880 2196 Redemptoris,
913 2078 1216 2194 Paraclrosqae
1251 2078 1471 2168 Dioecesis
1510 2079 1834 2170 suessionensis
1874 2111 2058 2196 possea

568 2207 717 2294 llissae
753 2233 833 2320 pro
868 2201 1032 2320 populo
1066 2201 1363 2318 applicatione
1389 2201 1609 2291 abstinere
1631 2201 1863 2292 celebratis
1888 2221 2057 2290 tantum

571 2330 711 2417 tribus
746 2324 967 2414 sacriticiis
1001 2323 1233 2442 quotannis
1255 2335 1309 2410 ad
1335 2326 1549 2414 eamdam
1590 2325 1722 2414 sunem
1775 2326 1832 2417 ad
1866 2328 2062 2418 tramites

577 2451 865 2550 indultorum,
903 2477 1018 2568 quae
1055 2446 1221 2535 iamdiu
1247 2447 1422 2534 luerunt
1456 2447 1653 2566 elargita.

693 2575 854 2662 Contra
888 2570 963 2659 scd
999 2601 1103 2657 vcro
1137 2571 1457 2658 animadvertas
1490 2590 1666 2690 oportet
1698 2571 1818 2690 quod
1853 2571 1964 2660 adeo
2000 2571 2058 2660 el·

570 2698 719 2788 lraena
753 2695 961 2783 ridentur
993 2691 1161 2782 indulta
1195 2726 1217 2780 a
1252 2696 1296 2782 S.
1338 2699 1388 2784 ll.
1415 2699 1463 2785 C.
1503 2697 1704 2784 Paraclris
1738 2695 2055 2786 Sacssionensi·

569 2823 652 2910 hus
685 2849 901 2919 concessa,
931 2835 976 2904 ut
1008 2847 1058 2906 ea
1095 2817 1282 2906 uoluerit
1304 2818 1501 2906 Pontifex
1526 2820 1566 2905 in
1593 2819 1782 2908 recitatis
1806 2818 1963 2906 litteris
1984 2849 2063 2908 re-

572 2969 741 3033 vocare.
780 2946 972 3029 Praestat
1006 2969 1157 3029 revera
1193 2941 1420 3028 instantiae
1469 2942 1603 3030 verba
1652 2942 1814 3030 relerre
1842 2981 1857 3019 ι
1889 2942 2057 3053 Quinto

576 3107 592 3150 ι
634 3067 812 3155 tandem
849 3063 964 3152 idem
1003 3065 1053 3151 ll.
1082 3065 1317 3183 Episcopus
1352 3067 1553 3182 exposuit
1586 3097 1690 3153 suae
1724 3066 1944 3154 Diuecesis
1980 3067 2061 3152 l'a·

572 3233 593 3270 ι
635 3190 784 3280 roelros
818 3189 901 3276 lruc
936 3217 1074 3307 usquc
1104 3187 1419 3276 existimavisse
1451 3219 1496 3276 se
1530 3188 1586 3276 ad
1636 3191 1811 3278 missam
1860 3219 1938 3304 pro
1984 3221 2061 3306 po·

578 3357 593 3395 ι
634 3315 743 3431 palo
777 3312 1082 3427 applicandam
1130 3342 1214 3398 non
1251 3311 1391 3398 teneri
1439 3314 1481 3398 in
1533 3312 1651 3399 lestis
1694 3315 1952 3404 Sanctorum
2005 3310 2062 3398 de

578 3471 597 3518 ι
634 3464 751 3524 anno
785 3435 896 3524 l80l
929 3435 1188 3550 suppressis:
1214 3465 1352 3552 quum
1377 3465 1479 3524 vero
1501 3453 1774 3550 compertum
1802 3435 1931 3522 lacrit
1954 3435 2064 3522 lianc

579 3602 594 3638 ι
637 3559 950 3676 obligationem
987 3557 1165 3645 omnino
1199 3574 1347 3644 extare
1372 3557 1595 3645 humiliter
1618 3559 1945 3649 Strtrctissimum
1974 3560 2065 3644 Do·

578 3725 595 3765 ι
637 3683 807 3771 minum
842 3679 1011 3795 rogavit
1038 3695 1086 3768 at
1116 3679 1173 3768 dc
1196 3679 1441 3795 Apostolica
1467 3681 1753 3798 benignitate,
1780 3700 1930 3770 sanata
1951 3711 2063 3799 qua·

578 3843 597 3888 ι
635 3835 825 3922 cumque
858 3803 1134 3918 praecedenti
1169 3803 1420 3904 omissione,
1460 3833 1592 3919 super
1640 3807 1722 3894 lroc
1769 3834 1904 3892 onere
1936 3835 2067 3922 pera-

581 3965 597 4009 ·
639 3948 809 4016 mantea·
841 3957 940 4014 eum
975 3925 1332 4014 saae‘Diaecesis
1378 3928 1577 4043 parochis
1620 3927 1845 4044 dispenset
1895 3969 1933 4016 ι.
1974 3931 2065 4016 lluc

575 4075 709 4168 porro
744 4050 951 4136 relatione
984 4049 1173 4167 inspectu
1216 4075 1329 4166 quac
1375 4050 1550 4139 ridetur
1588 4051 1947 4138 exonerationem
1993 4077 2064 4138 cx·

577 4174 800 4292 postulare
833 4205 855 4259 a
892 4172 962 4258 tali
997 4203 1131 4260 onere
1179 4203 1258 4288 pro
1311 4174 1512 4260 Paraelais
1547 4175 1589 4260 in
1647 4189 1906 4292 perpetuum
1959 4199 2065 4262 saue

576 4295 814 4396 Dioeeesis,
843 4324 927 4380 non
964 4325 1017 4383 ex
1053 4297 1317 4410 {irrupertutis
1352 4298 1653 4386 l’aroeciarum
1677 4297 1883 4386 earmniea
1915 4325 2059 4396 causa,

577 4420 653 4508 sed
692 4437 858 4506 tantum
893 4447 947 4504 ne
981 4437 1361 4536 compescerentur
1394 4420 1555 4508 abusus
1590 4421 1631 4507 in
1666 4449 1741 4508 suu
1765 4419 1965 4510 Dioeccsi
2001 4417 2066 4506 in-

578 4541 782 4644 troducti,
821 4573 906 4628 unu
940 4571 1039 4628 cum
1072 4543 1266 4656 supremi
1294 4541 1502 4660 Principis
1526 4543 1762 4660 posteriore
1785 4539 2064 4632 ordinatione

580 4665 625 4754 in
663 4698 749 4785 qua
782 4693 1062 4784 summopere
1095 4663 1214 4752 dolet
1248 4666 1305 4754 dc
1347 4666 1757 4768 consuetudinibus,
1799 4694 1913 4787 quae
1960 4662 2067 4781 qui-

576 4790 763 4898 busdam
801 4787 842 4873 in
889 4787 1083 4876 Ecclesiis
1130 4788 1408 4875 invaluerunt
1456 4791 1622 4876 llissam
1677 4819 1762 4878 non
1812 4785 2063 4904 applicandi

578 4943 659 5032 pro
691 4912 858 5030 populo
879 4911 921 4996 in
948 4911 1106 4998 diebus
1138 4910 1255 4999 lestis
1286 4912 1543 5026 suppressis
1570 4931 1703 5030 utque
1738 4911 1892 5028 spiritu
1927 4912 2066 5027 Euey-

579 5035 713 5124 clicae
744 5035 819 5153 qui
855 5035 898 5122 in
934 5065 986 5124 eo
1019 5034 1211 5122 consistit
1247 5048 1294 5120 ut
1327 5033 1509 5121 Paroelri
1544 5033 1600 5122 ad
1634 5035 1714 5122 ltae
1735 5034 1817 5122 sibi
1849 5033 2061 5126 debitum

577 5181 740 5246 munus
791 5151 1063 5262 revocentur,
1110 5155 1333 5245 videretur
1371 5157 1490 5274 quod
1540 5159 1733 5274 pratelata
1788 5157 1998 5275 rescripta
2039 5179 2067 5244 u

579 5283 626 5370 S.
666 5283 717 5369 ll.
754 5279 1104 5400 congregatione
1136 5281 1316 5368 obtenta
1367 5281 1552 5369 uoluerit
1594 5280 1790 5370 l'ontilex
1838 5309 2082 5378 revocure·

578 5407 646 5507 lle
679 5433 783 5491 sanc
816 5433 919 5494 uera
952 5405 985 5492 si
1025 5407 1224 5492 Pontilcrt
1268 5405 1359 5520 ipsu
1407 5405 1589 5494 olttcntu
1634 5431 1657 5491 a
1706 5405 2065 5524 quibuscumque

580 5527 788 5614 l’uruclris
817 5527 1030 5644 rescripta
1077 5525 1264 5614 voluerit
1300 5543 1520 5616 coarctare
1553 5526 1680 5618 donec
1728 5529 1915 5650 osterum
1949 5550 2067 5616 catur·
