4446 6330
638 327 721 418 Dic
753 328 815 420 '25
848 329 1045 420 Ianuarii
1077 331 1216 420 4879.
1611 331 1685 422 l3'

184 452 349 544 luntina
382 445 595 540 contracti
628 453 894 571 postulabat.
932 453 1182 576 Apostolica
1214 451 1366 560 Sedes,
1405 454 1467 542 uti
1499 483 1677 574 semper

184 581 228 667 in
264 576 395 666 rebus
432 573 539 664 tanti
573 577 784 665 momenti
817 577 1062 683 consuevit,
1101 577 1252 666 audita
1285 576 1596 668 informatione
1617 580 1677 669 ab

184 699 402 820 Episcopo
434 697 753 814 albinganensi
785 699 974 803 emissa,
1026 701 1245 818 praecepit
1293 717 1339 788 ut
1382 699 1438 789 ad
1473 729 1674 790 normam

185 819 541 940 Apostolicorum
580 821 992 927 Constitutionum‚
1036 853 1259 942 processus
1291 823 1503 940 regularis
1543 853 1688 942 super·

185 947 267 1035 hac
298 974 348 1032 re
382 943 426 1032 in
446 942 910 1064 CuriaAlbinganensi
944 945 1248 1052 conficeretur,
1283 947 1362 1065 qui
1395 945 1577 1064 quidem
1602 946 1685 1034 tri-1

183 1071 268 1158 bus
304 1066 506 1184 partibus
538 1083 721 1170 constat,
742 1085 785 1156 ct
807 1085 902 1158 uta
932 1069 1146 1186 principio
1179 1069 1264 1158 iam
1298 1070 1491 1174 monui,
1529 1069 1685 1159 omnia·

186 1220 306 1280 nunc
342 1189 514 1308 inipso
548 1189 784 1294 habentur,
821 1221 936 1310 quae
967 1191 1097 1282 Curio
1129 1191 1426 1310 Albingancn.
1462 1221 1515 1280 en
1550 1207 1685 1310 purte

187 1312 471 1402 Violantinao
504 1313 706 1401 obtinere
739 1315 898 1430 potuit.
925 1317 1060 1403 Deest
1082 1331 1282 1434 exparte
1313 1315 1509 1404 mulieris
1541 1313 1684 1431 depo-³

186 1436 287 1526 sitio
323 1434 497 1524 testium
532 1437 730 1551 septimae
760 1469 904 1524 monus
936 1435 1048 1526 lacta
1072 1469 1095 1526 a
1119 1437 1449 1556 consanguineis
1486 1437 1557 1526 vel
1590 1435 1681 1526 affi-

188 1559 326 1648 nibus
358 1557 637 1646 Violantinae
670 1559 821 1678 ipsius.
868 1563 1001 1649 Dccst
1041 1563 1302 1650 Procurator
1350 1560 1426 1680 qui
1465 1559 1684 1649 Violanti·

189 1711 293 1770 nam
331 1698 645 1798 repraesentet,
685 1700 830 1770 tamen
863 1681 1079 1800 depositio
1110 1686 1250 1771 iurata
1283 1712 1415 1800 super
1448 1681 1581 1798 ipsius
1604 1711 1682 1770 vc·-

189 1802 412 1892 ridicitate
443 1801 553 1891 lacta
593 1803 814 1893 invenitur
845 1837 869 1893 a
901 1822 1070 1922 septem
1116 1805 1299 1894 testibus
1340 1835 1394 1895 ex
1424 1803 1579 1894 vicinis
1612 1833 1683 1892 sem

192 1925 327 2027 lectis,
369 1959 393 2013 a
425 1925 657 2015 defensore
691 1927 854 2018 vinculi
878 1928 1224 2033 matrimonialis,
1256 1928 1318 2016 uti
1344 1927 1557 2045 praecipit
1580 1957 1683 2045 per-³

192 2047 379 2138 celebris
412 2048 672 2137 Constitutio
705 2050 926 2140 Benedicti
970 2053 1074 2140 XlV
1104 2050 1134 2140 l.
1177 2083 1214 2139 r.
1261 2081 1376 2170 quae
1413 2049 1565 2167 incipit
1601 2049 1683 2137 Dei

194 2172 484 2260 Miserotionc.
536 2173 797 2262 Procurator
850 2173 1008 2263 iterum
1057 2189 1190 2291 atque
1234 2173 1395 2260 iterum
1440 2173 1684 2290 expostula·

194 2311 259 2382 tus
294 2293 379 2382 luit
413 2325 435 2381 a
473 2293 607 2384 Curia
638 2296 883 2416 Episcopali
917 2314 959 2382 et
992 2311 1079 2384 tum
1116 2295 1368 2384 Violautina
1391 2323 1526 2414 quam
1549 2295 1684 2384 irater

163 2443 167 2450 ·
196 2417 332 2535 ipsius
369 2445 474 2505 cum
507 2422 772 2508 constituere
808 2435 1069 2508 renuerunt.
1117 2421 1253 2506 Deest
1284 2417 1419 2506 etiam
1466 2418 1682 2535 inspectio

192 2540 388 2658 corporis
423 2540 700 2629 Violantinae
732 2571 785 2630 co
818 2544 921 2664 qnia
956 2541 1048 2659 ipso
1094 2571 1193 2631 eam
1240 2539 1519 2658 pertinaciter
1557 2571 1685 2629 recu-

197 2665 323 2752 savit.
1679 2709 1682 2716 ⁴

319 2785 571 2873 Franciscus
592 2785 778 2876 iuterim
791 2806 839 2877 ut
859 2792 997 2879 Rmus
1014 2787 1250 2906 Episcopus
1263 2785 1561 2902 albinganen.
1582 2785 1685 2872 scri·

197 2909 264 2996 bit
297 2907 342 2995 in
377 2939 452 2996 sua
485 2911 668 3026 epistola
701 2909 978 3000 inlormativa
1012 2913 1098 3000 sub
1146 2909 1219 2998 die
1267 2909 1326 2996 t5
1359 2908 1497 2997 llartii
1531 2905 1688 2996 decur-

197 3030 332 3120 rentis
366 3032 488 3136 anni,
525 3033 861 3152 ingratissimo
901 3051 1103 3124 aeternae
1151 3031 1442 3121 damnationis
1487 3028 1687 3148 periculo

198 3153 468 3258 constitutus,
514 3155 820 3246 miserabiliter
866 3157 1102 3247 invenitur.
1156 3155 1250 3247 Sibi
1298 3154 1417 3244 enim
1463 3150 1688 3272 copulavit

202 3291 427 3365 contractu
460 3280 575 3368 civili
610 3280 738 3375 aliam
774 3279 1020 3385 mulierem,
1048 3308 1147 3368 cnm
1170 3309 1255 3398 quo
1278 3279 1368 3367 iam
1402 3307 1481 3395 per
1503 3271 1689 3394 aliquod

202 3417 376 3515 tempus
406 3400 530 3507 vixit,
568 3403 806 3522 desperans
838 3433 963 3520 posse
1010 3404 1212 3491 obtinere
1244 3399 1509 3490 solutionem
1541 3395 1688 3487 lllatri·

201 3522 339 3609 monii
372 3553 474 3612 cum
507 3527 759 3618 Violantina
808 3526 1034 3616 contracti.
1070 3525 1275 3614 Attamen
1309 3526 1481 3614 altuino
1513 3519 1689 3638 Episco-

201 3675 258 3760 po
293 3644 532 3739 advocatus
564 3666 608 3739 et
639 3682 717 3771 spe
750 3647 997 3756 roboratus,
1035 3647 1154 3768 quod
1189 3645 1369 3737 tandem
1402 3659 1600 3765 optatam
1617 3671 1691 3730 so·

202 3765 415 3856 lationem
449 3771 716 3864 Matrimonii
741 3773 978 3877 obtineret,
1004 3787 1226 3890 separatus
1259 3783 1461 3858 remanet
1483 3799 1509 3856 a
1529 3761 1691 3853 mulie-

200 3917 249 3976 re
282 3918 392 3977 cum.
417 3925 504 4014 qua
539 3897 717 3987 virebat
749 3909 793 3986 et
818 3895 1000 3984 monitis
1019 3894 1218 4012 llpisoopi
1243 3893 1571 4010 obtemperans,
1607 3916 1687 3977 exe

203 4026 349 4128 pectet
381 4019 661 4136 Apostolicac
693 4017 820 4112 Sedis
850 4018 1136 4108 decisionem.

331 4137 459 4230 llisce
496 4141 784 4261 praehabitis,
821 4155 869 4228 ut
900 4141 1010 4230 circa
1038 4139 1151 4229 hanc
1177 4169 1368 4245 causam,
1395 4163 1616 4256 quaenam
1640 4132 1695 4221 sit

205 4283 302 4346 mea
335 4266 553 4355 sententia
584 4265 740 4356 melius
773 4281 1000 4383 appareat,
1037 4262 1286 4353 statuendos
1313 4261 1425 4352 duco
1458 4269 1695 4378 sequentes

205 4384 541 4498 propositiones

337 4508 468 4628 Prop.
504 4513 549 4600 l.
584 4514 648 4598 Ex
680 4510 848 4600 actibus
880 4507 1225 4627 prooessualibus
1256 4507 1358 4596 satis
1392 4501 1570 4594 abunde
1590 4527 1694 4618 pro-

205 4628 363 4718 batum
398 4649 599 4723 remanet
631 4633 753 4754 quod
797 4632 1120 4722 llatrimonium
1163 4627 1379 4718 Francisci
1421 4627 1546 4715 Pinna
1589 4650 1692 4711 cum

206 4751 460 4846 Violantina
493 4756 700 4860 Arduini,
739 4756 950 4846 remansit
983 4752 1291 4844 tantummodo
1341 4763 1503 4840 ratum.

334 4879 557 4970 llabemus
575 4877 797 4999 siquidem
813 4879 933 4998 quod
950 4879 1169 4998 Coniuges
1206 4905 1306 4966 cum
1325 4872 1574 4962 iuramento
1591 4893 1703 4956 asac-

208 5011 313 5084 runt
333 5029 559 5124 nunquam
583 5002 911 5092 Matrimonium
948 5029 1288 5092 consummasse.
1313 4998 1535 5086 llabetnus
1565 4991 1700 5080 etiam

207 5119 328 5237 quod
352 5139 483 5216 testes
517 5125 573 5217 ad
606 5155 791 5214 examen
827 5124 969 5214 vocati
987 5123 1128 5213 lormc
1152 5121 1418 5212 unanimiter
1447 5117 1697 5234 deponunt,

207 5244 330 5360 quod
352 5251 501 5366 sponsi
526 5277 773 5369 numquam
793 5244 1117 5349 cohabitarunt,
1139 5261 1182 5334 et
1203 5243 1239 5332 si
1262 5240 1416 5361 aliquis
1431 5241 1513 5330 hoc
1533 5237 1701 5328 lactum

204 5363 409 5483 ignorare
440 5372 639 5494 deponit,
676 5372 820 5460 nullus
852 5369 1003 5460 asserit
1035 5395 1215 5488 sponsos
1235 5364 1523 5467 cohabitasse,
1551 5381 1597 5452 et
1614 5361 1696 5450 hoe

205 5485 294 5577 iam
327 5493 511 5586 solidam
544 5495 856 5615 probationem
887 5491 1109 5621 constituit
1152 5519 1241 5580 non
1274 5502 1450 5580 secutae
1497 5510 1701 5579 consum·

1854 201 1900 258 f.
