4530 6336
722 359 805 445 Die
837 357 897 447 26
929 358 1036 446 tetta·
1070 359 1207 448 tero.
1624 358 1717 452 325

219 511 306 570 essa
343 476 583 566 condacense
615 511 690 566 see
721 480 848 600 fipiia
881 481 994 568 nella
1026 513 1191 569 cantara
1223 479 1457 600 coaiapate,
1495 479 1533 566 it
1556 481 1714 599 Siqnor

222 605 270 692 di
303 601 509 690 Bosrnelet
557 603 669 690 endo
718 633 745 688 a
789 619 957 694 troeere
1000 605 1142 694 niceni
1180 603 1349 692 de'saoi
1386 607 1603 704 cernereti,
1641 605 1715 694 che

223 729 401 814 sierano
434 725 589 812 riaaiti
617 755 695 840 per
739 726 903 845 samaro
937 729 981 812 ia
1013 760 1096 814 ana
1129 757 1291 813 camere
1324 724 1393 812 tet
1441 725 1630 828 aestatim
1654 762 1716 818 re·

226 851 290 938 sti>
322 846 401 934 dae
434 878 504 934 ore
536 879 609 934 eon
643 850 721 935 essi
753 881 774 934 e
806 880 887 934 non
919 851 1145 964 rappiense
1166 879 1240 936 saa
1274 848 1443 964 irreptio,
1481 848 1551 936 cte
1584 883 1610 937 e
1636 853 1718 966 piis

227 971 275 1060 di
309 969 387 1058 dec
419 999 491 1054 ore
529 968 598 1058 aa
632 973 822 1068 rrtettino,
880 1001 958 1059 ceu
994 991 1112 1060 actor
1144 985 1326 1060 testatus
1358 987 1439 1072 est,
1473 989 1515 1058 et
1548 1003 1626 1060 suo
1659 975 1714 1062 si·

223 1095 356 1184 leutio
390 1089 621 1182 confirmat
655 1125 829 1210 sponsa,
867 1123 980 1214 quae
1031 1095 1313 1210 interrogata:
1371 1095 1432 1182 Vi
1466 1093 1520 1180 Ιια
1558 1096 1643 1212 apli
1676 1096 1713 1182 il

224 1219 376 1335 piarem
408 1231 531 1302 stesso
556 1215 625 1302 tet
659 1219 926 1304 matrimonia
964 1216 1214 1306 dimostrato
1238 1217 1617 1316 tetrartemoria,
1644 1249 1715 1306 oe-

228 1371 323 1428 uero
355 1339 425 1424 ets'
459 1337 755 1459 indifferenza,
791 1373 813 1427 n
852 1339 1000 1428 dando
1037 1369 1244 1457 responso
1272 1340 1485 1426 abstinuit
1522 1380 1538 1418 t
1581 1340 1711 1430 aetra

226 1463 277 1551 to
311 1493 337 1548 a
369 1460 631 1575 rispandere.
665 1466 796 1551 »lmo
834 1465 909 1552 vix
959 1495 1008 1552 ac
1043 1464 1188 1582 sponsi
1235 1461 1449 1580 oppidum
1486 1464 1711 1552 Bosmelet

228 1583 552 1676 contenderunt
611 1617 693 1670 ana
727 1617 854 1673 messe
877 1671 885 1678 ,
902 1586 952 1704 sa
998 1585 1111 1675 detta
1146 1585 1258 1672 aelia
1291 1583 1500 1699 Coppelle
1534 1584 1605 1676 det
1638 1587 1716 1672 Ca·

229 1707 366 1809 stelle,
425 1721 468 1792 et
514 1735 673 1824 magna
715 1737 813 1797 cum
848 1709 1047 1796 omnium
1080 1709 1373 1797 admiratione
1407 1721 1605 1795 notatum
1637 1709 1717 1796 tuit

226 1830 297 1917 cita
329 1830 365 1914 ii
395 1829 486 1944 Sip.
524 1831 727 1917 Bosmetct
761 1861 884 1918 uentre
916 1833 1006 1919 eide
1034 1831 1243 1947 Coppelle
1276 1863 1397 1920 senza
1431 1863 1505 1916 sea
1539 1831 1712 1947 moytia,

231 1954 301 2040 cite
333 1983 458 2040 ecana
506 1953 597 2038 sota
645 1983 747 2094 poco
797 1954 933 2070 dopo,
986 1985 1064 2042 eeu
1105 1955 1239 2042 vidua
1279 1955 1528 2042 Duiorestoi
1561 1968 1607 2042 et
1642 1954 1726 2042 Riw

228 2077 351 2164 vi'ere
383 2091 534 2192 aperte
562 2077 860 2164 testimonium
896 2079 1146 2196 perhibent,
1179 2111 1240 2164 «o
1272 2080 1309 2165 si
1341 2075 1495 2164 eedeea
1527 2109 1600 2162 con
1635 2109 1715 2164 me·

229 2198 420 2312 reeipiia
451 2195 522 2285 cite
553 2198 617 2314 pli
650 2201 763 2314 spesi
796 2231 876 2286 non
909 2202 1123 2287 sortieeno
1159 2201 1342 2298 insieme,
1369 2199 1489 2286 eche
1522 2197 1718 2286 taedema

227 2319 433 2408 Bosmeiet
464 2351 536 2407 era
569 2338 728 2409 serente
758 2323 925 2437 pertita
946 2323 1092 2420 εοίιι,ι
1121 2323 1260 2410 veluti
1296 2321 1477 2410 adnotat
1496 2323 1717 2440 Euge-nius

227 2444 452 2532 Petietier.
491 2446 637 2562 Atque
675 2446 788 2532 inter
828 2445 1086 2535 domesticos
1122 2448 1310 2586 parietes
1344 2447 1537 2585 ipsprum
1580 2443 1717 2532 animi

227 2567 287 2655 ita
325 2583 448 2654 erant
498 2568 732 2655 abalienati
771 2587 820 2656 ut
851 2599 945 2656 sese
986 2568 1170 2656 minime
1218 2569 1277 2656 uti
1328 2568 1531 2683 coniuges
1583 2597 1717 2682 repu-
1740 2637 1743 2646 .

230 2705 388 2778 tarent.
437 2693 671 2777 Testantur
703 2691 749 2780 id
783 2693 987 2808 cotringes
1022 2692 1267 2794 Beaadoiu,
1295 2691 1369 2807 qui
1411 2707 1511 2776 tutte
1547 2707 1717 2804 tempo·

229 2813 288 2898 ris
337 2813 379 2898 in
430 2811 772 2901 domesticorum
807 2815 1022 2931 qualitate
1066 2815 1258 2902 familiae
1291 2813 1511 2900 Bosmoiet
1554 2807 1718 2898 addicti

235 2934 503 3036 fuerant;1i
554 2935 709 3051 Sipeor
755 2936 804 3023 di
857 2937 1062 3024 Basternict
1115 2938 1284 3024 ebitete
1328 2936 1394 3022 nei
1431 2967 1503 3020 seo
1548 2933 1719 3020 castella

234 3087 319 3146 erte
346 3087 509 3146 caerae
552 3077 800 3174 separatae
842 3092 923 3146 nort.
960 3059 1286 3147 consideratae
1270 3092 1314 3144 tn
1348 3057 1498 3146 alcano
1532 3057 1719 3152 inaniora

233 3181 276 3268 le
297 3180 481 3296 Sipnera
505 3181 552 3268 di
570 3181 684 3302 Clees
698 3181 889 3268 d'Hostet
913 3215 1022 3269 corne
1044 3217 1117 3270 sea
1133 3183 1300 3300 treptie.
1318 3183 1396 3268 Citi
1420 3180 1492 3267 che
1522 3211 1604 3266 non
1627 3209 1719 3266 sor·

227 3304 441 3420 praedone
472 3305 636 3402 eiectae,
672 3304 821 3419 perciti
855 3307 953 3393 tatti
969 3333 1172 3420 saponaria
1201 3306 1273 3392 che
1297 3337 1383 3392 esso
1407 3333 1480 3391 ere
1497 3317 1604 3390 stato
1628 3333 1717 3388 ant·

235 3427 436 3542 ampliato
486 3452 629 3515 contro
672 3459 745 3514 saa
778 3429 959 3515 notaret.
997 3429 1067 3514 De
1104 3459 1177 3515 sae
1210 3443 1334 3545 parte
1375 3429 1417 3514 ta
1453 3425 1637 3544 Sipnora
1671 3423 1720 3510 di

234 3549 563 3669 Ghes-d’Hostei
595 3554 721 3667 epioe
767 3583 875 3638 come
923 3552 959 3639 le
988 3583 1147 3666 pareva
1183 3620 1192 3638 .
1236 3621 1243 3639 .
1287 3621 1296 3639 .
1339 3619 1348 3638 .
1385 3551 1434 3639 Sc
1466 3583 1515 3636 ac
1547 3548 1719 3636 andana

232 3672 398 3790 qnando
435 3674 581 3761 aeteva
617 3741 627 3761 .
670 3742 678 3760 .
720 3739 729 3760 .
773 3741 781 3758 .
818 3673 870 3760 ed
895 3709 949 3760 an
982 3677 1134 3790 qiorao
1165 3676 1204 3761 io
1231 3675 1413 3762 leintesi
1448 3671 1544 3760 dire
1570 3703 1714 3758 neore

232 3795 359 3882 meite
398 3797 502 3894 elta,
544 3797 614 3884 elta
655 3828 741 3882 essa
768 3827 846 3882 non
880 3797 1153 3886 consideratae
1191 3797 1226 3884 st
1263 3800 1418 3913 Sipaor
1442 3795 1489 3883 di
1513 3795 1718 3883 Bonneiet

236 3949 345 4006 conte
378 3949 450 4006 sao
484 3921 654 4008 atterite.

245 4099 247 4110 ·
359 4043 504 4160 Atque
549 4071 694 4131 cemes
740 4043 1077 4160 D’Onsombray
1110 4042 1244 4131 tidem
1294 4043 1397 4131 feeit
1442 4071 1489 4130 se
1529 4041 1722 4128 anticum

235 4166 459 4252 Bosmelet
496 4156 587 4252 sive
611 4165 807 4253 Lutetiae
839 4166 1103 4254 Parisiorum
1138 4167 1229 4254 sive
1272 4169 1317 4252 in
1343 4165 1508 4282 oppido
1532 4167 1722 4251 Bosme·

233 4286 293 4374 let
331 4305 678 4376 commorantem
713 4285 889 4391 vidisse,
914 4305 957 4377 et
982 4310 1267 4430 nqmqunm
1252 4289 1373 4378 Vi
1407 4289 1459 4375 ho
1484 4301 1646 4372 treenta
1672 4285 1723 4370 ta

235 4409 483 4528 Sipnoradi
505 4410 629 4531 Ches-
632 4411 842 4510 d',Hostei
881 4412 953 4499 elta
989 4413 1134 4499 eioeea
1163 4427 1409 4529 seprepate,
1450 4409 1653 4525 ptetnmei
1686 4408 1725 4492 si

230 4533 417 4648 perteue
455 4533 503 4620 di
537 4567 644 4636 essa;
679 4533 871 4653 qaasiolri
905 4535 948 4621 ie
980 4535 1561 4622 medesimenonesistesse.
1591 4527 1718 4616 Unde

148 4705 152 4716 ·
236 4685 411 4746 omnem
447 4660 687 4800 quaerebat
718 4658 987 4746 occasionem
1037 4658 1289 4749 deserendi
1317 4653 1593 4772 coniugalem
1632 4651 1721 4738 do-

235 4799 358 4866 mum
397 4782 467 4868 vet
503 4781 668 4869 itineris
702 4782 770 4868 vel
805 4781 1048 4870 venationis
1071 4811 1214 4883 causa,
1244 4810 1388 4898 neque
1423 4777 1717 4894 impedimen·

239 4917 333 4988 tum
369 4903 529 5019 posuit,
566 4922 615 4991 ut
649 4935 759 4991 uxor
791 4923 920 4993 noctu
964 4905 1238 5022 eortiugeiem
1284 4903 1466 4992 domum
1500 4899 1721 4988 desereret

235 5039 281 5111 ct
312 5023 368 5112 ad
401 5025 673 5145 propinquos
705 5025 972 5144 contegeret.
1012 5027 1134 5116 Adeo
1168 5039 1316 5115 autem
1350 5025 1456 5142 quin
1481 5022 1717 5123 minueret,

235 5145 281 5233 iu
313 5147 410 5236 dies
443 5150 686 5266 antipathia
717 5149 870 5238 odium
905 5167 1046 5268 atque
1070 5151 1223 5237 horror
1267 5151 1510 5236 increverat
1545 5161 1592 5233 ut
1626 5160 1721 5230 tan·

237 5269 339 5358 dem
374 5272 607 5391 aliquando
644 5273 913 5376 institutum,
953 5289 1088 5391 atque
1131 5273 1188 5360 nd
1236 5273 1405 5360 exitum
1454 5269 1722 5386 perductum

236 5393 321 5482 fuit
353 5426 491 5513 penes
524 5395 652 5485 civile
684 5395 876 5484 tribunal
908 5394 1194 5512 separationis
1229 5395 1455 5485 iudicium.
1482 5394 1609 5481 Hisce
1632 5416 1722 5477 om

237 5518 387 5659 uibus
377 5517 624 5661 fastigium
659 5519 848 5660 imponit
881 5546 1117 5638 germanus
1152 5517 1285 5608 irater
1317 5517 1433 5605 Petri
1473 5511 1721 5612 Gratianus,

240 5630 330 5759 qai
348 5643 572 5732 communi
606 5643 737 5732 matri
770 5643 965 5734 scribens
987 5657 1253 5762 protestatur
1275 5641 1426 5732 nolle
1416 5640 1611 5730 tur·itum
1627 5665 1726 5724 mu
