4350 6326
620 369 700 457 Dic
733 368 796 455 20
831 365 1064 456 Deamtrts
1097 368 1235 458 t879.
1583 370 1674 460 ete
1755 461 1759 470 ,

164 521 274 584 ram
308 490 525 582 simoniae
560 491 683 580 cuius
717 491 884 580 malitia
907 490 991 580 sita
1018 509 1078 578 est
1107 493 1149 578 in
1182 509 1439 612 contemptu
1472 491 1537 580 rei
1571 495 1670 611 spi*

169 615 351 706 ritualis
387 612 628 704 formaliter
656 631 858 732 sumptae
891 631 935 702 et
969 645 1054 702 uon
1107 615 1420 716 materialiter,
1464 617 1666 736 adeoquo

169 741 273 830 eius
302 737 465 825 malitia
502 735 982 854 utpoteiudivisibilis
1030 753 1117 825 tota
1164 768 1341 856 semper
1382 739 1544 826 relucet
1583 757 1669 828 tam

169 863 221 949 in
259 892 414 978 magno
437 891 569 980 quam
607 862 648 946 in
680 891 817 980 parvo
856 859 1033 948 Giroldt'
1063 862 1106 948 in
1122 863 1280 978 paral
1324 857 1403 948 tit.
1433 864 1461 948 5
1498 859 1663 952 Deerat.

171 988 249 1075 tit.
284 987 311 1073 3
348 999 442 1072 sect.
465 986 572 1071 760.

306 1106 508 1196 Tandem
544 1105 697 1192 inutile
748 1106 857 1193 loret
905 1135 1128 1196 recurrere
1173 1107 1229 1196 ud
1272 1125 1443 1226 tempus
1487 1108 1668 1198 solutio·

174 1234 383 1336 niseum
420 1261 505 1316 nou
546 1247 872 1348 appareatque
913 1245 1111 1346 tempore
1138 1260 1276 1318 canon
1319 1232 1396 1317 iste
1446 1231 1659 1320 solvatur.

171 1353 408 1476 Siquidem
428 1351 611 1440 variatio
636 1351 845 1468 temporis
874 1353 914 1438 in
935 1353 1147 1441 solvendo
1168 1384 1251 1440 nou
1279 1371 1449 1442 excusat
1496 1371 1668 1444 contra·

171 1497 296 1568 etum
329 1475 434 1566 alias
457 1473 655 1562 illicitum
680 1506 759 1562 ceu
786 1475 1224 1590 ponderatPr'rln'nq.
1249 1474 1328 1564 lor.
1349 1479 1420 1564 ct't.
1446 1509 1490 1564 n.
1508 1479 1567 1564 37
1593 1478 1669 1566 ubi

172 1600 313 1689 relert
337 1596 666 1714 dispositionem
688 1598 927 1684 lnuorentii
953 1599 995 1686 in
1024 1629 1119 1715 cap.
1154 1602 1213 1686 315
1257 1605 1319 1686 lle
1336 1599 1547 1691 Simonia.
1569 1599 1662 1690 Au-

173 1723 325 1814 diatur
345 1750 450 1811 sane
474 1763 487 1796 ·
508 1718 719 1810 Similiter
732 1721 965 1810 simoniam
985 1753 1075 1810 esse
1090 1753 1168 1838 pro
1181 1721 1423 1814 chrismate
1436 1722 1666 1842 pecuniam

180 1887 199 1926 ι
240 1843 506 1964 exigero,vel
526 1841 954 1960 accipere,statutum
973 1845 1102 1933 etiam
1123 1847 1307 1934 habetur
1326 1845 1368 1932 iu
1387 1877 1426 1935 c.
1445 1849 1488 1932 in.
1511 1860 1668 1932 tontrnn

182 2013 200 2048 ι
243 1973 302 2058 36
335 1967 377 2055 lr.
402 1984 432 2056 t.
456 1995 558 2054 uam
584 1965 763 2082 quidam
788 1967 1072 2086 Suffragauei,
1095 1969 1418 2060 Cantuariensis
1441 1969 1664 2086 Archicpi·

180 2133 199 2172 ι
241 2091 393 2208 scopi,
431 2108 747 2178 consueverunt
798 2109 962 2180 certam
1009 2091 1298 2213 quantitatem
1338 2092 1551 2210 pecuniae
1586 2123 1666 2207 pro

181 2257 199 2296 ι
240 2215 482 2306 Chrismate
508 2211 717 2326 recipere,
757 2244 843 2300 uon
882 2233 1123 2302 metuentes
1159 2215 1237 2333 (iu
1279 2213 1506 2303 codicibus
1548 2215 1668 2300 Vati·

179 2379 197 2416 ι
240 2339 385 2439 cauis,
427 2353 469 2423 et
501 2335 767 2452 quibusdam
803 2335 901 2424 aliis
936 2338 1152 2424 omittitur
1185 2335 1316 2424 dictio
1350 2371 1447 2435 non,
1492 2355 1538 2424 ut
1573 2369 1663 2423 no·

182 2503 200 2540 a
244 2479 302 2549 tat
326 2460 389 2578 ql.
426 2489 561 2572 morp.
590 2455 696 2578 tic.)
727 2489 911 2574 poenam
947 2463 1199 2548 canonicam
1236 2459 1379 2578 (quae
1404 2477 1467 2546 cst
1491 2459 1669 2577 deposi-

180 2625 198 2662 ι
242 2585 384 2686 tionis,
422 2615 458 2669 c.
491 2579 568 2666 ult.
607 2583 753 2668 eous.l
786 2615 827 2698 q.
846 2582 892 2703 3)
928 2603 970 2671 et
1015 2583 1326 2672 correctionem
1364 2582 1543 2671 eludere
1577 2615 1665 2671 cu·-

181 2749 200 2786 .
240 2707 425 2826 pientes,
452 2703 749 2820 anticipabant
771 2719 945 2822 tempus
979 2706 1237 2806 solutionis,
1274 2705 1590 2824 praecipientes
1618 2705 1660 2790 in

182 2869 199 2910 a
241 2829 387 2920 media
419 2825 770 2946 quadragesima,
806 2829 925 2946 quod
964 2829 1157 2945 recipcre
1180 2847 1494 2918 consueverant
1520 2827 1562 2914 in
1582 2830 1663 2915 Pa·-
1785 2921 1792 2936 ‚

183 2995 200 3036 r
238 2953 415 3050 senate,
441 2967 485 3040 et
508 2947 678 3038 Nomen
698 2949 982 3042 denariorum
1018 2953 1245 3042 variabant
1268 2988 1278 3058 ;
1319 2984 1419 3038 nam
1453 2949 1662 3040 denarios

182 3117 199 3158 ι
238 3103 347 3194 quos
383 3075 504 3194 prius
531 3073 807 3178 Chrismales,
845 3091 997 3191 postea
1030 3077 1256 3166 paschales
1291 3065 1520 3175 vocabant,
1562 3103 1665 3160 con-

182 3241 199 3280 «
239 3199 516 3288 suetudinem
554 3195 724 3284 mediae
758 3197 1119 3316 quadragesimae
1144 3203 1463 3318 nuncupantes.
1504 3200 1665 3284 Perve-

182 3364 201 3404 ι
240 3322 301 3410 uit
341 3322 421 3411 hoe
451 3320 508 3410 ad
545 3321 740 3406 notitiam
779 3323 919 3437 Papae
954 3323 1195 3411 lnuoecntii
1231 3325 1287 3408 lll
1311 3321 1385 3442 qui
1415 3317 1661 3436 respondit,

184 3450 211 3526 a
239 3475 338 3533 cum
379 3445 515 3564 gratia
557 3443 610 3530 sit
650 3443 783 3561 gratis
819 3439 1107 3546 conferunda,
1147 3462 1189 3531 et
1221 3446 1298 3562 qui
1336 3444 1458 3562 prius
1496 3427 1664 3580 recepit

183 3611 200 3648 a
239 3569 426 3686 pretium
480 3597 616 3689 quam
654 3566 847 3654 conferat
886 3597 976 3654 rem
1031 3567 1264 3684 pretiosam
1307 3567 1510 3687 (emptor
1546 3593 1666 3651 curm

183 3734 200 3772 a
241 3691 361 3808 prius
398 3709 571 3780 tenetur
603 3687 762 3778 offerre
804 3687 1033 3806 pretium,
1086 3720 1220 3810 quam
1255 3689 1459 3779 venditor
1488 3688 1527 3777 ei
1566 3715 1662 3774 rem

182 3855 198 3894 ι
241 3814 381 3904 tradat
408 3815 439 3902 l.
460 3814 649 3902 lulianus
680 3809 738 3900 l3
764 3811 809 3934 S.
831 3811 993 3933 Offcrrr'
1012 3813 1063 3935 ff.
1096 3813 1148 3900 de
1180 3829 1260 3900 oct.
1282 3832 1406 3926 ernpt.
1428 3811 1489 3928 pl.
1518 3809 1585 3896 laic
1626 3807 1671 3894 V

181 3979 200 4018 ι
236 3939 309 4054 qui
348 3939 490 4053 prius:
537 3931 617 4024 etsi
673 3940 861 4052 pretium
915 3938 1147 4052 praecedat
1196 3933 1475 4024 traditionem
1533 3933 1667 4050 magis

182 4101 199 4142 r
240 4061 491 4150 declaratur
521 4059 731 4164 venditio,
766 4085 863 4147 cum
901 4059 1073 4150 traditio
1102 4061 1163 4147 rei
1204 4058 1297 4146 lieri
1332 4059 1466 4147 soleat
1502 4087 1554 4144 ex
1590 4085 1664 4142 va·

185 4227 201 4262 r
243 4183 317 4272 riis
353 4183 664 4290 contractibus,
700 4213 786 4271 nou
826 4181 930 4268 item
956 4183 1147 4286 traditis,
1187 4213 1262 4270 seu
1304 4177 1462 4272 solutio
1514 4169 1664 4296 pretii.

181 4347 199 4386 ι
238 4305 349 4396 Att.
401 4306 469 4394 laic
522 4339 638 4394 nuru.
671 4307 701 4394 2
734 4323 819 4392 not.
865 4305 930 4424 3).
985 4305 1148 4394 ldeirco
1200 4303 1375 4392 mandat
1418 4307 1533 4419 Papa
1584 4299 1667 4388 Ar·

184 4473 200 4508 ι
241 4429 518 4550 chiepiscopo
553 4449 613 4518 ut
646 4428 897 4517 huiusmodi
945 4459 1144 4516 <excessus
1183 4429 1394 4544 corrigat,
1433 4443 1474 4514 et
1501 4421 1666 4514 Sullra·

184 4597 200 4632 ι
241 4585 404 4672 gaueos
440 4584 542 4644 suos
565 4583 806 4670 eorumque
829 4549 1042 4640 Officiules
1074 4584 1098 4640 a
1134 4567 1220 4640 tam
1255 4551 1402 4637 illicita
1442 4545 1666 4636 exactione

181 4717 200 4758 a
241 4695 503 4794 compescat,
532 4707 588 4766 ue
621 4677 807 4764 aliorum
832 4675 959 4793 culpa
988 4674 1067 4792 ipsi
1094 4676 1152 4762 ob
1185 4702 1306 4762 suam
1334 4669 1663 4790 negligentiam,

182 4839 200 4880 r
241 4803 486 4917 imputetur
530 4800 585 4888 ad
622 4828 830 4916 poenam:
867 4801 984 4917 quia,
1029 4815 1073 4884 ut
1105 4797 1228 4886 addit
1266 4797 1328 4913 pt.
1368 4795 1435 4882 ln'c
1467 4828 1505 4879 u.
1544 4786 1668 4879 Alio·

184 4963 203 5002 a
241 4955 354 5021 rum,
395 4925 671 5014 subditorum
714 4921 872 5012 delicta
901 4923 1172 5037 imputantur
1199 4919 1427 5008 Praelatis.
1448 4907 1561 5006 Hinc*
1580 4903 1665 5002 col·

182 5085 199 5124 r
242 5046 407 5164 ligitur,
439 5046 561 5168 quod
593 5047 777 5134 variatio
825 5045 1034 5162 temporis
1063 5043 1104 5130 iu
1129 5043 1359 5154 solvendo,
1383 5041 1450 5128 vel
1477 5037 1663 5164 mutatio

181 5209 198 5248 ι
239 5171 438 5257 Nominis
471 5201 555 5260 nou
589 5186 766 5259 excusat
798 5184 1073 5258 contractum
1102 5169 1207 5254 alias
1242 5167 1576 5288 illicitum....·.

301 5294 529 5405 Quatenus
566 5323 670 5382 vero
694 5292 735 5378 iu
773 5293 1020 5412 negativam
1056 5283 1220 5380 abserat
1252 5288 1335 5376 EE.
1364 5289 1457 5374 VV.
1494 5301 1670 5375 senteu-

163 5414 282 5522 tiam
313 5417 394 5506 nar
421 5445 557 5538 super
586 5411 842 5537 quaestione
877 5414 1054 5503 videant
1088 5445 1144 5526 aa
1166 5425 1452 5520 mocurreute
1488 5411 1531 5496 in
1568 5409 1669 5496 the-

1483 5521 1572 5658 eo¹
