4558 6340
544 388 638 478 272
1047 389 1127 476 Die
1158 388 1209 476 21
1253 387 1369 476 lanii
1402 387 1544 476 1879.

549 509 641 600 nali
674 507 801 597 Civili
836 541 916 628 pro
952 512 1184 614 solutione,
1223 509 1323 598 licet
1356 509 1599 598 obiicerent
1620 536 1666 594 se
1684 506 1865 598 solvisse
1898 526 2040 600 ratam

552 661 772 722 canonum
807 633 1081 723 excidentem
1114 634 1159 720 in
1194 633 1400 722 Paschate
1434 631 1536 720 anni
1582 631 1704 718 t877
1753 629 1967 748 deputato
2015 666 2040 722 a

552 756 730 847 Vicario
764 755 1024 872 Capitulari.

696 881 832 966 Porro
873 907 974 966 cum
1025 909 1103 996 per
1146 877 1413 995 Episcopum
1458 876 1734 995 praedictum
1783 877 2045 994 compositio

555 1027 736 1120 quoqne
769 1015 1067 1116 respueretur,
1107 1016 1155 1088 ut
1189 1017 1373 1118 uterque
1405 1031 1460 1088 ex
1492 999 1756 1090 Oeconomis
1805 1002 2050 1114 provisoris

555 1125 750 1238 exigeret
783 1122 828 1210 in
863 1125 1042 1240 propria
1076 1123 1315 1226 Dioecesi,
1355 1122 1633 1241 usquedum
1671 1121 1722 1208 lis
1755 1149 1888 1237 snper
1922 1123 2048 1210 iuris-

553 1246 745 1335 dictione
796 1246 911 1330 intcr
957 1246 1068 1334 duos
1112 1245 1370 1336 Ordinarios
1405 1243 1584 1362 pacifice
1618 1242 1803 1332 delinita
1858 1275 1946 1332 non
1980 1277 2048 1334 es-

555 1384 650 1470 set,
704 1385 777 1454 aut
826 1369 1097 1458 contentiose
1145 1403 1168 1460 a
1216 1367 1486 1486 competenti
1531 1367 1824 1467 auctoritate,
1869 1368 2045 1485 Episco-

556 1521 638 1609 pus
674 1489 972 1578 Gaudisieosis
1006 1489 1065 1579 ad
1096 1494 1141 1582 S.
1170 1494 1225 1580 V.
1248 1493 1302 1580 Ο.
1325 1489 1519 1606 confugit
1548 1487 1797 1608 percontari
1836 1507 2052 1606 expostu-

560 1612 985 1704 lanslllelcvitanum
1031 1613 1283 1702 Praesulem
1308 1613 1363 1702 ad
1396 1613 1703 1702 deducendum
1739 1641 1817 1698 sua
1852 1613 1964 1714 iura,
2006 1629 2053 1699 ut

560 1734 742 1822 indolis
774 1735 829 1824 ad
863 1737 1176 1825 ecclesiasticae
1208 1767 1391 1853 praxeos
1431 1735 1614 1824 lormam
1649 1763 1783 1852 penes
1817 1736 1862 1824 S⁴
1891 1735 2053 1826 Sedem

563 1857 819 1948 definiatur.

683 1980 952 2068 Transmisso
971 2011 1009 2068 ·a
1042 1983 1086 2071 S.
1109 1982 1459 2100 Congregatione
1487 1980 1690 2068 instantia
1724 2008 1804 2094 pro
1840 1976 2052 2069 informa·

559 2102 680 2192 tione
726 2121 771 2190 et
820 2117 925 2189 voto
971 2105 1183 2221 Episcopo
1237 2105 1509 2204 lllelevitano‚
1561 2102 1761 2222 laetaque
1795 2101 1835 2188 ei
1884 2099 2046 2190 inhibi-

560 2225 680 2318 tione
713 2223 979 2341 proccdendi
1015 2227 1071 2316 ad
1106 2228 1313 2342 ulteriora
1348 2227 1392 2313 in
1427 2225 1586 2316 iudicio
1619 2225 1753 2327 civili,
1800 2225 2045 2341 usquedum

560 2379 690 2436 causa
720 2347 864 2436 decisa
897 2379 984 2438 non
1018 2367 1146 2452 essct,
1186 2351 1374 2438 Antistcs
1408 2348 1556 2436 retulit
1599 2346 1875 2436 Smeraldam
1932 2351 2047 2434 Bor-

561 2470 670 2560 dino
704 2471 969 2560 Melitensem
1005 2487 1268 2560 testamento
1308 2472 1393 2560 diei
1432 2473 1493 2560 23
1516 2470 1700 2586 Augusti
1737 2471 1895 2570 1432,
1935 2487 2046 2585 post·

561 2623 694 2710 quam
726 2593 1029 2682 confirmasset
1052 2594 1390 2712 assignationem
1422 2595 1581 2683 laetam
1615 2593 1782 2710 aliquot
1815 2591 2052 2681 lundorum

560 2714 604 2802 in
630 2717 725 2802 loen
760 2713 898 2804 Rolaul
928 2717 1100 2833 Bajoda
1122 2717 1336 2806 beneticio
1369 2752 1392 2805 a
1425 2749 1471 2804 se
1503 2731 1647 2804 erecto
1683 2715 1849 2802 Melitae
1888 2755 1905 2792 α
1941 2716 2054 2802 nella

560 2869 638 2926 sna
661 2838 869 2953 Coppelle
892 2837 1270 2929 dcll'Annunzr’ota
1294 2842 1477 2928 esistente
1493 2841 1537 2928 in
1560 2855 1700 2956 qrcesta
1725 2835 1969 2924 Coltcdrole
2011 2881 2049 2944 ι,

561 2961 643 3050 tria
694 2961 778 3048 alia
833 2959 1081 3051 condidisse
1129 2963 1370 3068 beneficia3
1408 2963 1529 3052 cuius
1562 2963 1706 3079 primo
1739 2960 1864 3049 dedit
1897 2959 1942 3046 in
1976 2960 2053 3048 do·

561 3101 650 3175 tom
705 3083 893 3172 lundum
949 3087 1306 3191 Coctia-Heraia,
1360 3086 1481 3174 alteri
1517 3102 1671 3174 vocato
1706 3099 1747 3172 tu
1778 3082 1955 3198 Dibiepa'
1988 3083 2049 3171 dl·

559 3206 747 3295 midium
794 3207 961 3323 praedii
1015 3194 1274 3326 lo‘Vipno,
1325 3210 1455 3297 tertio
1502 3223 1759 3324 nuncupato
1813 3224 1855 3293 to
1902 3205 2054 3294 Siencd

561 3345 635 3418 arat
674 3329 790 3418 Senot
824 3329 1009 3420 landum
1059 3331 1144 3420 sub
1192 3335 1273 3422 hoc
1313 3333 1405 3450 ipso
1456 3332 1648 3418 nomine.
1702 3333 1817 3418 llaec
1850 3328 1933 3414 tria
1972 3331 2051 3416 be·

561 3450 717 3546 nefieia
731 3467 876 3540 tamen
891 3471 1069 3567 gravata
1088 3485 1232 3542 annuo
1251 3486 1383 3543 onere
1403 3453 1568 3572 aliquot
1582 3455 1821 3550 Missurum,
1843 3482 1946 3538 cum
1961 3483 2052 3539 cre

465 3645 468 3650 .
561 3591 627 3662 cta
664 3605 749 3661 non
785 3575 944 3662 luerint.
987 3577 1031 3663 iu
1078 3579 1227 3694 aliqua
1276 3577 1562 3667 determinata
1615 3574 1827 3676 Ecclesia,
1890 3613 1907 3650 ι
1949 3605 2047 3660 sono

560 3697 661 3787 stan
693 3699 849 3786 circuiti
882 3697 939 3786 do
973 3701 1100 3813 tempi
1143 3701 1427 3798 remotissimi,
1475 3733 1573 3789 c....
1613 3697 2042 3786 comiacioronotatti

562 3822 733 3910 insieme
762 3853 788 3906 o
819 3821 1007 3939 [oratore
1039 3823 1076 3908 c'l
1107 3825 1187 3910 cosi
1222 3821 1332 3911 detto
1372 3823 1563 3943 beneficio
1595 3821 1669 3910 dei
1702 3820 1889 3937 Vagnoli
1920 3833 2049 3906 eretto

561 3943 675 4028 aella
723 3943 965 4030 Cattcdrole
1002 3944 1050 4030 dt
1100 3946 1311 4052 Malta»,
1353 3964 1483 4062 prout
1529 3945 1667 4062 liquet
1714 3975 1768 4030 ex
1808 3941 2048 4045 nonnulliS,

561 4095 676 4180 quac
698 4064 871 4168 adiecit,
894 4068 1208 4171 monumentis,
1232 4069 1512 4186 antiquisque
1529 4069 1717 4160 S.l'aotae
1736 4064 2049 4154 decisionibus.

562 4187 673 4277 lliuc
691 4188 816 4274 huius
829 4189 1030 4277 beneficii
1053 4194 1208 4280 Rector
1224 4193 1400 4280 assuetis
1418 4222 1515 4279 cum
1537 4191 1687 4278 lormis
1700 4219 1875 4305 semper
1892 4219 2055 4305 posses·

561 4311 727 4400 sionem
745 4311 888 4428 coepit
903 4313 944 4398 iu
963 4315 1214 4402 Cathedrali
1228 4314 1454 4404 Melitensi.
1471 4314 1614 4402 Nescit
1628 4327 1856 4428 propterea
1871 4309 2051 4399 Arcltie·

563 4435 780 4550 piscopaS,
801 4467 893 4538 cur,
911 4437 1123 4526 existente
1141 4438 1268 4525 unico
1284 4436 1499 4525 beneficio
1519 4438 1560 4523 in
1574 4431 1925 4534 suaCatlredrali,
1942 4463 2045 4522 cum

562 4558 619 4646 de
654 4557 915 4646 investitura·
934 4561 1208 4678 coeterisquo
1232 4561 1402 4648 iuribus
1424 4560 1488 4646 sui
1514 4559 1661 4647 lavore
1681 4588 1767 4645 non
1785 4557 2048 4672 ambigatur,

561 4681 646 4768 sihi
681 4679 866 4772 inlaiberi
920 4684 1054 4772 modo
1103 4685 1236 4800 possit
1279 4683 1690 4773 Administratorem
1739 4699 1964 4797 apponere
1998 4679 2041 4764 in

562 4833 663 4896 casu
697 4804 963 4907 vacationis,
1004 4807 1065 4892 ati
1111 4837 1284 4922 semper
1329 4807 1417 4923 egit
1462 4805 1685 4925 usquead
1722 4803 1923 4890 ultimum
1958 4819 2042 4890 sta·

473 5021 477 5031 ,
561 4941 672 5028 tum,
711 4926 899 5046 ideoque
932 4928 1053 5016 reiici
1088 4929 1322 5046 postulavit
1355 4929 1602 5017 instantiam
1637 4925 1849 5017 Praesulis
1883 4922 2045 5013 Gaudi-

561 5047 730 5150 siensis,
769 5082 870 5142 oum
904 5082 1108 5167 expressa
1156 5052 1477 5157 declaratione,
1515 5049 1634 5168 quod
1662 5051 1718 5138 ad
1752 5077 1798 5138 se
1831 5047 1972 5135 libere
2004 5061 2049 5134 et

560 5173 782 5261 exclusive
812 5193 982 5290 spectet
1013 5175 1139 5264 lunius
1173 5176 1410 5266 oeconomi
1447 5173 1691 5291 deputatio.
1849 5261 1854 5266 .

685 5298 814 5408 Quod
849 5329 955 5388 vcro
987 5297 1115 5386 relect
1150 5299 1269 5386 litem
1315 5297 1581 5414 pendentem
1629 5325 1773 5385 coram
1816 5293 2045 5385 Tribuna-

561 5415 591 5502 li
629 5418 748 5508 civili
788 5421 853 5510 ait
903 5421 1211 5538 emphyteutas
1252 5418 1565 5512 Gaudisienscs
1604 5417 1775 5506 dudum
1811 5418 2043 5535 'excepisse

559 5538 827 5634 solutionem
857 5545 973 5632 bona
1018 5544 1103 5632 lide
1135 5543 1292 5632 lautam
1340 5543 1464 5634 »lteri
1511 5545 1778 5647 Oeconomo,
1810 5571 1925 5660 quae
1963 5540 2040 5630 itc-
