4558 6340
695 389 870 478 111026
904 383 1076 506 Aprilis
1110 391 1248 479 l879.
1627 385 1721 484 209

232 514 464 609 erectionis
498 511 640 618 Bulla,
679 531 728 601 ut
761 514 900 629 ipsum
945 515 1148 601 excludat
1198 547 1222 602 a
1274 513 1367 602 inre
1410 545 1552 604 sacras
1596 549 1722 633 para-

233 641 364 761 gendi
399 637 644 726 lunationes
677 637 721 724 in
756 637 988 723 succursnli
1023 639 1227 736 Ecclesia,
1265 639 1397 728 veluti
1434 640 1726 730 Administra-

235 786 377 854 torum
414 762 622 849 delensor
655 777 985 878 argumentatus
1007 775 1087 860 est,
1114 759 1264 848 subdit
1285 762 1483 850 Sodalitii
1509 781 1719 880 patronus

232 891 314 976 boc
349 887 413 972 ius
447 883 592 971 cidem
633 901 883 998 competere
916 913 1003 968 non
1040 913 1164 1000 passe
1199 915 1343 1002 neque
1375 887 1432 973 de
1469 889 1563 974 iace
1594 919 1714 974 com·

90 1059 93 1064 ·
233 1010 375 1109 muni,
413 1037 558 1124 neque
591 1006 647 1094 de
681 1007 775 1093 iure
796 1005 981 1122 'speciali
1017 1007 1086 1093 vel
1124 1006 1524 1122 privilegiataNon
1549 1039 1602 1094 ex
1628 1013 1723 1099 iura

235 1131 479 1233 communi,
502 1130 604 1247 quia
620 1159 675 1216 ex
692 1128 805 1216 lacto
822 1127 1079 1214 existentiae
1096 1129 1277 1216 alienius
1295 1133 1509 1220 Ecclesiae
1524 1133 1632 1220 intra
1650 1165 1725 1251 pa-

233 1257 404 1346 roeciae
449 1252 610 1341 limites
653 1253 773 1338 nulla
802 1251 918 1338 valet
934 1252 1149 1340 subiectio
1170 1253 1393 1372 redargui.
1418 1257 1720 1368 Quamobrem

234 1379 449 1498 parochus
495 1375 603 1490 ipse,
642 1374 1282 1491 parochialibuslunationibus
1305 1379 1512 1496 exceptis,
1542 1382 1715 1469 nullum

234 1518 378 1619 potest
418 1498 708 1615 praetendere
753 1499 817 1585 ius
862 1497 1102 1614 peragendi
1146 1497 1390 1588 lunationes
1438 1504 1480 1589 in
1520 1502 1719 1590 Ecclesiis

236 1628 347 1712 intra
382 1653 489 1710 suae
535 1619 759 1738 paroeciae
797 1620 957 1708 limites
991 1622 1098 1708 sitis.
1135 1623 1263 1732 Quod
1288 1623 1491 1710 delinivit
1515 1627 1560 1714 S.
1589 1627 1642 1713 R.
1669 1627 1718 1714 G.

236 1747 281 1836 in
325 1743 514 1832 decretis
547 1743 689 1830 Urbis
721 1759 765 1832 et
811 1745 942 1832 Orbis
985 1745 1086 1830 anni
1134 1747 1272 1834 4703.
1312 1749 1549 1868 Propositis
1597 1749 1717 1835 enirn

236 1885 343 1956 tunc
374 1865 525 1958 dubiis
558 1869 604 1954 3.
641 1867 711 1952 An
744 1863 1124 1986 Confralernitales
1156 1888 1310 1956 erectae
1347 1872 1390 1956 in
1437 1871 1538 1956 aliis
1581 1871 1719 1957 Eccle-

231 1993 309 2078 siis
346 1991 531 2106 publicis
575 1989 750 2086 babeant
793 1988 931 2105 qstoacl
962 1989 1122 2075 easdem
1155 1992 1387 2110 [tinctiones
1423 1995 1719 2079 ecclesiasticas

235 2115 425 2232 aliquam
450 2111 767 2226 dependentia-m
792 2145 817 2197 a
841 2113 1033 2198 Paraclto
1050 2115 1167 2199 intra
1185 2117 1299 2199 caius
1314 2117 1546 2231 parocltiae
1569 2115 1640 2202 lim
1649 2119 1723 2202 itas

234 2241 342 2324 sitae
369 2255 467 2322 ‘siml
502 2235 734 2322 Ecclesiae?
764 2237 810 2321 lc.
853 2239 921 2320 An
955 2236 1335 2354 Confralcrnilales
1367 2257 1522 2326 erectae
1547 2240 1588 2323 in
1613 2240 1722 2324 Ora-

239 2360 365 2447 toriis
398 2375 482 2445 tum
518 2357 700 2474 publicis
738 2375 821 2444 tum
856 2358 1058 2473 privatis,
1100 2361 1294 2446 seiunctis
1338 2362 1389 2447 ab
1428 2362 1626 2446 Ecclesiis
1647 2391 1725 2478 pa·

232 2481 509 2579 rocltialibua,
566 2479 704 2597 quoad
754 2480 888 2566 dictus
931 2482 1163 2600 sanctiones
1208 2483 1502 2572 ecclesiasticas
1543 2484 1719 2572 babeant

233 2605 390 2692 dictam
436 2603 754 2719 dependentium
776 2635 801 2688 a
826 2605 1039 2690 Parocbol
1076 2604 1150 2690 ll.
1182 2609 1249 2690 An
1281 2609 1488 2722 expositio
1514 2607 1728 2723 quadra·

233 2729 353 2846 pinta
379 2727 580 2814 borarrun
617 2744 657 2813 et
687 2725 918 2813 benedictio
949 2759 1053 2844 quac
1090 2727 1141 2844 fit.
1178 2761 1301 2843 super
1327 2731 1486 2845 populo
1505 2733 1559 2816 sit
1592 2729 1642 2816 dc
1660 2730 1725 2816 di-

234 2853 310 2938 ca‘s
339 2849 504 2936 iuribus
541 2883 650 2936 inae
683 2849 1024 2964 parochialibus?
1054 2854 1099 2942 S.
1121 2853 1173 2941 C.
1192 2855 1719 2969 suprascriptadubiase-

231 2977 387 3092 quenti
418 2974 589 3060 censuit
622 2972 890 3062 dimittenda
925 3003 1133 3090 responsa
1168 2977 1382 3087 llbpatine.
1428 2979 1538 3066 Cum
1588 2979 1723 3094 igitur

232 3127 378 3214 neque
411 3098 602 3214 parocba
632 3097 844 3211 competit
869 3098 933 3183 ins
956 3099 1198 3216 peragendi
1233 3098 1492 3200 lunationes,
1530 3100 1612 3186 nisi
1651 3129 1727 3216 pa·

232 3217 444 3307 rocbiales
467 3221 571 3322 sint,
600 3219 643 3305 in
670 3219 866 3308 Eacleaiis
892 3220 1004 3307 intra
1028 3221 1258 3337 paroeciae
1281 3223 1388 3310 fines
1412 3223 1722 3325 existentihua·

232 3343 393 3465 potiori
428 3345 599 3430 ratione
630 3341 872 3431 dicendum
904 3343 1090 3430 sustinet
1123 3345 1449 3451 deCanonicis,
1486 3348 1562 3462 qui
1597 3377 1724 3460 paro·

234 3467 404 3552 cebinon
428 3481 544 3570 sunt,
571 3465 736 3584 quique
760 3463 971 3554 invadere
994 3469 1156 3556 vellent
1180 3469 1272 3555 iura
1288 3471 1489 3559 Sotlnlitii
1512 3471 1688 3557 tttw.
1704 3501 1722 3571 ,⁸

236 3587 354 3704 quod
387 3619 468 3708 per
500 3589 725 3706 pioprium
761 3589 1048 3705 Capellanarn
1083 3591 1226 3679 libere
1260 3593 1507 3682 lunationes
1529 3593 1724 3679 celebra-

231 3711 326 3814 bat,
352 3730 589 3830 antequam
605 3711 792 3799 Ecclesia
805 3717 852 3802 S.
873 3711 1045 3800 loannis
1064 3717 1317 3804 succuraalis
1333 3717 1603 3805 evaderet-et
1619 3713 1726 3832 qni-

231 3831 335 3926 detn
373 3837 622 3952 pauoeciac,
659 3833 844 3922 minime
877 3867 984 3923 vero
1004 3837 1287 3955 Collcgiatae.

356 3961 454 4046 Non
492 3959 668 4048 tandem
705 3989 760 4044 ex
792 3959 885 4047 iure
918 3961 1113 4076 speciali,
1174 3963 1241 4048 vel
1287 3961 1563 4078 privilegiato
1609 3987 1716 4046 nam

235 4078 279 4167 4.
307 4079 418 4170 illud
446 4113 531 4169 non
557 4082 746 4199 probant
761 4099 806 4168 et
824 4084 871 4169 2.
896 4113 949 4170 ex
964 4083 1090 4169 butt·
1116 4085 1343 4171 erectionis
1362 4081 1723 4173 iassolnmrnodo

129 4262 134 4268 ·
231 4203 466 4292 Canonicis
505 4205 719 4293 donatum
753 4203 851 4307 luit,
888 4220 934 4292 at
979 4205 1128 4324 Cappa
1158 4223 1203 4292 et
1237 4209 1454 4298 ltoccbeto
1500 4221 1728 4293 ntercntnr

231 4325 275 4412 in
304 4330 398 4416 sola
450 4329 636 4418 Ecclesia
665 4327 716 4416 S.
738 4327 932 4444 Georgii,
952 4345 997 4414 et
1015 4329 1212 4420 eiusdem
1235 4331 1606 4448 processionibus,
1635 4357 1724 4415 non

230 4475 337 4536 vero
362 4451 404 4536 ia
426 4449 748 4540 succursalibns
784 4450 996 4540 Ecclesiis.
1031 4455 1264 4571 Privilcgia
1286 4483 1437 4568 porte,
1464 4481 1602 4568 quum
1637 4455 1726 4536 sint

231 4573 407 4660 strictae
430 4573 805 4690 inteqrtetctianis
837 4573 1026 4689 Fepaaa.
1064 4578 1109 4661 in
1148 4576 1259 4692 Cap.
1295 4577 1398 4662 Cani
1416 4573 1600 4690 Capella
1618 4574 1723 4666 affl

231 4693 287 4781 de
314 4695 503 4817 Priail„
532 4713 759 4814 nalufflnt
782 4693 841 4783 de
864 4729 950 4783 uno
970 4697 1028 4784 ad
1054 4691 1186 4786 aliam
1210 4729 1358 4787 casnm
1386 4699 1512 4786 trabi.
1536 4695 1604 4784 At
1626 4723 1724 4781 cera

233 4823 280 4909 S.
301 4823 356 4910 R.
379 4822 430 4911 G.
458 4821 578 4910 diat
599 4819 707 4906 Maii
731 4819 1213 4939 iiiiii-Quodcunque
1248 4821 1524 4938 priuilepiuna
1556 4819 1613 4906 ad
1649 4849 1722 4904 au·

231 4941 412 5057 pendent
450 4945 681 5060 imipninnr
726 4943 1004 5060 querendam
1032 4943 1313 5035 Ecclesiarum
1365 4943 1627 5062 splendorem
1671 4939 1722 5027 ab

234 5066 485 5182 Apo-stolida
515 5066 620 5155 Sede
646 5063 954 5182 Dipnitatibtts,
976 5069 1264 5156 (lenonicia...
1286 5096 1533 5164 concessam,
1581 5079 1721 5180 utpote

234 5185 434 5278 locer'uunc
468 5191 686 5308 Dentati
720 5187 971 5304 Episcopali
1006 5191 1059 5278 dc
1102 5193 1196 5278 itae
1246 5189 1512 5282 strictissime
1551 5205 1609 5276 cst
1653 5187 1725 5280 ina

233 5313 566 5428 terpretandam.
596 5311 874 5425 Quumobrent
906 5313 974 5399 uil
994 5311 1119 5402 aliani
1141 5342 1369 5402 concessum
1396 5309 1720 5436 intelliyenalunt

232 5451 307 5534 est,
335 5439 426 5524 risi
461 5437 582 5528 illud
619 5435 732 5554 qnod
773 5450 832 5524 aa
870 5437 1088 5553 pietatm
1122 5467 1374 5560 capuceum,
1412 5468 1541 5558 aeque
1572 5469 1623 5523 ea
1656 5439 1723 5521 in-

234 5557 355 5648 dulto
401 5589 483 5650 uuo
509 5561 696 5659 ultime
727 5558 967 5678 priuilapio
1003 5562 1122 5650 lrabi
1170 5577 1305 5680 polest
1346 5561 1634 5682 conmutatio
1668 5554 1726 5646 etl
