4460 6332
532 299 631 396 ste
1002 298 1179 393 ursas
1213 288 1567 422 Αυρωιιιιιι.

109 681 217 774 Sero.
242 675 295 766 21
325 703 422 794 cup.
446 673 480 764 lt
675 571 1051 771 ΙΡΡΟΒΕΟΙΕΝ.
1075 669 1611 763 ὓΙὸΜΕΜΒΒΑΤΙΟΝιΒ.
1630 711 1662 744 =
1677 665 1938 759 Paruchialis
1961 673 2046 761 Ec-

112 805 167 895 de
201 801 394 924 Reform.

543 802 678 893 clesia
723 797 806 890 loci
849 797 1102 912 Secrmopno
1139 793 1358 884 Dioeeesis
1401 789 1721 910 lpporegiensis
1766 789 1879 880 duos
1923 793 2051 884 inter

543 955 643 1014 suos
689 922 798 1011 fines
843 918 1150 1038 complectitur
1187 947 1321 1036 pagos
1363 914 1617 1032 Scarmagui
1661 915 2047 1006 Commuuitatem
2199 938 2200 941 ‘

543 1047 823 1137 cllormantes
846 1042 984 1131 ierme
1008 1069 1149 1162 aeque
1182 1039 1357 1128 interse
1381 1069 1430 1127 ac
1455 1037 1734 1154 aparochiali
1759 1038 1946 1128 Ecclesia
1966 1039 2044 1129 di-

543 1185 724 1274 stantes,
755 1193 943 1285 quorum
976 1165 1097 1254 alteri
1131 1163 1222 1252 223
1244 1161 1461 1278 capitibus
1484 1159 1706 1280 frequenti
1743 1191 1902 1251 nomen
1937 1165 2040 1250 Bes-

519 1293 661 1403 ιιοιο,
699 1289 823 1379 alteri
860 1289 1021 1375 Morere
1064 1287 1156 1374 ler
1205 1283 1527 1373 habitatoribus
1579 1284 1794 1371 constanti
1843 1283 2044 1374 inditum

548 1429 628 1504 est.
668 1417 712 1501 lu
748 1413 904 1500 nomm
939 1411 1084 1526 primo
1107 1423 1226 1498 extat
1264 1407 1367 1495 satis
1395 1405 1561 1526 ampla,
1598 1404 1817 1523 sacrisque
1850 1406 2045 1522 supelle-

547 1537 722 1627 ctilibus
772 1533 945 1652 provisa
980 1533 1165 1622 Ecclesia
1199 1531 1244 1622 S.
1282 1530 1432 1618 loanni
1468 1528 1646 1632 dicata,
1685 1527 1728 1613 in
1764 1557 1851 1646 qua
1884 1528 2045 1618 lunda-

550 1678 641 1748 tum
678 1675 741 1746 est
774 1654 1036 1744 beneficium
1093 1654 1297 1774 pluribus
1338 1650 1569 1740 stabilibus
1601 1651 1837 1740 conflatum
1872 1651 1930 1740 de
1963 1652 2043 1741 iu-

549 1795 856 1900 repatronatus
891 1778 1049 1866 nobilis
1098 1776 1288 1865 familiae
1337 1777 1527 1864 Perconc
1574 1773 1797 1866 Saladino.
1842 1775 2043 1864 Lubente

551 1937 665 1994 anno
713 1905 830 1991 1878
875 1903 1019 2017 plures
1064 1900 1228 1988 incolae
1269 1897 1431 1986 Bessoli
1471 1914 1514 1984 et
1561 1897 1713 1985 Meceni
1754 1897 2044 2016 ipporegien-

545 2061 639 2120 sem
659 2025 896 2116 adiverunt
927 2023 1176 2114 antistitem
1197 2021 1326 2111 enixe
1349 2018 1593 2138 flagitantes
1628 2036 1676 2108 ut
1698 2019 1884 2110 Ecclesia
1904 2023 1952 2110 S.
1973 2022 2045 2110 lo-

552 2151 678 2242 annis
706 2147 930 2265 Baptistae
953 2149 995 2232 in
1022 2175 1179 2234 novam
1203 2146 1448 2262 erigeretur
1474 2143 1744 2240 Paroeciam,
1782 2139 1918 2262 idque
1941 2175 2041 2262 pro-

550 2291 651 2395 pter
668 2270 923 2361 distantiam
949 2269 1174 2388 utriusque
1199 2268 1277 2356 loci
1319 2297 1342 2354 a
1366 2266 1604 2358 parochiali
1642 2267 1829 2356 Ecclesia
1860 2269 1906 2358 S.
1960 2267 2038 2354 tti-

552 2395 709 2486 chaelis
751 2393 833 2480 loci
877 2389 1164 2508 Scarmagni,
1215 2393 1478 2507 viarumque
1527 2389 1810 2506 asperitatem
1853 2389 2037 2478 hiberno

552 2517 807 2640 praesertim
841 2531 1056 2632 tempore.

677 2642 732 2728 Ut
766 2655 912 2726 autern
943 2634 1123 2726 Parochi
1156 2665 1372 2753 eorrgruue
1395 2633 1627 2723 alimoniae
1647 2633 1837 2753 prospici
1872 2651 2032 2752 posset,

553 2763 711 2854 nubliis
761 2789 905 2848 eomes
948 2761 1140 2846 Perrone
1179 2757 1383 2849 Saladino
1420 2757 1532 2846 ultro
1580 2787 1709 2845 suum
1736 2757 1944 2879 praebuit
1974 2789 2041 2847 as·

554 2915 729 2978 sensum
757 2901 804 2971 ut
836 2881 1102 2971 beneficium
1133 2881 1192 2971 de
1215 2913 1292 2970 suo
1328 2881 1678 2998 inrepatronatus
1714 2881 1757 2967 in
1797 2897 2039 2970 memorata

545 3010 739 3100 Ecclesia
773 3005 960 3098 existens
993 3003 1050 3092 ad
1083 3003 1328 3122 parochiale
1352 3003 1478 3091 evehi
1514 3019 1675 3120 posset.
1701 3005 1856 3122 Neque
1878 3004 1934 3093 ad
1957 3004 2039 3092 lroc

555 3135 726 3224 deesset
761 3129 898 3250 ipsius
931 3127 1147 3219 Gubernii
1183 3159 1395 3230 assensus,
1422 3123 1562 3244 quud,
1588 3125 1695 3214 dum
1733 3126 1928 3248 exquirit
1960 3157 2041 3244 pro

555 3255 752 3344 Parocho
785 3283 1020 3371 congruam
1056 3251 1099 3338 in
1121 3333 1125 3338 .
1151 3250 1305 3340 annuis
1339 3247 1499 3338 libellis
1530 3249 1639 3352 800,
1672 3251 1802 3338 instat
1841 3264 1889 3337 ut
1920 3251 2042 3338 boua

554 3376 736 3496 praelati
768 3373 975 3464 beneficii
1009 3387 1321 3463 convertantur
1353 3373 1398 3460 in
1431 3371 1651 3461 schedulis
1682 3373 1814 3492 vulgo
1856 3369 2041 3461 Cartellc

555 3501 604 3590 cli
629 3496 1152 3610 Consolidutu.{Quamvis
1175 3513 1321 3584 autern
1345 3495 1543 3614 exceptio
1572 3495 1786 3612 producta
1821 3494 1950 3584 luerit
1984 3495 2041 3585 ad

557 3621 881 3713 ostendendum
914 3619 1060 3708 dotem
1102 3617 1335 3706 memorati
1376 3616 1580 3708 beneficii
1620 3617 1781 3707 dietam
1822 3647 2038 3706 summam

555 3745 835 3850 constituere,
853 3742 936 3831 tuit
969 3755 1160 3830 attamen
1186 3739 1360 3846 reiecta,
1386 3741 1489 3860 quia
1512 3740 1554 3828 in
1595 3742 1885 3860 assignatione
1918 3755 2043 3830 taxae

558 3868 691 3982 vulgo
726 3865 775 3952 di
807 3875 1066 3953 monumento
1097 3863 1365 3953 declaratum
1415 3862 1557 3952 luerat
1605 3865 1809 3954 eamdem
1860 3861 2042 3952 minime

558 4004 811 4079 sexcentum
845 3987 1095 4076 libellorum
1129 4015 1345 4075 summam
1395 3987 1626 4076 excedere.
1676 3985 1749 4076 Ad
1780 3987 1892 4075 hanc
1913 3986 2043 4106 igitur

558 4111 845 4202 avertendam
880 4110 1183 4227 exceptionem
1220 4125 1465 4198 occurreret
1498 4109 1660 4199 nobilis
1693 4125 1737 4196 et
1769 4109 1841 4226 pia
1880 4109 2040 4197 mulier

556 4235 767 4326 Clotildes
801 4233 935 4323 vidua
969 4231 1155 4336 Reverti,
1192 4262 1306 4350 quae
1338 4246 1546 4349 prompta
1584 4249 1698 4321 esset
1732 4233 1872 4322 dictos
1903 4231 2040 4320 hene-

556 4357 643 4448 ficii
678 4385 879 4448 coemere
912 4356 1083 4460 fundos,
1122 4372 1304 4475 excepta
1337 4353 1471 4443 domo
1505 4355 1676 4444 urbana
1697 4372 1742 4443 et
1765 4355 1924 4442 rustica
1957 4385 2041 4444 una

556 4513 657 4573 cum
703 4482 875 4571 adnexo
925 4477 1163 4584 viridario,
1190 4509 1305 4598 quae
1336 4477 1530 4567 Parocho
1578 4494 1871 4582 remanerent,
1909 4491 2043 4596 atque

557 4637 638 4724 pro
672 4603 724 4693 iis
754 4602 1054 4723 syngrapham
1092 4602 1287 4691 traderet
1317 4598 1623 4692 consolidatus
1644 4601 1783 4690 annui
1806 4599 1968 4690 [ructus
1992 4599 2041 4688 li-

557 4729 773 4819 bellarum
807 4729 916 4832 800,
954 4757 978 4814 a
1014 4741 1129 4825 taxa,
1166 4753 1302 4844 quam
1336 4724 1488 4816 dicunt
1527 4723 1577 4810 di
1618 4724 1838 4813 ricclezzu
1868 4721 2034 4822 mille,

559 4881 735 4972 prorsus
769 4848 994 4938 immunis,
1031 4848 1110 4938 Cui
1146 4841 1431 4966 propositioni
1468 4845 1629 4935 nedum
1664 4847 1883 4936 consensit
1905 4864 2043 4964 patro·

557 5005 656 5080 nus,
692 4971 770 5062 scd
803 4985 847 5060 ct
880 4971 1023 5088 ipsum
1055 4971 1338 5088 gubernium
1371 4985 1503 5088 utque
1536 4969 1714 5058 actualis
1746 4967 1955 5061 beneficii
1977 4999 2041 5057 rc·

555 5115 667 5200 otor,
703 5125 838 5215 quem
873 5112 917 5183 et
952 5094 1044 5184 zelo
1076 5093 1226 5182 salutis
1258 5093 1509 5182 animarum
1548 5109 1591 5180 ct
1624 5091 1851 5182 doctrinae
1883 5091 2041 5182 merito

558 5220 798 5340 plurimum
830 5217 1113 5308 commendat
1145 5216 1357 5306 Antiates.
1396 5217 1487 5304 lmu
1522 5215 1714 5335 praelatu
1763 5215 1953 5318 mulier,
1991 5229 2038 5302 ut

558 5344 808 5432 animarum
841 5341 987 5448 saluti,
1017 5370 1157 5428 novae
1189 5339 1416 5458 paroeciae
1456 5339 1677 5428 erectione
1709 5339 2039 5458 quamprimum

554 5465 745 5585 prospici
779 5479 962 5581 posset,
1000 5462 1178 5552 oraliter
1225 5461 1465 5582 spopondit
1500 5492 1715 5580 expensas
1758 5491 1913 5552 omues
1948 5477 2037 5551 tam
