4516 6318
659 354 743 440 Dic
775 351 834 442 45
866 353 1091 442 Februarii
1124 352 1260 443 t879.
1618 351 1709 440 ll5

64 519 81 538 ·
211 476 319 566 tiani
343 475 659 594 apertissimam
678 477 940 582 nullitatem,
982 479 1170 596 ideoque
1191 491 1330 564 tractu
1359 475 1567 594 temporis
1602 505 1704 563 con·

213 601 431 688 valescere
451 599 569 688 haud
603 600 946 716 potuisseiuxta
980 601 1089 690 illud
1120 599 1225 688 iuris
1270 601 1491 687 theorema
1536 596 1707 715 -quod

215 723 267 814 ab
301 725 427 810 initio
461 723 657 810 uitiosum
690 739 779 821 cst,
816 757 897 811 non
928 739 1062 840 potest
1095 742 1230 812 tractu
1278 723 1475 838 temporis
1507 720 1706 808 cursuale-

218 879 343 948 seere.
362 895 392 910 -
409 845 568 936 Subdit
586 864 812 964 praeterea
829 849 950 964 quod
968 879 1067 937 cum
1091 851 1223 935 Erisus
1240 844 1477 964 Episcopus
1492 859 1690 948 testetur,

217 969 441 1088 exemplar
464 999 639 1086 precum
664 973 790 1058 Pont.
813 971 940 1060 Alex.
968 973 1043 1059 Vll
1071 1001 1149 1088 per
1181 969 1440 1086 Capellanos
1479 983 1699 1085 promota·

216 1123 313 1181 rum
346 1123 462 1180 anno
497 1093 617 1179 4663
650 1125 675 1180 a
707 1093 936 1183 Canonicis
970 1095 1028 1183 ita
1070 1110 1198 1182 caute
1229 1091 1494 1182 custoditum
1529 1089 1693 1192 luisse,

218 1228 265 1303 ut
299 1246 354 1302 ne
388 1214 569 1332 quidem
605 1216 686 1334 ipsi
728 1216 836 1304 illud
879 1217 1122 1335 reposcenti
1176 1214 1461 1316 tradiderint,
1500 1213 1701 1300 luculen-

219 1355 283 1427 ter
316 1355 502 1456 apparet
535 1339 794 1458 Capellanos
838 1340 955 1428 haud
997 1341 1185 1459 potuisse
1225 1338 1465 1430 Cssnonicos
1512 1334 1710 1424 iudiciali

221 1462 390 1549 actione
436 1462 626 1579 pulsare,
665 1464 763 1550 ltine
811 1464 1198 1582 praescriptionem
1251 1465 1293 1549 in
1336 1491 1437 1548 casu
1473 1460 1707 1575 repelleret

220 1584 329 1672 illud
365 1584 468 1670 iuris
502 1585 824 1702 principium}
863 1605 1007 1674 contra
1045 1619 1126 1674 nan
1177 1585 1378 1672 ualentem
1427 1611 1549 1698 apere
1587 1579 1708 1668 nulla

221 1709 357 1794 currit
383 1709 687 1823 praescriptio.
723 1751 738 1788 ι

344 1831 423 1917 Ast
456 1831 560 1918 dato
593 1831 745 1936 etiam,
767 1851 810 1920 ct
844 1864 1087 1951 numquam
1122 1861 1340 1934 concesso,
1379 1826 1499 1947 quod
1541 1841 1711 1915 transa-

222 1955 321 2058 ctio,
360 1984 445 2070 qua
479 1953 536 2042 de
569 1956 726 2072 agitur,
767 1987 903 2074 usque
936 1959 994 2042 ab
1026 1957 1153 2043 initio
1192 1957 1304 2043 iustu
1339 1951 1485 2051 luerit,
1524 1967 1568 2036 et
1612 1948 1717 2036 viri·

222 2079 307 2168 bus
362 2077 529 2164 steterit
586 2079 705 2180 suis,
760 2079 1188 2168 nilrilotamensecius
1249 2075 1504 2164 auctoritate
1559 2071 1717 2160 iudicis

222 2199 522 2290 intercedente
555 2231 652 2289 cam
687 2202 1021 2292 rescindendam
1056 2233 1148 2292 esse
1180 2200 1400 2288 subsumit
1432 2194 1628 2313 eoquod
1654 2194 1718 2280 in·

223 2324 329 2414 cidit
366 2324 410 2408 in
443 2352 547 2412 eum
581 2356 747 2430 casum,
785 2359 809 2414 a
842 2359 930 2445 quo
966 2329 1156 2444 incipere
1191 2355 1275 2412 non
1311 2336 1483 2438 poterat
1516 2319 1575 2405 ob
1609 2333 1721 2404 tem·

225 2447 357 2568 poris,
395 2463 438 2536 et
470 2476 618 2535 rerum
656 2449 905 2538 immutatas
950 2447 1311 2538 circumstantiae.
1349 2445 1463 2533 Sane
1505 2441 1599 2558 ipsa
1638 2443 1719 2529 Cu·

225 2573 291 2660 ria
323 2569 592 2686 Episcopalis
627 2587 807 2660 testatur
840 2575 1178 2690 Capellanorum
1213 2569 1410 2658 redditus
1454 2565 1583 2651 valde
1633 2563 1713 2650 im·

225 2695 419 2782 minutos
452 2693 600 2794 luisse,
639 2711 682 2782 ct
717 2698 910 2813 ipsarum
925 2697 1264 2816 Capellanorum
1308 2709 1541 2778 numerum
1566 2685 1715 2774 admo·

227 2817 335 2906 dum
371 2815 632 2922 decrevisse,
670 2821 776 2936 quin
810 2819 1016 2908 substitui
1040 2817 1330 2938 possint‚legc
1365 2827 1557 2898 vetante.
1576 2811 1713 2896 Porro

227 2941 343 3028 hisce
377 2939 422 3025 in
456 2941 628 3029 casibus
662 2941 757 3058 ipsa
792 2946 1021 3062 aequitatis
1053 2945 1162 3030 ratio
1197 2939 1331 3056 exigit
1374 2952 1421 3022 ut
1454 2947 1715 3034 contractus

227 3063 305 3180 qui
345 3061 470 3150 initio
504 3063 639 3151 iustus
673 3082 811 3154 tractu
847 3067 1057 3188 temporis
1090 3065 1146 3154 ad
1180 3061 1438 3151 iniustitiam
1475 3058 1630 3174 vergit,
1652 3054 1718 3141 ol·

225 3185 324 3274 licio
357 3184 510 3273 iudicis
545 3188 601 3277 ad
634 3188 802 3276 bonum
855 3209 897 3278 et
936 3221 1126 3310 aequum
1163 3187 1389 3303 redigatur
1416 3183 1541 3270 'iuxta
1590 3208 1719 3294 regu-

227 3311 316 3397 lam
350 3307 631 3425 desumptam
664 3345 714 3398 cac
749 3312 829 3429 lep.
866 3315 969 3400 Cum
1004 3311 1173 3431 putidum
1208 3309 1259 3431 ff.
1284 3308 1349 3394 Dc
1370 3306 1510 3394 usuris
1531 3353 1561 3368 -
1590 3301 1722 3386 Prae·

229 3432 360 3519 sidem
395 3435 642 3546 prouinciae
670 3433 762 3532 adi,
800 3439 873 3552 qui
905 3437 1239 3553 stipulationem,
1279 3431 1330 3518 dc
1364 3431 1479 3516 euius
1514 3424 1719 3540 iniquita·

229 3571 266 3642 te
291 3569 452 3672 pesestas
483 3588 555 3655 es,
590 3556 647 3644 ad
684 3558 850 3646 randum
882 3563 1013 3648 iustae
1046 3559 1274 3647 exactionis
1306 3553 1469 3666 redipct
1490 3603 1517 3621 -
1539 3552 1587 3636 ln
1613 3577 1719 3635 con-

228 3678 437 3766 tractibus
470 3680 588 3768 enim
622 3711 797 3797 semper
829 3683 1187 3799 subintellegitur
1220 3677 1412 3768 clausula
1432 3723 1461 3738 -
1491 3672 1610 3759 rebus
1657 3671 1717 3756 sie

166 3831 170 3836 ·
231 3800 434 3888 stantibus
454 3839 498 3892 -:
518 3803 596 3919 lep.
615 3805 762 3890 Finnli
777 3806 884 3893 Cael.
903 3807 954 3894 de
969 3805 1185 3924 Sponsal.,
1214 3803 1293 3920 lep.
1326 3797 1448 3912 Quod
1468 3793 1636 3883 Seruius
1663 3789 1713 3911 ff

231 3923 282 4010 de
313 3923 507 4014 Gondict.
545 3960 668 4015 causa
701 3927 817 4028 data,
855 3934 958 4049 quia
993 3931 1035 4017 in
1071 3931 1137 4018 his
1170 3958 1296 4016 causa
1331 3917 1618 4040 supervenire
1642 3945 1723 4032 po-

233 4061 329 4148 test,
352 4079 507 4164 quaen
531 4053 887 4142 contrahentibus
904 4053 1152 4171 praevideri
1174 4045 1640 4168 nequibatllleganter
1658 4036 1720 4128 ad

234 4200 327 4258 rem
346 4171 479 4260 Card.
498 4175 567 4262 De
581 4176 693 4263 Luca
711 4176 888 4288 discors.
912 4179 1003 4264 456
1020 4209 1063 4264 n.
1082 4177 1129 4262 ll
1160 4177 1223 4261 De
1244 4168 1425 4289 repulit.
1443 4221 1473 4236 -
1491 4167 1721 4251 Praeterea

233 4293 304 4380 udi
335 4295 460 4382 etium
511 4299 590 4384 ista
638 4300 863 4387 concordia
912 4317 1005 4388 tunc
1037 4297 1180 4386 aalide
1221 4329 1270 4384 aa
1310 4295 1434 4382 ctiam
1477 4284 1710 4404 neutraliter

233 4417 343 4504 inita
375 4437 490 4518 esset,
525 4422 588 4509 ita
612 4439 655 4510 ut
672 4457 717 4510 eo
735 4439 918 4540 tempore
943 4441 1097 4512 attento
1120 4415 1426 4508 substentabilis
1447 4427 1561 4514 essct,
1578 4407 1722 4495 aditae

234 4555 368 4628 taurea
395 4573 485 4630 cum
519 4561 653 4634 tractu
676 4549 874 4664 temporis
895 4548 1065 4636 redacta
1095 4560 1193 4632 esset
1214 4541 1270 4630 ad
1304 4567 1495 4651 anapuam
1519 4535 1719 4645 inaequa-

222 4661 393 4752 litatem
432 4682 469 4753 et
503 4668 757 4758 iniustitiam
781 4689 823 4759 ut
846 4704 975 4788 supra
1010 4669 1194 4756 dicelram
1212 4667 1342 4752 locum
1360 4657 1545 4746 associas
1568 4654 1715 4739 rescis-

232 4787 361 4874 siom'.
399 4791 512 4878 Licet
544 4794 653 4880 caim
685 4795 832 4912 rapula
865 4799 949 4895 sit,
987 4810 1031 4881 ut
1065 4795 1109 4880 in
1141 4784 1420 4878 contractibus
1453 4776 1616 4868 attendi
1648 4774 1719 4862 de·

236 4907 326 4995 beat
359 4930 550 5030 tempas,
604 4919 648 5004 ia
680 4951 759 5036 quo
794 4918 864 5006 illi
897 4921 1019 5040 fiunt,
1057 4949 1138 5004 non
1169 4929 1315 5002 curato
1357 4905 1615 5021 subsequente
1648 4929 1715 4995 ac·

235 5031 438 5123 cideatali
469 5056 627 5139 cacata,
664 5045 737 5158 qui
769 5075 893 5160 aeque
923 5059 1088 5159 poterat
1120 5073 1160 5126 se
1192 5035 1339 5124 habere
1379 5029 1436 5116 ad
1489 5027 1648 5112 lucrum
1686 5037 1725 5112 u

238 5154 433 5246 damnum
467 5161 525 5248 ad
556 5168 825 5252 cousmunitcr
857 5183 999 5254 notata
1033 5167 1077 5251 in
1112 5163 1143 5249 l.
1178 5189 1360 5277 praeses,
1397 5169 1434 5240 ct
1470 5151 1500 5237 l.
1528 5148 1579 5234 de
1599 5145 1724 5268 fidei-

239 5285 452 5372 commissa
494 5285 604 5375 cod.
642 5287 692 5375 de
735 5306 933 5376 transact.
983 5287 1177 5376 Attamen
1228 5283 1272 5368 in
1322 5279 1375 5364 iis
1420 5305 1522 5392 quae
1569 5269 1717 5356 tabem

240 5415 417 5493 tractum
449 5413 731 5512 successivum,
769 5415 807 5499 si
841 5428 974 5500 tractu
1009 5408 1205 5526 temporis
1239 5414 1469 5492 contractus
1494 5393 1718 5482 reducatur

240 5523 298 5612 ud
317 5530 578 5647 iniquitatem
599 5569 646 5624 ac
668 5569 860 5655 mapnam
884 5537 1117 5636 laesionem,
1136 5563 1202 5620 seu
1219 5521 1573 5646 inaequalitatem,
1589 5516 1725 5606 adiens
