4350 6326
490 238 582 328 538
924 237 1005 324 Die
1036 237 1098 324 20
1129 233 1367 324 Decembris
1402 235 1540 324 1879.

493 359 762 450 deductionis
799 358 980 446 Onerum
1012 357 1042 446 2
1079 355 1261 476 Auqustt
1302 356 1439 448 1823.
1486 355 1659 444 imolen.
1710 353 2004 443 deductionis

495 482 718 726 gl'qspplpiqn
740 481 770 570 9
789 478 906 566 Iunii
927 479 1046 570 1855
1067 511 1147 598 per
1165 481 1404 570 8113333113
1420 481 1598 567 Precum
1614 478 1802 596 aliisque
1824 507 2006 596 quam-

619 725 958 816 Ponderandum
993 727 1068 818 sed
1102 743 1279 816 econtra
1311 745 1374 814 est
1406 724 1525 844 quod
1561 723 1618 813 de
1649 726 1793 810 oneris
1826 755 2006 842 perpe·
2139 796 2140 799 κ

496 853 647 942 1311313
680 849 873 939 dubitari
909 880 998 940 non
1047 865 1220 968 potest,
1257 849 1426 967 hocque
1469 877 1550 967 per
1596 846 1845 936 donationis
1880 877 2004 933 con-

496 990 682 1064 tractum
742 989 1063 1090 assumptum,
1116 1002 1253 1094 quare
1311 974 1415 1060 satis
1469 999 1554 1058 uon
1616 999 1709 1058 esse
1760 969 2006 1057 videretur

496 1097 792 1218 praesumptio
826 1113 920 1183 orta
955 1095 1087 1184 etiam
1122 1127 1176 1184 ox
1213 1095 1465 1184 centenaria
1498 1093 1553 1180 ad
1600 1123 1712 1180 onus
1756 1091 1865 1181 illud
1905 1093 2007 1180 de-

496 1220 694 1312 lendum.
732 1220 843 1308 Cum
876 1217 993 1306 enim
1028 1233 1147 1308 certo
1178 1235 1347 1308 constet
1388 1217 1444 1306 de
1477 1247 1611 1304 onere
1655 1231 1870 1332 perpetuo
1909 1246 2004 1333 per

496 1341 779 1432 donatarinm
805 1358 997 1456 accepto,
1012 1340 1268 1460 priusquam
1293 1343 1348 1430 ab
1375 1371 1426 1428 eo
1450 1371 1495 1428 se
1520 1339 1754 1426 liberatum
1776 1338 1870 1457 ipse
1888 1369 2004 1426 cen-

496 1483 603 1567 seat,
646 1464 772 1554 claris
820 1464 1089 1582 argumentis
1137 1464 1452 1552 extinctionem
1501 1461 1687 1551 deberet
1729 1461 1995 1563 ostendere,

496 1620 584 1676 non
616 1585 803 1705 simplici
827 1587 1183 1706 praesumptione
1212 1617 1266 1674 ex
1289 1584 1540 1674 centenaria
1571 1598 1815 1700 exurgente
1847 1585 1996 1672 etiam

497 1712 540 1800 in
577 1710 687 1798 linea
722 1710 1047 1828 praesumptiva
1081 1709 1318 1827 Apostoliei
1365 1707 1599 1828 privilegii,
1638 1707 1700 1794 uti
1736 1707 1888 1794 videre
1925 1723 2000 1794 est

498 1835 540 1922 in
576 1834 762 1921 Romanu
796 1829 1142 1947 Capelianiorum
1176 1835 1237 1920 30
1270 1830 1374 1922 tulit
1407 1831 1528 1922 1768
1560 1826 1605 1952 S
1631 1830 1844 1942 Quaestio,
1882 1831 1998 1918 1313-

501 1955 579 2043 leu.
623 1955 770 2072 1139311
802 1955 880 2041 Pii
911 1955 972 2044 27
1008 1954 1230 2042 Februarii
1265 1955 1386 2046 1858
1419 1955 1463 2078 S.
1492 1955 1577 2040 Au.
1618 1957 1668 2042 Et
1692 1952 1995 2072 optimoqui-

496 2080 600 2170 dem
634 2078 830 2184 consilio,
867 2107 965 2166 cnm
1001 2077 1058 2166 de
1090 2077 1204 2166 lacili
1240 2109 1371 2168 onera
1397 2077 1689 2196 praetermitti
1714 2093 1892 2192 possent
1917 2077 1995 2164 vel

498 2235 521 2290 a
557 2201 806 2320 Capellanis
840 2202 1096 2306 successive,
1134 2203 1203 2288 vel
1238 2201 1298 2290 ab
1333 2201 1614 2290 universitate
1667 2215 1742 2286 aut
1778 2199 1986 2316 collegio,

499 2323 618 2445 quod
645 2351 887 2442 numquam
912 2323 1113 2431 moritur,
1140 2325 1262 2412 etita
1285 2337 1537 2414 testatorum
1562 2322 1876 2411 fraudarentur
1912 2353 1993 2410 vo-

499 2445 688 2534 luntates
711 2447 794 2534 sub
838 2443 993 2564 aegide
1024 2447 1313 2536 centenariae.

627 2573 777 2688 Neque
811 2568 937 2656 aliter
969 2565 1205 2658 dicendum
1239 2567 1296 2658 de
1318 2583 1579 2688 argumento
1601 2599 1654 2658 ex
1672 2567 1990 2684 praescriptio·

497 2723 552 2784 nc
590 2693 840 2809 desumpto.
884 2691 1272 2808 praescriptionem
1308 2693 1426 2782 enim
1473 2709 1623 2780 contra
1667 2719 1800 2778 onera
1838 2689 1987 2778 atissa·

499 2847 599 2904 rum
622 2813 718 2902 dari
760 2845 847 2902 non
872 2843 997 2930 posse
1020 2816 1203 2906 sustinet
1230 2815 1356 2902 Felice
1386 2816 1572 2904 Potestas
1607 2833 1705 2904 tom.
1748 2811 1767 2898 l
1810 2813 1989 2929 331111

497 2939 691 3028 132335
725 2937 828 3056 quia
859 2967 912 3026 ex
930 2937 1027 3026 inre
1062 2969 1128 3026 res
1164 2939 1404 3055 pupillaris,
1433 2939 1624 3028 durante
1645 2953 1757 3024 statu
1777 2935 1986 3056 pupillari

499 3061 738 3180 praescribi
767 3090 851 3147 non
877 3077 1018 3176 potest
1036 3061 1084 3149 L.
1113 3060 1239 3150 bonae
1261 3059 1364 3183 fidei
1381 3062 1511 3150 iuuet.
1538 3060 1672 3148 Gloss.
1700 3059 1814 3148 verb.
1830 3058 1982 3174 Pupil.

496 3182 548 3306 ff.
581 3184 631 3272 de
647 3186 811 3300 acquir.
856 3214 993 3270 rerum
1038 3183 1243 3271 dotniuio.
1282 3187 1414 3304 Atqui
1450 3184 1758 3273 d'elunctorum
1810 3182 1985 3271 animae

498 3307 646 3426 quoad
686 3307 747 3392 eis
780 3306 931 3394 debita
966 3305 1168 3425 suffragia
1215 3323 1315 3396 sunt
1350 3308 1559 3430 pupillae,
1602 3307 1704 3428 quia
1745 3305 1870 3396 sicuti
1905 3335 1983 3422 pu·

499 3429 591 3546 pilli
629 3432 687 3519 ob
731 3427 950 3530 delectum
998 3429 1166 3533 aetatis,
1194 3431 1252 3520 ita
1302 3431 1421 3547 ipsae
1470 3433 1528 3518 ob
1583 3429 1802 3518 delectum
1850 3443 1984 3518 status

499 3584 629 3672 agere
664 3583 750 3639 non
786 3551 951 3640 valent.
988 3553 1113 3641 Nulla
1162 3585 1266 3671 ergo
1302 3553 1589 3670 praescriptio
1623 3570 1773 3642 contra
1805 3553 1983 3642 deman·

497 3675 598 3764 data
631 3705 763 3763 onera
797 3677 1025 3763 Missurum
1058 3677 1260 3764 sustineri
1297 3707 1421 3793 posse
1456 3673 1697 3765 videretur.

625 3799 806 3913 lnsuper
842 3798 1121 3915 praescriptio
1156 3817 1220 3887 est
1253 3831 1276 3888 a
1311 3801 1481 3916 legibus
1514 3799 1759 3890 introduct-e
1794 3799 1838 3886 in
1872 3830 1979 3917 poe-

498 3949 600 4008 nam
621 3919 938 4036 negligentium
959 3921 1025 4007 ius
1049 3923 1280 4038 proprium
1302 3923 1348 4008 L.
1378 3923 1670 4044 supersecuta
1693 3925 1723 4010 2
1747 3922 1798 4009 de
1819 3919 1980 4008 Annali

495 4043 750 4159 praescript.
774 4073 867 4159 cop.
893 4043 940 4132 V
939 4041 1168 4158 ipilouti5,
1186 4046 1246 4131 De
1260 4045 1519 4162 Pruesrript.
1543 4045 1668 4134 Nulla
1683 4043 1980 4160 3313333311-

497 4165 641 4284 gentia
657 4183 730 4256 aut
748 4165 957 4282 patientia
973 4168 1182 4284 imputari
1197 4184 1336 4284 potest
1354 4171 1579 4272 defuncto,
1601 4169 1677 4289 qui
1699 4185 1823 4258 extra
1847 4165 1984 4256 homi·

498 4319 609 4376 num
633 4290 942 4376 commercium
965 4320 1144 4381 manens
1162 4323 1249 4380 non
1267 4307 1409 4408 potest
1428 4307 1576 4410 petere
1591 4291 1710 4411 quod
1728 4293 1813 4380 sibi
1846 4291 1984 4380 debe·

498 4426 586 4522 tur.
606 4409 734 4501 Unde
777 4411 958 4500 adnotat
984 4413 1178 4529 perbelle
1200 4413 1451 4532 Pasquulip.
1480 4415 1559 4504 loc.
1584 4418 1657 4504 cit.
1685 4432 1841 4532 quaest.
1865 4414 1982 4502 1017

497 4565 610 4621 natm.
649 4533 677 4621 7
728 4574 744 4612 ι
795 4552 992 4652 respectu
1030 4536 1162 4655 ipsius
1198 4568 1283 4625 non
1337 4539 1471 4626 habet
1524 4539 1667 4628 locum
1722 4537 1983 4626 lundamen·

504 4695 520 4734 1
561 4669 655 4746 tum
692 4659 1062 4774 praescriptionis,
1101 4689 1179 4750 nec
1214 4659 1366 4750 haeres
1402 4659 1470 4780 (et
1517 4664 1560 4748 in
1613 4662 1804 4749 themate
1837 4677 1982 4747 nostro

503 4821 521 4858 ι
559 4777 832 4898 donatarius)
867 4781 1008 4869 estin
1042 4783 1159 4870 bona
1193 4783 1319 4890 lide,
1367 4787 1470 4903 quia
1520 4815 1605 4875 non
1647 4801 1789 4902 potest
1822 4803 1982 4901 putare

388 4901 390 4908 ’
502 4940 520 4982 ι
559 4901 680 5021 quod
713 4901 946 4992 defunctus
979 4935 1065 4992 non
1098 4925 1220 4994 curet
1255 4907 1487 5026 adimpleri
1511 4907 1721 5026 legatum,
1743 4907 1866 5025 quasi
1893 4936 1981 4994 non

501 5063 518 5102 ι
559 5041 697 5141 petat,
736 5041 906 5144 peteret
939 5027 1056 5114 enim
1093 5029 1127 5114 si
1164 5047 1325 5146 posset.
1363 5031 1543 5120 Accedit
1574 5029 1694 5149 quod
1714 5029 1981 5148 generaliter

502 5188 519 5227 ι
560 5149 1982 5274 praescriptioestinductealegibushumanisproquieteettran·
2138 5144 2139 5153 ¹

500 5308 517 5349 ‹
557 5271 773 5386 quillitate
791 5271 1075 5390 reipublicae,
1096 5288 1139 5364 et
1158 5273 1258 5364 ideo
1278 5307 1365 5366 non
1383 5279 1478 5394 plus
1501 5307 1545 5366 se
1568 5275 1764 5366 extendit
1782 5303 1916 5393 qnam
1934 5304 1979 5362 se
