4558 6340
734 297 1286 416 mmmmma
1664 303 1757 394 m

273 467 291 506 ι
331 419 739 539 l’interpretazione
771 423 991 512 contraria
1039 423 1150 512 losse
1182 423 1369 541 seguita.
1410 423 1575 538 Quindi
1625 430 1763 518 molto

273 589 291 627 ι
332 576 466 634 meno
499 575 578 632 oon
612 561 765 663 qucsto
798 545 987 636 secondo
1037 548 1404 666 provvedimento
1438 549 1462 634 ὸ
1494 562 1605 637 stata
1656 547 1763 640 latta

274 711 291 750 ι
333 672 373 758 la
408 665 576 755 benclre
611 668 795 756 minima
831 670 1182 758 innovaztone.»

393 792 517 902 Quae
550 819 649 877 cum
684 792 741 880 ita
795 793 897 895 sint,
950 793 1101 880 labore
1151 821 1327 908 prorsus
1385 791 1545 898 inutili,
1606 813 1765 912 urgent

267 914 556 1032 CapitularcS,
594 914 836 1003 Canonicus
868 915 1002 1006 Gauci
1026 915 1274 1032 praedictae
1299 915 1570 1003 resolutionis
1587 946 1765 1033 expun-

267 1041 459 1129 ctionem
515 1051 557 1122 et
613 1037 860 1124 nullitatem
912 1071 936 1126 a
986 1039 1032 1128 S.
1085 1041 1138 1126 V.
1177 1039 1231 1127 O.
1279 1039 1525 1155 expostulat
1571 1041 1764 1156 speciosa

267 1165 427 1252 ductus
461 1161 626 1248 ratione
676 1160 795 1280 quod
830 1159 1080 1250 huiusmodi
1105 1161 1308 1248 resolutio
1333 1161 1524 1250 absurda
1547 1161 1753 1268 involvit,

267 1314 367 1374 cum
393 1282 675 1398 exsuperius
707 1283 924 1387 deductis,
963 1285 1177 1402 explorati
1213 1283 1313 1372 lacti
1346 1283 1401 1370 sit
1435 1283 1761 1400 interpretatio·

263 1423 372 1496 'uem
423 1407 480 1494 ab
531 1407 623 1522 ipso
671 1405 888 1496 Canonico
937 1407 981 1494 in
1017 1406 1214 1496 medinm
1248 1405 1461 1526 prolatam
1497 1437 1627 1527 quam
1663 1437 1758 1497 ma-

266 1531 407 1618 ximas
440 1527 736 1616 absurditates
783 1529 1022 1619 continere.
1068 1529 1199 1642 Quod
1245 1561 1313 1618 res
1364 1529 1422 1617 ita
1472 1528 1663 1646 prolecto
1708 1561 1756 1618 se

268 1652 448 1753 babent,
493 1651 636 1767 prouti
687 1652 959 1770 Capituleres
1006 1667 1230 1770 arguunt,
1272 1651 1365 1739 erui
1416 1681 1540 1766 posse
1589 1651 1765 1740 videtur

270 1805 324 1864 ex
358 1773 461 1892 ipsis
495 1773 650 1860 litteris
672 1775 875 1891 Episcopi
911 1775 1223 1864 informatoriis
1255 1773 1402 1892 prouti
1436 1803 1491 1860 ex
1524 1774 1752 1891 ipsiusmet

266 1896 413 1987 verbis
446 1897 646 2014 superius
679 1897 887 2015 expositis
922 1898 1203 1986 manilestum
1239 1895 1452 2013 erumpit.

389 2021 514 2108 Hisce
547 2051 626 2134 pro
663 2035 851 2137 utraque
886 2037 1007 2140 parte
1040 2021 1286 2139 praeiactis,
1323 2017 1456 2106 modo
1501 2018 1672 2136 aliquid
1707 2049 1762 2107 ex

267 2139 406 2230 officio
440 2141 659 2231 adducere
692 2175 854 2258 operae
887 2143 1077 2263 pretinm
1104 2143 1269 2260 putavi,
1297 2160 1344 2229 ut
1363 2141 1405 2228 in
1428 2141 1507 2228 bac
1530 2141 1761 2231 enodanda

265 2265 520 2385 quaestione
554 2267 608 2354 H.
634 2267 679 2356 S.
707 2268 756 2355 C.
784 2268 957 2383 praxim
982 2270 1067 2354 uu.
1094 2269 1189 2353 VV.
1218 2295 1321 2383 prae
1344 2263 1478 2353 oculis
1504 2263 1708 2352 habeant.

391 2387 520 2476 Nullo
553 2403 680 2507 pacto
715 2390 879 2508 ambigi
916 2401 1039 2506 posse
1064 2388 1255 2494 videtur,
1282 2386 1419 2504 quud,
1448 2385 1523 2473 ubi
1545 2417 1649 2474 cura
1670 2383 1763 2473 aui-

263 2539 435 2598 marum
469 2541 601 2628 penes
635 2512 813 2629 aliquod
850 2513 1161 2602 monasterium
1184 2513 1254 2600 vel
1277 2510 1512 2597 Ecclesiam
1546 2509 1637 2597 sive
1669 2510 1751 2596 Ca·

270 2632 528 2740 tlredralem,
556 2634 647 2721 sive
681 2633 966 2750 Collegiatam
1002 2634 1181 2736 residet,
1208 2664 1259 2721 ea
1291 2630 1529 2750 aCollegio
1562 2629 1755 2720 exerceri

263 2759 398 2874 possit
441 2757 509 2844 vel
545 2787 626 2874 per
658 2757 851 2847 Vicarios
885 2758 941 2845 ad
977 2774 1132 2845 nutum
1169 2755 1447 2858 amovibiles;
1490 2770 1538 2841 ut
1579 2783 1755 2871 argum.

265 2895 364 2967 text.
391 2878 526 2966 Clam.
554 2881 598 2967 l.
627 2883 793 2968 notavit
826 2881 890 2967 ibi
924 2880 1058 2967 Gloss.
1088 2879 1201 2967 oerd.
1221 2877 1279 2966 nd
1326 2907 1503 2964 mensum
1527 2877 1589 2960 Dc
1621 2907 1756 2962 exces-

262 3003 342 3090 sit.
369 3001 565 3090 Proelot.
592 3022 628 3092 et
651 3004 798 3092 Glossa
819 3003 942 3090 uerbo
963 3003 1172 3090 Haberent
1199 3005 1240 3088 in
1267 3000 1397 3089 Cleua.
1427 3000 1444 3085 l
1477 2997 1528 3085 de
1549 2999 1758 3112 Rescript.

263 3142 302 3213 et
334 3125 482 3212 Glossu
514 3127 723 3214 ventove
755 3159 891 3214 merrae
925 3127 970 3213 in
1002 3127 1133 3214 Cleua.
1166 3125 1273 3210 Ille
1305 3121 1446 3238 suppl.
1484 3119 1642 3237 neplip.
1685 3118 1755 3208 vel

267 3249 324 3336 ab
359 3249 460 3364 ipsis
493 3251 722 3338 Canonicis
756 3281 833 3368 per
868 3267 1045 3339 turnum
1082 3250 1200 3336 iuxta
1224 3263 1323 3336 text.
1352 3243 1521 3359 iuGap.
1546 3243 1755 3331 Statutum

264 3370 316 3457 dc
347 3372 462 3458 elect.
499 3373 543 3457 in
579 3375 608 3458 6
640 3375 708 3461 cui
743 3373 978 3462 concinunt
1010 3403 1061 3462 ea
1094 3401 1209 3490 quae
1256 3369 1434 3457 tradunt
1481 3366 1671 3454 Bardosa
1704 3363 1757 3451 dc

257 3507 409 3610 potest.
431 3493 574 3610 Epire.
602 3497 773 3612 ollcpnt.
803 3499 864 3583 60
891 3529 935 3583 n.
962 3497 1038 3600 30,
1066 3495 1162 3582 Pax
1194 3490 1372 3580 lordun.
1409 3491 1558 3578 tom.2
1594 3486 1755 3576 tucntr.

264 3615 340 3702 lib.
369 3617 428 3704 to
463 3620 529 3704 tit.
551 3619 580 3706 8
613 3651 656 3707 n.
682 3621 759 3708 82.
787 3619 917 3706 Paris
952 3617 1003 3706 dc
1035 3619 1191 3734 resipn.
1219 3615 1352 3736 benef.
1374 3613 1450 3701 tit.
1472 3613 1562 3730 sq.
1583 3613 1675 3698 9n.
1698 3611 1760 3698 93

263 3756 308 3828 et
331 3741 403 3828 alii
427 3743 759 3860 quamplurimi.

386 3867 703 3954 Verumtamen
753 3867 853 3955 licet
903 3863 1125 3982 praedicta
1179 3859 1419 3979 procedant
1468 3857 1524 3946 de
1558 3855 1653 3944 iure
1684 3885 1759 3944 co-

234 3985 386 4073 'muui
420 3989 618 4107 antiquo,
645 3987 776 4077 bodie
811 3983 1087 4104 tamenpost
1119 3984 1518 4105 promulgationem
1553 4009 1747 4096 praeser-

264 4110 341 4196 tim
376 4113 556 4200 Concilii
589 4111 838 4201 'l'ridcntini
872 4141 964 4199 rem
999 4113 1278 4198 immutatam
1302 4135 1395 4195 esse
1417 4119 1540 4193 extra
1573 4132 1751 4191 omnem

262 4231 549 4322 dubitationis
582 4237 722 4323 aleam
758 4235 949 4351 positum
982 4263 1076 4322 esse
1108 4232 1300 4320 videtur.
1341 4231 1457 4320 Sane
1492 4225 1569 4312 ubi
1603 4240 1760 4344 agatur

263 4353 319 4442 de
354 4357 709 4478 quibuscumque
740 4357 949 4445 benelicis
982 4355 1141 4444 curatis
1163 4383 1277 4473 quae
1299 4351 1498 4440 Ecclesiis
1520 4345 1758 4437 Cathedra·

263 4478 392 4586 libus,
420 4480 670 4599 Collegiatis
703 4499 746 4570 et
780 4479 1055 4569 monasteriis
1090 4477 1213 4565 uuita
1247 4475 1527 4594 reperiuntur
1569 4468 1757 4556 Triden-

263 4601 354 4690 tiua
386 4605 591 4722 Synodus
622 4605 727 4692 Sese.
755 4607 783 4692 7
806 4635 900 4720 cop.
926 4605 954 4691 7
979 4602 1030 4690 dc
1050 4601 1135 4722 res.
1162 4601 1355 4689 locorum
1390 4592 1634 4686 ordinarios
1657 4591 1757 4678 bor·

261 4739 380 4813 tatur
412 4759 655 4847 eorumque
687 4727 1028 4816 sollicitudinem
1062 4723 1222 4814 excitat
1256 4737 1471 4840 quatenus
1520 4711 1758 4833 providere

263 4867 501 4966 procurent
536 4871 582 4940 ut
614 4883 718 4940 cura
751 4851 995 4938 animarum
1047 4880 1125 4968 per
1174 4846 1354 4935 idoneos
1385 4839 1581 4933 Vicarios
1624 4835 1757 4924 etiam

229 5007 235 5014 ·
263 4992 500 5090 perpetuos
534 4975 702 5063 ibidem
726 4973 1003 5090 deputandos
1026 4970 1305 5062 laudabiliter
1327 4979 1597 5054 exerceatur:
1624 4958 1682 5046 ita
1704 4971 1753 5046 ut

261 5099 436 5185 exclusa
469 5100 622 5216 quavis
655 5095 891 5186 dubitandi
925 5095 1091 5182 ratione
1133 5121 1266 5208 super
1300 5087 1482 5179 Vicariis
1527 5089 1570 5171 iu
1607 5079 1754 5170 buius·

261 5219 383 5308 modi
415 5220 727 5340 Collegialibus
759 5217 958 5306 Ecclesiis
1011 5213 1294 5333 deputandis,
1337 5210 1527 5328 positum
1564 5221 1758 5345 tautum·
1866 5325 1867 5328 .

230 5344 396 5432 'modo
430 5345 631 5436 videatur
665 5345 707 5431 in
740 5345 1054 5463 Episcoporum
1089 5337 1272 5425 arbitrio
1322 5331 1546 5424 Vicarium
1590 5357 1757 5418 amorr-

264 5461 406 5554 bilem
438 5495 517 5557 seu
549 5473 694 5586 potius
728 5483 1004 5588 perpetuum·
1024 5461 1394 5552 constituere-En
1430 5452 1651 5576 praelatae
1682 5481 1753 5570 sy·
