4530 6336
573 349 665 440 374
881 392 885 400 ·
1073 345 1154 434 Die
1185 345 1247 434 26
1281 345 1384 432 lulli
1419 343 1556 436 l879.

704 467 943 590 Utriusque
977 467 1113 586 partis
1144 467 1488 562 deductionibus
1521 466 1582 556 sie
1614 467 1847 584 expressis,
1877 480 2081 584 praestat

582 593 716 685 modo
750 591 918 710 aliquid
951 591 1206 710 adiungere,
1233 591 1355 709 quod
1389 587 1445 678 ad
1479 620 1571 682 rem
1608 587 1744 707 magis
1765 590 1970 678 conlerre
2001 589 2081 675 vi-

584 719 731 810 detur.
772 715 1016 833 Utcumque
1049 713 1256 816 Cananici
1296 711 1521 831 querclam
1556 713 1598 800 in
1636 709 1950 801 invalidatioue
1973 741 2081 828 poe·

581 871 666 930 uae
699 836 992 954 suspensionis
1025 836 1081 927 ad
1116 837 1261 924 minus
1294 835 1588 937 cohibuerint,
1630 865 1727 921 cum
1765 851 1912 924 tamen
1946 865 2083 923 causa

583 961 809 1052 absentiae
840 989 866 1048 a
898 959 1042 1049 Cboro
1075 991 1155 1076 pro
1188 957 1460 1077 excipiendis
1492 957 1851 1061 confessionibus,
1894 989 1983 1046 nan
2020 988 2077 1046 ex

583 1083 768 1172 arbitria
802 1079 878 1170 sed
912 1113 967 1170 ex
999 1081 1269 1199 obligatione
1323 1080 1551 1172 Canonicis
1594 1079 1905 1168 lllessiaeasibus
1949 1111 1974 1168 a
2010 1095 2079 1167 tc·

585 1222 750 1296 statore
784 1204 984 1322 imposita
1019 1205 1259 1309 derivetur,
1289 1203 1388 1291 bine
1411 1205 1555 1319 potins
1575 1202 1629 1290 de
1651 1203 1771 1291 bono
1796 1203 1909 1306 iure,
1935 1233 2074 1320 quam

585 1327 643 1418 dc
676 1356 820 1444 poena
855 1327 1168 1446 inquirendum
1205 1357 1298 1416 esse
1347 1326 1537 1414 videtur.
1573 1324 1701 1439 Quod
1758 1324 1966 1443 obligatio
1998 1355 2116 1417 uus

588 1449 741 1542 diendi
776 1447 1066 1538 confessiones
1108 1450 1308 1568 imposita
1356 1450 1411 1537 sit
1460 1449 1575 1538 bisce
1613 1447 1845 1539 Canonicis
1894 1448 2075 1536 nullate·

582 1603 665 1662 nus
715 1569 892 1662 videtur
926 1601 1053 1688 posse
1095 1569 1312 1674 dubitari,
1339 1601 1476 1691 qaum
1512 1571 1742 1661 manifesta
1781 1571 1836 1658 sit
1868 1571 2071 1660 voluntas

585 1693 800 1782 testatoris
828 1733 845 1772 ι
876 1693 1021 1811 voglio
1054 1694 1134 1785 clre
1166 1724 1343 1814 agnano
1377 1692 1448 1782 dci
1471 1693 1581 1783 detti
1605 1691 1813 1783 Canonici
1835 1691 1898 1781 sia
1924 1709 2075 1782 tenuta

593 1859 609 1896 ι
648 1815 706 1905 ed
738 1815 966 1932 obbligato
1001 1818 1100 1936 ogni
1134 1816 1288 1936 giorno
1320 1816 1505 1905 recitare
1527 1849 1551 1904 e
1575 1832 1754 1904 cantare
1777 1815 1804 1903 il
1840 1815 1993 1904 divino
2015 1817 2076 1904 ol·

589 1981 605 2020 ι
644 1937 757 2027 ficio.
789 2005 797 2024 .
832 2007 841 2026 .
873 2004 882 2023 .
911 1937 1159 2057 consessura,
1184 1941 1384 2028 assistere
1417 1939 1500 2028 alle
1534 1969 1674 2028 messe
1708 1953 1881 2028 cantate
1931 1939 2073 2056 quoti·

589 2103 605 2142 ι
645 2061 778 2152 diune
796 2061 851 2150 ed
870 2059 953 2150 alle
974 2061 1165 2152 lunziani
1190 2061 1412 2151 ordinarie
1440 2102 1480 2150 ι.
1507 2061 1635 2174 Quod
1659 2076 1808 2151 tamen
1841 2057 1943 2150 buic
1963 2062 2074 2150 obli·

585 2183 765 2302 gationi,
792 2184 1040 2302 consessore,
1065 2201 1264 2304 tempora
1288 2183 1425 2273 divini
1449 2182 1575 2272 officii
1599 2183 1956 2273 satisfaciendum
1977 2215 2071 2273 esse

585 2306 841 2411 intenderit,
869 2305 949 2394 boc
982 2307 1175 2428 prolecta
1209 2307 1382 2424 penitus
1415 2308 1604 2396 alienum
1631 2322 1724 2394 tum
1758 2337 1783 2396 a
1816 2306 1913 2424 lege
1944 2337 2076 2396 cauo-

581 2428 678 2517 uica
712 2443 804 2517 tum
838 2427 898 2517 ab
932 2428 1023 2550 ipsa
1056 2430 1273 2519 testatoris
1307 2431 1532 2520 voluntate
1565 2429 1756 2518 videtur.

709 2555 781 2640 Est
814 2552 932 2640 enim
967 2553 1172 2640 omnibus
1206 2553 1431 2670 explorata
1455 2555 1688 2644 Sacrorum
1711 2555 1958 2656 Canonum,
1985 2581 2064 2640 nec

584 2705 671 2761 nan
704 2673 951 2763 Tridentini
985 2675 1166 2766 Consilii
1199 2675 1442 2792 dispositio,
1469 2705 1555 2793 qua
1589 2673 1795 2764 Canonici
1830 2673 2066 2763 amissione

583 2794 942 2886 distributionum
977 2797 1335 2916 quotidianarum
1370 2799 1635 2887 mulctantur
1669 2800 1727 2886 ab
1759 2795 2002 2884 absentiam
2038 2829 2064 2886 a

583 2919 713 3008 choro
746 2911 842 3008 sess.
879 2921 940 3008 24
973 2953 1063 3036 cap.
1105 2921 1164 3008 t2
1198 2919 1249 3006 de
1269 2921 1446 3038 reform.
1477 2963 1493 2999 ι
1528 2919 1844 3008 distributiones
1866 2950 1963 3006 uero
1985 2923 2061 3038 qui

583 3045 703 3130 statis
736 3041 855 3130 ltoris
888 3043 1161 3164 interfuerint
1192 3044 1419 3160 recipiant;
1448 3042 1605 3160 reliqui
1653 3043 1799 3162 qrtauis
1842 3041 2068 3130 collusione

583 3182 656 3254 aest
688 3166 928 3255 remissione
959 3167 1141 3266 exclusa,
1170 3167 1237 3254 luis
1258 3185 1425 3255 careant
1456 3201 1492 3272 »3
1517 3167 1628 3257 adeo
1654 3183 1700 3252 ut
1725 3168 1797 3252 uni
1831 3165 2066 3253 Paeniten-

585 3287 711 3375 tiaria
744 3319 947 3379 concessa
979 3291 1033 3379 sit
1067 3289 1245 3380 incultas
1296 3307 1342 3378 nt
1373 3321 1450 3378 ceu
1486 3319 1689 3408 praesens
1725 3287 1769 3375 in
1793 3287 1924 3376 choro
1958 3287 2060 3376 reti·

583 3427 739 3499 nentur
771 3409 877 3500 dum
914 3413 956 3500 in
1001 3413 1337 3502 consessinnario
1369 3413 1508 3518 sedet;
1535 3443 1628 3500 sess.
1655 3413 1828 3526 2lcap.
1860 3409 1962 3498 8de
1995 3443 2058 3497 re·

580 3531 711 3654 farra.
744 3573 761 3612 ι
791 3533 887 3622 datm
922 3535 1192 3656 confessiones
1225 3536 1271 3620 iu
1303 3534 1491 3622 Ecclesia
1533 3533 1694 3634 audiet,
1730 3535 1900 3622 iuterim
1930 3565 2067 3649 prae-

579 3687 668 3743 sens
701 3657 746 3744 in
778 3657 904 3745 altaro
937 3674 1146 3746 censeatur
1176 3693 1214 3763 ⁹3
1243 3657 1360 3746 unde
1394 3656 1521 3748 lacile
1554 3657 1771 3760 insertur,
1815 3656 1934 3776 quod
1968 3657 2063 3744 aliis

582 3777 871 3870 Canonicisid
888 3811 975 3869 non
996 3781 1282 3897 permittitur,
1309 3781 1685 3900 quemadmodum
1709 3778 1914 3870 definivit
1937 3780 1982 3868 S.
2008 3781 2065 3868 0.

581 3899 624 3985 in
659 3901 847 3990 Bassiana
867 3902 1044 3990 Scroitii
1060 3903 1195 3990 Clari
1225 3905 1285 3993 23
1331 3902 1591 3992 Decetnbris
1626 3903 1748 3991 4690
1771 3903 1815 3990 in
1839 3931 1966 3992 causa
1989 3903 2072 3989 Ca·

581 4019 713 4138 pituli
746 4027 792 4116 S.
819 4027 978 4114 llariae
1012 4025 1055 4112 in
1089 4026 1321 4116 Cosmedin
1358 4025 1415 4115 do
1448 4027 1582 4114 Urbe.
1627 4027 1762 4144 Leges
1794 4043 1895 4114 sunt
1928 4024 2069 4111 istius·

578 4143 719 4246 modi,
745 4179 859 4266 quaa
892 4147 1115 4264 publicum
1150 4179 1199 4236 ac
1231 4148 1480 4268 generalem
1517 4147 1718 4237 ordinem
1753 4147 1797 4238 in
1832 4147 2062 4263 disciplina

581 4265 797 4357 Ecclesiae
830 4272 1097 4360 constituunt
1130 4273 1239 4362 dum
1266 4289 1468 4361 naturam
1503 4289 1546 4361 ct
1580 4271 1813 4362 essentiam
1838 4269 1962 4360 otlicii
1987 4271 2067 4359 Ca-

579 4389 838 4480 nonicarum
872 4395 1185 4502 determinant;
1213 4395 1326 4485 adea
1360 4395 1474 4486 atsi
1508 4394 1711 4512 exceptio
1756 4393 1850 4482 dari
1900 4408 2060 4510 posset,

583 4510 646 4598 uti
683 4511 783 4603 data
817 4515 906 4604 iam
941 4549 1072 4637 supra
1121 4520 1385 4608 enunciatur
1417 4549 1441 4606 a
1475 4519 1600 4608 Sum.
1638 4516 1927 4606 Pontificibus
1971 4517 2066 4606 Cle—

568 4650 729 4722 ·mentc
760 4639 843 4724 Xll
877 4653 921 4728 ct
953 4640 1191 4728 Benedicta
1224 4643 1327 4730 XlV
1352 4642 1395 4728 in
1422 4670 1604 4756 persona
1640 4645 1691 4728 B.
1713 4640 1882 4728 loannis
1915 4639 2062 4758 Rapti-

586 4773 677 4844 stao
711 4761 942 4866 De-llussi,
971 4763 1143 4852 nonnisi
1161 4793 1293 4882 squam
1312 4763 1544 4882 specialem
1566 4763 1785 4852 individui
1805 4791 1953 4851 casum
1978 4759 2069 4848 alli·

578 4897 712 4984 ceret;
740 4913 983 5003 numquam
1010 4917 1113 4975 vero
1136 4917 1290 4976 omnes
1313 4904 1356 4974 et
1378 4885 1570 5006 singulos
1592 4887 1849 4989 canonicos,
1870 4917 1944 4974 seu
1969 4885 2062 4972 uni-

578 5031 753 5092 versum
777 5009 1101 5098 Canonicorum
1136 5025 1327 5097 caetum.
1353 5011 1669 5128 Quaecumque
1718 5009 1886 5127 concipi
1923 5009 2060 5094 valeat

560 5125 835 5218 institutoris
867 5133 1068 5220 voluntas
1104 5131 1146 5218 in
1183 5133 1400 5220 erectione
1433 5129 1688 5250 collegiatae
1732 5148 1775 5220 et
1817 5130 2054 5221 Canonico·

577 5277 676 5354 rum
700 5249 913 5359 eiusdem,
950 5255 1069 5344 lraud
1102 5285 1313 5373 amquam
1347 5253 1519 5344 admitti
1555 5271 1715 5373 potest,
1741 5255 1863 5374 quod
1896 5253 2061 5344 lunda-

559 5374 817 5464 ‘mcntalcm
852 5377 963 5466 hanc
997 5379 1156 5497 legem,
1184 5377 1409 5482 nimirum,
1449 5379 1568 5496 quod
1620 5379 1824 5478 Canonici
1866 5377 2059 5480 debeant

573 5494 763 5608 psallere
796 5499 840 5586 in
874 5501 1032 5607 Clraro,
1054 5499 1391 5592 conventualem
1426 5532 1582 5590 currere
1631 5503 1828 5598 missam.
1876 5499 2060 5617 aliisque

575 5613 835 5710 huiusmodi
883 5623 1037 5712 officiis
1090 5623 1290 5744 deluugi,
1332 5625 1590 5712 subvertere
1640 5621 1911 5728 intenderit,
1952 5622 2057 5742 quia
