4558 6340
488 341 493 352 ’
577 341 671 431 are
1043 341 1126 428 uti
1155 342 1218 430 eo
1255 341 1425 456 ‚aaa
1458 342 1597 432 tero.
1655 342 1657 346 ’

573 481 739 586 plante,
768 463 1071 582 Praepositum
1095 495 1187 552 esse
1220 463 1398 565 debeat,
1422 497 1545 552 senza
1567 497 1668 552 caru
1691 465 1740 552 tt
1760 468 1900 554 anime
1924 499 1946 552 e
1978 495 2069 554 uoce

574 589 621 674 in
653 585 866 698 Capitale,
892 587 1080 702 primum
1117 619 1221 674 voro
1255 588 1432 674 stallum
1465 588 1509 674 ia
1544 589 1675 677 choro
1699 619 1791 678 esse
1815 590 1985 678 debeat
2007 621 2067 675 aa·

575 725 742 826 eepnato
765 709 810 795 al
843 710 1052 798 Canonico
1087 710 1274 796 Parroco
1299 709 1620 798 Eddornadariu
1654 744 1677 796 o
1709 713 1989 830 [nazianante

576 831 779 920 uerendolo
800 865 828 917 a
849 835 1027 920 ritenerc
1051 831 1086 918 il
1107 834 1308 920 Precoata
1341 833 1448 920 nelle
1479 833 1564 920 sole
1594 865 1663 920 ene
1683 833 1786 952 [este
1818 865 1842 919 o
1866 834 2070 952 [unciani

575 955 894 1070 Prepesitnrali
921 1021 965 1042 ..
994 1021 1003 1042 .
1030 1021 1039 1042 .
1066 957 1103 1041 si
1137 958 1157 1042 ὁ
1190 954 1238 1040 di
1260 958 1453 1044 unanime
1484 989 1504 1042 e
1535 957 1727 1071 penerale
1749 955 1930 1042 occardo
1962 987 2064 1067 pra·

570 1095 708 1194 posto,
735 1095 967 1194 approvato
990 1111 1011 1164 e
1033 1077 1239 1164 decretulo
1269 1109 1347 1192 per
1382 1078 1496 1194 loppa
1527 1077 1706 1193 speciale
1728 1075 1777 1164 di
1799 1093 1945 1194 questa
1968 1077 2066 1164 Col-

574 1202 730 1316 lepiata
763 1233 789 1284 a
821 1233 961 1288 scanso
995 1198 1044 1286 di
1078 1201 1149 1288 liti
1172 1200 1385 1299 alteriori,
1413 1235 1432 1286 e
1460 1231 1540 1316 per
1570 1200 1743 1286 l'amore
1775 1199 1823 1286 di
1853 1231 1962 1314 pace
1995 1199 2066 1286 cte

574 1323 610 1410 il
642 1321 833 1408 suddetto
857 1323 981 1411 stallo
1016 1323 1138 1410 d'ura
1171 1322 1346 1408 innanzi
1376 1325 1440 1408 sia
1464 1321 1608 1410 cedato
1641 1323 1687 1408 al
1708 1323 1796 1408 solo
1815 1320 2064 1436 principale

573 1447 847 1566 [nnzr'onante
879 1447 943 1532 nia
972 1461 1166 1562 prenosto
1189 1478 1212 1530 u
1236 1445 1446 1532 Canonico
1468 1444 1809 1542 Eddurnadario,
1836 1478 1860 1530 o
1883 1443 1957 1530 clei
1989 1475 2065 1558 per

575 1571 654 1656 essi
687 1601 735 1652 ne
766 1568 866 1687 [ard
901 1569 937 1656 lc
967 1570 1085 1656 aeci.
1116 1633 1162 1654 ..
1209 1569 1333 1679 Quae
1377 1567 1638 1656 deliberatio
1672 1569 1855 1659 maximi
1893 1583 1962 1653 est
2005 1565 2065 1654 la·

577 1691 732 1780 cienda
766 1690 992 1791 momenti,
1029 1721 1127 1778 cum
1151 1690 1192 1777 in
1227 1691 1540 1806 capitularibus
1572 1689 1964 1778 constitutionibus
2011 1689 2069 1775 ab

573 1815 788 1933 Episcopo
823 1814 925 1900 bina
950 1814 1041 1902 vice
1059 1813 1313 1930 approbatis
1330 1813 1413 1902 sub
1430 1843 1523 1928 cap.
1542 1814 1618 1900 32.
1645 1830 1861 1928 statuatur
1880 1813 1984 1898 lites
2003 1811 2068 1898 iu·

574 1957 641 2026 ter
654 1937 895 2027 Canonicos
908 1957 1078 2024 exortas
1093 1965 1172 2052 per
1194 1937 1401 2052 ipsosmet
1414 1935 1730 2024 examinandas
1743 1935 2064 2035 discutiendas,

573 2077 706 2179 atque
739 2059 828 2146 alia
853 2076 1087 2174 opportuno
1110 2058 1293 2146 remedio
1327 2059 1621 2148 terminandas
1644 2089 1753 2146 csse.
1781 2057 1967 2144 Accedit
1992 2057 2068 2144 ob·
2149 2139 2151 2145 ,

573 2183 788 2270 servantia
810 2213 924 2298 quae
958 2199 1107 2268 mouet
1130 2183 1436 2298 Praepositum
1473 2213 1558 2299 (pua
1593 2180 1722 2268 talem
1748 2208 1991 2300 numquam
2024 2179 2066 2264 in
2124 2207 2126 2212 ’

575 2304 886 2424 possessionem
930 2304 1226 2418 capitulariter
1258 2305 1497 2394 admissum
1533 2304 1684 2404 luisse,
1721 2334 1800 2391 ceu
1846 2323 1936 2390 tres
1975 2301 2063 2388 de-

572 2444 742 2544 ponunt
782 2443 913 2514 testes
945 2428 988 2512 in
1022 2459 1100 2515 suo
1134 2429 1385 2517 Summario
1419 2427 1560 2514 relati.

697 2549 997 2665 Praepositum
1014 2567 1160 2638 autem
1179 2550 1232 2636 ad
1247 2551 1387 2666 legem
1401 2549 1662 2639 residentiae
1677 2578 1763 2636 uon
1783 2547 1922 2634 teneri
1938 2543 2064 2632 tertio

573 2675 667 2762 luco
706 2673 893 2788 probare
931 2693 1113 2760 conatur
1143 2672 1367 2762 'Defensor
1404 2691 1489 2760 tam
1525 2705 1580 2762 ex
1602 2705 1653 2759 eu
1689 2671 1805 2790 quod
1835 2669 2061 2785 Praeposi-

572 2813 665 2882 tura
684 2795 920 2912 aliquando
942 2796 1096 2884 collata
1120 2795 1200 2882 luit
1224 2797 1395 2884 cuidam
1419 2797 1644 2886 Sacerdoti
1671 2794 1712 2880 in
1740 2793 1877 2880 insula
1895 2794 1944 2882 S.
1968 2788 2061 2876 lulii

572 2917 843 3007 domicilium
880 2918 1075 3020 babenti,
1114 2937 1245 3036 atque
1278 2923 1443 3006 latrum
1482 2919 1644 3035 petenti
1681 2919 1723 3002 in
1748 2915 1908 3003 diebus
1931 2916 2063 3000 Prae-

570 3043 791 3161 positurae
826 3057 1014 3148 tantum3
1051 3073 1184 3159 qaam
1218 3073 1271 3130 ex
1305 3073 1356 3129 eo
1390 3043 1509 3159 quod
1532 3040 1861 3156 Praepositurae
1890 3033 2060 3124 bcueli·

570 3166 685 3252 cium
723 3162 838 3250 uniri
886 3165 995 3250 solet
1037 3165 1253 3254 beoelicio
1301 3165 1537 3254 canonicali
1589 3167 1631 3252 in
1683 3194 1765 3250 una
1812 3161 2061 3276 eademque

571 3287 777 3374 Canonici
815 3286 996 3374 Parocbi
1031 3318 1229 3402 persona,
1267 3289 1385 3406 quod
1413 3287 1505 3376 lteri
1531 3319 1616 3376 riou
1652 3291 1797 3402 posset
1838 3283 1872 3370 si
1913 3281 2059 3398 ipsum

571 3409 852 3496 residentiale
884 3428 996 3497 essct
1028 3429 1069 3497 et
1104 3412 1288 3498 minime
1321 3413 1524 3529 simplex,
1562 3411 1670 3498 dum
1705 3407 1924 3494 nemiuem
1956 3407 2058 3492 latet

568 3532 889 3622 beneficiorum
905 3533 1253 3620 residentiulium
1272 3534 1584 3648 possessionem
1605 3530 1869 3618 secamlerra
1888 3555 2059 3614 aarum·

570 3655 671 3743 dem
708 3656 1182 3772 incompatibilitetem.
1222 3659 1367 3772 lpsum
1404 3658 1582 3772 iusuper
1613 3683 1721 3742 voce
1763 3653 1807 3738 iu
1852 3648 2053 3766 Capitale

567 3779 743 3867 destitui
772 3779 973 3879 ullirmat,
996 3779 1140 3894 prouti
1160 3779 1298 3865 innuit
1337 3780 1378 3865 in
1412 3795 1568 3896 quarto
1603 3779 1711 3880 loeo,
1753 3792 1847 3862 tum
1874 3805 1929 3860 ex
1957 3801 2054 3890 pus·

568 3901 768 3988 sessionis
802 3919 899 3988 actu
934 3901 989 3988 de
1022 3931 1138 3988 anno
1173 3903 1293 3990 1763
1330 3902 1405 3990 ubi
1438 3917 1591 4019 aperte
1624 3900 1871 3987 declaratur
1895 3925 2056 4013 passes-

570 4022 737 4108 sionem
773 4025 1103 4140 praepositurae
1126 4021 1272 4114 datam
1301 4025 1429 4114 luisse
1450 4027 1539 4114 sinc
1560 4041 1695 4112 tamen
1712 4021 1839 4110 stallo
1863 4021 1906 4106 in
1930 4016 2053 4104 cicaro

569 4146 658 4232 aine
689 4177 784 4232 uoce
816 4147 861 4232 in
893 4146 1152 4259 Capitalo...
1189 4149 1350 4234 narniae
1381 4147 1704 4244 contradicente,
1742 4161 1835 4232 tum
1871 4174 1924 4230 ex
1956 4155 2051 4228 actu

568 4267 806 4384 Capitulari
840 4267 927 4357 diei
963 4269 1020 4355 15
1053 4271 1195 4358 Martii
1232 4271 1367 4372 1855,
1405 4271 1449 4358 ia
1494 4303 1582 4389 quo
1632 4269 1858 4386 perlegere
1899 4263 2050 4352 datum

570 4405 634 4478 est
669 4391 1016 4507 Praeposiruram
1050 4423 1143 4480 esse
1176 4425 1298 4480 senza
1331 4427 1433 4480 cara
1466 4393 1514 4480 cli
1547 4395 1682 4480 anime
1714 4425 1735 4478 e
1766 4423 1860 4476 vace
1893 4387 1936 4474 in
1968 4383 2049 4471 Ga-

565 4512 722 4628 pitalo.
761 4513 874 4602 Nihil
909 4529 1054 4603 autem
1092 4517 1287 4604 relevare
1311 4533 1428 4604 tenet
1450 4533 1542 4606 acta
1567 4513 1837 4602 Visitationis
1860 4511 1918 4598 de
1940 4537 2050 4596 anuo

568 4636 708 4738 1617,
746 4636 984 4754 inquibus
1018 4657 1245 4726 enarratur
1279 4641 1579 4758 Praepositum
1622 4669 1770 4726 vocem
1805 4635 1971 4723 babere
2005 4629 2048 4715 in

567 4758 784 4874 Capitulo;
805 4763 1011 4880 quoniam
1033 4763 1123 4878 ipsa
1145 4777 1238 4850 acta
1274 4761 1458 4850 minime
1473 4763 1759 4850 exhibentur:
1787 4777 1830 4846 et
1848 4751 2049 4876 quamvis

567 4882 899 4984 exhiberentur,
955 4913 1041 4970 riou
1074 4901 1255 5002 agerent
1297 4883 1376 4972 uisi
1411 4884 1467 4974 de
1500 4887 1752 5003 Praeposito
1786 4879 1934 4968 Petere
1970 4871 2046 4994 qui

565 5021 661 5092 erat
692 5005 933 5094 canonicus
967 5010 1199 5112 parochus,
1237 5024 1400 5126 etqua
1434 5009 1530 5097 talis
1576 5007 1767 5094 babebat
1816 5031 1971 5092 vocem
2005 4999 2047 5084 ia
2194 5001 2196 5004 ’

567 5126 787 5244 Capitale.

689 5252 797 5338 ltem
833 5252 952 5370 quod
984 5253 1138 5371 quinto
1173 5253 1266 5342 loco
1288 5252 1481 5342 declarat
1519 5251 1735 5353 videlicet,
1773 5243 2046 5364 Praepositu-

567 5401 659 5457 ram
676 5403 762 5460 nou
781 5374 947 5464 babere
963 5407 1113 5465 curam
1133 5377 1395 5478 animarum,
1419 5379 1506 5464 imo
1523 5373 1811 5465 Ceriooicutui
1827 5401 1925 5458 curn
1945 5393 2047 5454 cura

562 5493 742 5614 adiungi
766 5527 907 5614 posse,
929 5500 1011 5588 boc
1025 5499 1218 5588 ostendit
1252 5500 1295 5586 1.
1321 5529 1377 5588 ex
1400 5499 1609 5618 relatione
1653 5500 1797 5587 Status
1832 5489 2043 5582 Ecclesiae
