4516 6318
715 352 800 442 Dio
833 359 891 448 l3
928 357 1079 446 Martii
1113 356 1250 448 1879.
1643 365 1733 460 165

354 467 583 590 Quidquid
619 490 765 566 tamen
800 481 855 569 sit
886 483 943 571 de
978 485 1058 572 bae
1093 483 1386 600 interpretum
1422 485 1722 597 contentione,

228 596 351 684 iuxta
385 597 628 684 Doctorum
661 605 946 704 seutentiam.
985 637 1116 728 quam
1150 605 1557 698 cunimunissimam
1594 619 1722 706 testd-
1815 705 1818 712 ,

229 739 301 805 tut·
336 717 563 806 lieillenst.
604 724 648 806 in
684 725 758 813 lib.
797 729 841 816 1.
882 729 1082 816 decretal.
1119 741 1187 820 n't.
1225 734 1271 819 2.
1309 761 1353 818 u.
1380 731 1454 818 18.
1484 735 1721 829 acdoctri-

232 873 334 928 nam
370 839 499 928 totos
531 845 643 933 S.G.
664 881 741 965 pro
775 868 895 940 certo
931 855 1168 942 terrendum
1208 855 1397 957 videtur,
1420 857 1538 973 quod
1572 864 1727 952 matri·

225 966 426 1054 monium
461 965 748 1082 impuberum
784 1007 864 1094 pet·
896 977 1034 1065 verba
1070 979 1126 1066 de
1161 980 1399 1098 praesenti.
1427 999 1593 1068 seruato
1630 987 1726 1102 sur-

226 1121 294 1174 mo
328 1122 354 1175 a
387 1089 581 1176 Concilio
620 1095 868 1186 Tridentino
899 1105 1183 1219 praescripto,
1222 1102 1434 1218 regitura
1468 1103 1721 1220 dispositiu-

223 1213 355 1300 uibus
390 1211 493 1299 iuris
529 1224 790 1327 eommunis,
828 1241 872 1311 et
906 1228 962 1316 ud
987 1229 1242 1316 earumdem
1267 1227 1603 1344 dispositionum
1638 1251 1727 1324 tra-

223 1337 355 1422 mites
390 1337 542 1424 transit
577 1340 619 1425 in
655 1347 874 1460 sponsalia
909 1349 965 1436 de
990 1349 1156 1438 luturu.
1185 1356 1245 1440 lta
1270 1379 1462 1471 namquo
1486 1353 1645 1468 legitur
1673 1360 1717 1446 in
1831 1423 1839 1428 -
1912 1433 1918 1440 .

227 1460 274 1548 V
274 1457 466 1545 itcrbicn.
489 1493 619 1550 ruense
636 1467 741 1554 Iulii
759 1471 878 1560 1587
894 1473 968 1559 ttt.
986 1475 1033 1560 5.
1054 1473 1324 1590 decret.‘'pup.
1350 1473 1380 1560 2
1403 1507 1429 1560 o
1461 1491 1566 1591 terp.
1602 1520 1617 1555 a
1643 1483 1718 1568 Tt-

231 1582 452 1671 ·burtius
486 1586 733 1678 Vitcrbien.
772 1599 987 1685 contraxit
1023 1597 1354 1688 matrimonium
1389 1626 1469 1714 per
1505 1601 1642 1690 verba
1666 1605 1723 1694 de

230 1708 518 1828 «praesenti,
557 1718 739 1802 serratis
774 1721 1016 1824 servandis,
1056 1753 1155 1810 eum
1192 1726 1339 1814 donna
1373 1721 1516 1811 Felice
1556 1723 1614 1813 de
1646 1757 1721 1816 eo-

227 1829 377 1918 ·dem
415 1831 526 1932 loco,
575 1862 688 1952 qttao
725 1859 821 1956 post
855 1845 911 1932 ad
948 1846 1058 1934 ullus
1094 1879 1266 1937 menses
1290 1875 1485 1934 asserens
1506 1877 1553 1935 se
1581 1849 1723 1938 miuo-
1823 1925 1824 1928 ι

226 1983 398 2055 crem,
437 1954 550 2045 dixit
586 1959 850 2052 iudicialiter
885 1969 1001 2058 nolle
1035 2001 1134 2060 euru
1169 1973 1285 2062 dieto
1320 1969 1522 2057 'liburtio
1566 2003 1722 2063 oonsu-

227 2109 414 2183 0mare,
452 2080 574 2168 euius
609 2100 651 2171 et
687 2089 884 2178 advocati
923 2099 1261 2210 praetendentes
1283 2094 1613 2183 matrimonium
1640 2127 1721 2212 per

226 2239 241 2276 ι
274 2203 408 2288 verba
441 2201 499 2291 de
535 2213 750 2322 praesenti
785 2235 1057 2306 contractum
1093 2221 1153 2306 ub
1188 2237 1464 2338 praetensam
1492 2219 1718 2310 minorita·

230 2365 245 2400 c
279 2341 364 2413 tem
400 2325 536 2444 ipsius
573 2333 743 2447 puellae
779 2339 820 2424 in
857 2343 1075 2456 sponsalia
1097 2344 1154 2432 de
1179 2345 1327 2432 l'uturo
1352 2341 1525 2430 resolvi.
1554 2344 1717 2432 Tibur-

229 2489 245 2526 ·
278 2447 360 2535 tius
394 2480 447 2536 ex
482 2451 667 2544 adverso
701 2460 813 2549 dixit
847 2463 1038 2553 donnum
1075 2467 1264 2556 Felicem
1288 2468 1472 2555 semela
1496 2497 1541 2552 se
1572 2471 1719 2578 cogni-

229 2589 366 2659 ·tum
403 2589 499 2690 pust
532 2597 803 2672 contractum
887 2593 1166 2680 atrtmonium
1204 2593 1248 2680 iu
1284 2592 1377 2680 luco
1411 2593 1719 2708 campestriac

229 2733 245 2772 ι
276 2694 365 2783 lere
400 2696 621 2788 nolentem
656 2723 699 2793 et
735 2711 902 2798 reniten
927 2743 1014 2819 em3
1042 2747 1176 2834 quam
1201 2717 1404 2835 copulam
1430 2713 1623 2803 adluisse
1644 2745 1719 2806 ne·

227 2861 242 2897 ι
272 2837 343 2936 gat
379 2823 433 2907 D.
462 2821 641 2914 Felix...
672 2833 896 2924 Minoritas
921 2840 975 2924 D.
1003 2839 1158 2927 Felicis
1183 2840 1398 2958 probatur
1421 2868 1476 2924 ex
1500 2838 1613 2925 libro
1636 2841 1715 2928 hu·

224 2984 242 3021 «
272 2941 536 3058 ptizatorum
573 2964 655 3038 ete.
693 2955 932 3066 Quaeritur
968 2995 1096 3065 nuuc,
1135 2995 1191 3051 an
1214 2963 1432 3052 stantibus
1462 2962 1710 3078 praedictis,

224 3067 548 3182 «praedictum
585 3079 919 3171 matrimonium
953 3087 1224 3176 censendum
1258 3087 1313 3175 sit
1348 3105 1490 3175 ratum
1538 3104 1583 3174 et
1613 3115 1716 3175 cun-

221 3231 236 3262 «
271 3209 511 3297 somatum,
552 3197 618 3285 vel
656 3219 702 3287 ut
735 3237 759 3291 a
798 3208 968 3298 minure
1005 3211 1148 3327 puella
1186 3212 1462 3331 proponitur,
1503 3211 1545 3296 in
1581 3241 1714 3325 spon·

220 3311 377 3400 «salia
411 3317 468 3406 de
503 3319 649 3409 luturo
684 3331 962 3436 resolvatur3
1001 3353 1043 3421 et
1078 3349 1294 3455 quatenus
1328 3337 1388 3424 ita
1417 3335 1490 3430 sit,
1517 3333 1571 3420 sit
1594 3333 1714 3423 locus

221 3473 238 3510 c
271 3437 569 3550 poeniteutiae
603 3447 671 3533 vel
708 3481 826 3558 nou,
865 3457 977 3544 adeo
1011 3477 1057 3545 ut
1092 3461 1308 3548 ambobus
1356 3457 1536 3548 concedi
1581 3460 1715 3573 possit

218 3559 364 3646 ·attts
398 3565 587 3658 nubere.
623 3571 667 3659 S.
706 3577 756 3665 C.
795 3581 1035 3697 respoudit,
1076 3585 1402 3672 matrimonium
1439 3599 1710 3669 coritracturu

216 3719 234 3758 ι
269 3712 346 3796 per
383 3689 517 3776 verbu
545 3693 610 3779 de
644 3706 861 3812 praesenti
897 3705 1012 3794 inter
1046 3707 1263 3824 puberem
1311 3727 1352 3796 ot
1396 3705 1706 3825 impuberem,

220 3803 476 3898 «adhibitis
509 3814 878 3933 solemnitatibus,
920 3847 1109 3918 transeat.
1144 3863 1199 3919 ue
1234 3831 1274 3918 iu
1310 3830 1528 3949 sponsalia
1567 3829 1622 3917 de
1646 3829 1710 3916 lu·

219 3945 365 4017 «turo
404 3937 469 4022 vel
505 3940 664 4039 miuus.
705 3949 900 4062 pendere
933 3983 987 4041 ex
1031 3953 1318 4072 dispositione
1363 3955 1467 4045 iuris
1510 3983 1710 4043 commu·

218 4054 348 4154 unis,
385 4059 508 4174 quud
553 4083 766 4180 quantum
813 4074 868 4162 ud
914 4095 1191 4196 praesentent
1236 4111 1385 4171 casum
1433 4077 1494 4166 nil
1529 4107 1709 4196 prorsus

215 4217 232 4254 ι
262 4182 468 4284 correxit,
507 4204 582 4273 aut
617 4188 868 4285 immutavit
900 4201 1025 4289 Trid.
1069 4203 1362 4302 Cotroilium».
1387 4203 1573 4291 Ulterius
1609 4229 1712 4288 vero

211 4299 255 4387 in
293 4299 462 4394 Nullius
496 4310 556 4397 27
593 4313 744 4402 Martii
779 4327 795 4405 l
807 4322 899 4409 596
935 4324 1009 4411 lid.
1036 4327 1081 4414 8.
1110 4327 1261 4415 (lucret.
1281 4360 1383 4442 pop.
1408 4328 1512 4414 170.
1546 4326 1705 4415 (8.6.

216 4461 237 4500 e
263 4427 447 4535 censuit,
466 4437 797 4530 matrimonium
817 4443 929 4534 inter
950 4449 1219 4567 impuberes,
1235 4468 1405 4540 servata
1424 4451 1561 4537 lonua
1580 4447 1706 4537 'l'rid.

221 4585 238 4623 ι
268 4548 407 4638 Cone.
428 4571 716 4670 contractum,
742 4571 926 4659 transire
951 4577 992 4660 in
1017 4575 1235 4694 sponsalia
1260 4575 1550 4664 defuturo».

334 4675 419 4763 Pro
453 4697 569 4770 certo
603 4689 681 4775 sed
714 4721 854 4812 aequo
880 4697 1122 4787 tenendum
1147 4700 1325 4789 videtur
1347 4699 1468 4788 iuxta
1491 4695 1697 4788 eamdem

208 4793 256 4882 S.
293 4795 342 4884 C.
380 4797 662 4911 doctrinam,
700 4817 820 4930 quud
856 4821 1186 4912 truttrimonium
1223 4825 1397 4914 irritum
1432 4857 1486 4914 ex
1531 4821 1706 4911 delectu

209 4913 380 5008 lormae
414 4953 438 5011 a
468 4929 665 5022 Concilio
699 4939 823 5028 trid.
861 4945 1154 5064 praescriptae
1190 4947 1355 5068 (prout
1392 4951 1433 5038 in
1479 4944 1707 5065 supposito

208 5042 474 5135 matrimonii
509 5055 647 5143 civilis
681 5063 972 5187 contingeret)
997 5072 1192 5159 necuim
1227 5073 1495 5191 sponsalium
1523 5067 1703 5170 babere,

209 5191 289 5251 nec
323 5167 366 5253 in
399 5176 616 5290 sponsalia
653 5187 836 5275 tntnsire
870 5189 1028 5280 valeat.
1067 5195 1129 5283 lta
1153 5194 1385 5285 delinitum
1411 5197 1497 5285 luit
1521 5197 1563 5283 in
1592 5191 1696 5280 ller-

207 5286 339 5375 riuen.
376 5323 474 5381 oran.
515 5299 635 5391 t573
670 5307 745 5398 tit.
787 5311 830 5400 l.
868 5311 1018 5404 derret.
1066 5347 1168 5435 pop.
1208 5321 1315 5408 l07.
1349 5363 1365 5399 e
1394 5322 1496 5412 Fuit.
1529 5335 1702 5409 contra·

217 5427 384 5500 «etum
421 5423 753 5522 matrimonium
790 5436 832 5522 iu
867 5437 1042 5534 civitate
1076 5433 1293 5532 llesmnae
1317 5459 1415 5564 post
1441 5440 1704 5564 publicatio·-

215 5561 367 5624 ·nem
399 5538 677 5642 decreturum
712 5559 894 5650 Cuneilii
927 5561 1175 5654 Tridentini
1211 5593 1292 5686 per
1326 5569 1464 5658 verbu
1497 5567 1554 5657 de
1579 5591 1704 5684 prou·
