4530 6336
482 315 573 407 362
975 314 1058 400 Dic
1089 313 1150 402 26
1181 313 1289 402 lulii
1322 315 1460 404 4879.

482 433 844 558 perversitatibus
875 433 1026 542 frctus,
1063 435 1129 524 ins
1163 436 1247 526 sibi
1282 467 1446 528 novum
1482 468 1580 526 cum
1621 437 1764 528 aliena
1803 435 1966 526 iactura

481 556 704 650 vindicare
738 556 908 646 nititur.

604 683 669 770 Ex
721 680 854 769 altera
907 709 1011 770 vero
1065 695 1188 798 parte
1236 683 1457 772 rationum
1502 685 1724 774 momenta
1769 713 1793 772 a
1837 681 1982 774 Vica-.

480 807 556 897 riis
588 801 780 894 adducta
829 801 954 921 parvi
991 801 1190 893 iacienda
1232 835 1325 896 esse
1368 805 1605 908 videntur,
1651 806 1818 925 quippe
1860 835 1975 923 quae

481 931 527 1020 in
559 929 793 1022 Sacrorum
825 927 1053 1016 Canonum
1094 926 1457 1046 dispositionibus
1504 929 1674 1018 obicem
1724 927 1969 1046 reperiunt,

480 1080 597 1174 quae
629 1051 858 1138 Pastorum
883 1079 958 1138 seu
993 1048 1288 1146 Parooborum
1321 1050 1619 1167 pluralitatem
1654 1067 1808 1170 utpote
1846 1078 1971 1138 mon·

481 1192 700 1265 strnosam
735 1188 867 1290 atque
900 1171 1076 1289 ipsimet
1118 1189 1261 1262 rectae
1309 1174 1465 1263 rationi
1514 1173 1779 1264 contrariam
1821 1189 1973 1290 aperte

481 1295 782 1388 condemnant
814 1325 864 1384 ac
897 1295 954 1384 ab
986 1293 1173 1384 Ecclesia
1195 1325 1370 1415 prorsus
1392 1295 1709 1386 eliminandam
1732 1325 1826 1386 esse
1849 1325 1973 1412 prae·

481 1420 668 1538 cipiunt.
705 1419 795 1506 lloc
826 1415 1046 1536 siquidem
1079 1415 1217 1506 dubio
1250 1421 1401 1538 procul
1436 1419 1574 1538 liquet
1620 1437 1713 1508 tum
1762 1449 1818 1508 es
1860 1434 1962 1506 teat.

485 1544 529 1630 iu
564 1571 658 1658 cop.
696 1540 755 1628 45
777 1542 841 1628 De
870 1538 1017 1656 praet.
1055 1553 1092 1626 et
1123 1539 1281 1656 diquit.
1319 1541 1362 1628 in
1397 1573 1485 1662 quo
1517 1543 1720 1631 statuitur
1753 1540 1865 1659 quod
1887 1573 1969 1628 uua

480 1664 671 1754 Ecclesia
700 1665 824 1752 unius
858 1661 1002 1750 debeat
1035 1693 1116 1750 essa
1145 1663 1408 1777 Sacerdottsa
1437 1681 1546 1758 tum,
1564 1664 1695 1754 etiam
1730 1697 1783 1753 ea
1815 1665 1974 1780 Cup.8

482 1786 577 1878 eod.
615 1787 683 1874 tit.
720 1785 840 1904 quod
875 1782 932 1874 de
966 1785 1213 1875 minoribus
1246 1786 1461 1878 Ecclesiae
1483 1785 1709 1876 beneficiis
1730 1789 1834 1905 agit,
1863 1788 1978 1874 inter

483 1941 596 2032 quae
628 1923 747 1998 certo
770 1908 927 1998 certius
950 1907 1216 1998 beneficium
1240 1909 1486 2026 parochiale
1510 1911 1791 2000 adnumerari
1817 1911 1967 1998 debet.

482 2038 600 2148 Quas
645 2031 750 2120 iuris
783 2033 1034 2122 communis
1067 2031 1298 2120 canonicas
1329 2032 1572 2123 sanctiones
1604 2035 1740 2124 Cone.
1788 2031 1973 2122 Triden-

485 2158 627 2246 tinum
663 2155 706 2242 in
744 2155 939 2274 vigorem
972 2155 1196 2244 revocavit
1227 2183 1389 2272 easque
1423 2155 1682 2246 auctoritate
1729 2187 1805 2244 sna
1859 2184 1975 2244 com·

482 2277 689 2368 munivit.
726 2277 842 2366 Sane
889 2275 1138 2366 Tridentini
1188 2280 1353 2380 Patres,
1407 2292 1455 2368 ut
1504 2279 1889 2368 colluctationibus
1927 2307 1976 2366 ac

483 2399 699 2494 scandalis
731 2431 786 2488 ex
819 2399 898 2488 lrac
933 2416 1159 2518 pastorum
1195 2399 1448 2517 pluralitate
1491 2400 1812 2518 profluentibus
1861 2401 1977 2495 riam

482 2522 835 2645 praecluderent,
869 2525 1184 2641 Episcoporum
1217 2553 1347 2612 curae
1364 2538 1409 2614 et
1429 2523 1714 2614 sollicitudini
1746 2525 1974 2612 commise-

483 2644 646 2737 runtin
662 2645 767 2735 Sess.
783 2647 965 2761 atcap.
983 2645 1040 2734 l3
1054 2644 1213 2764 delius.
1246 2647 1524 2764 utuuicuique
1557 2645 1832 2766 (Purocbiue)
1855 2674 1970 2734 suum

479 2787 745 2889 perpetuum,
778 2769 1112 2886 peculiaremque
1148 2767 1386 2856 Parasitum
1427 2772 1651 2887 ussiqneut,
1690 2771 1764 2887 qui
1807 2799 1879 2858 eas
1909 2799 1976 2854 co-

485 2925 677 3013 quoscere
708 2891 861 2991 volout,
882 2909 921 2982 et
946 2924 972 2978 u
1003 2923 1082 3008 quo
1113 2891 1201 2979 solo
1236 2891 1354 2980 licite
1380 2907 1636 2982 sacramenta
1673 2894 1919 3008 suscipiunt.

607 3019 735 3130 Quae
768 3045 866 3105 curm
903 3015 961 3102 ita
993 3015 1096 3116 sint,
1136 3015 1295 3104 mirum
1323 3045 1407 3104 non
1441 3033 1506 3104 est
1521 3015 1556 3102 si
1582 3019 1792 3104 Doctores
1822 3043 1977 3104 omnes

486 3141 598 3230 banc
608 3138 855 3230 doctrinam
871 3137 1080 3255 suffragio
1091 3169 1169 3228 suo
1186 3139 1359 3255 sequuti
1378 3138 1750 3255 luerint‚eamqno
1767 3137 1976 3227 tuendam

484 3293 577 3354 esse
611 3293 697 3352 uno
721 3291 796 3350 ore
819 3261 1061 3380 validisque
1094 3261 1363 3378 argumentis
1409 3261 1692 3350 tradiderint:
1729 3260 1844 3350 inter
1866 3289 1975 3378 qnos

486 3385 591 3477 satis
613 3385 666 3475 sit
688 3384 819 3474 citare
837 3385 1050 3476 Gouzalez
1070 3383 1128 3472 ad
1153 3382 1261 3500 Gap.
1279 3387 1308 3472 8
1325 3383 1390 3472 De
1406 3383 1553 3500 proed.
1575 3401 1613 3470 et
1631 3382 1788 3499 diquit.
1809 3383 1977 3472 l'icbler

484 3508 545 3605 ad
587 3509 656 3597 tit.
695 3505 746 3596 de
787 3506 972 3596 Paroct.
1019 3504 1407 3596 deterruisset
1435 3507 1640 3595 udCouc.
1676 3505 1810 3594 Tria,
1840 3537 1884 3594 u.
1911 3505 1970 3594 35

486 3649 526 3721 et
564 3664 646 3750 seq.
685 3631 878 3718 Barbnsa
924 3631 966 3718 in
1001 3629 1053 3717 G.
1096 3629 1210 3718 lDe
1241 3628 1316 3752 off.
1364 3645 1405 3718 et
1438 3644 1590 3746 potest.
1633 3629 1820 3718 Paracli
1851 3659 1966 3716 uum.

488 3755 548 3843 tt
580 3771 617 3842 et
652 3785 735 3872 seq.
763 3757 813 3842 Et
837 3785 884 3842 re
907 3751 1088 3871 quidem
1123 3782 1225 3842 vcra
1259 3751 1454 3870 praelata
1489 3753 1783 3848 Parocborum
1817 3753 1973 3871 plura-

487 3877 586 3968 litas
634 3873 1068 3997 praeterquamquod
1122 3875 1386 3966 auctoritatis
1435 3877 1662 3994 conceptni
1708 3893 1752 3964 et
1799 3891 1979 3964 naturae

486 4029 581 4090 sese
614 4013 826 4118 opponat,
865 3997 1076 4086 nonnulla
1109 4028 1247 4117 eaque
1279 3999 1430 4119 gravia
1479 3999 1760 4091 incommoda
1806 4027 1977 4088 secum-

489 4123 617 4212 lerre
640 4119 763 4210 nullo
794 4117 931 4210 modo
964 4119 1130 4239 ambigi
1162 4151 1288 4239 posse
1321 4122 1516 4210 videtur.
1542 4125 1657 4213 Sane
1679 4151 1732 4210 ea
1754 4137 1819 4212 est
1840 4119 1979 4210 lomes

488 4263 533 4336 et
565 4243 847 4366 seminarium
883 4243 1027 4335 litium
1060 4260 1102 4334 et
1134 4243 1466 4347 discordiarum,
1505 4275 1614 4363 quas
1663 4245 1780 4332 inter
1830 4245 1980 4362 plures

488 4371 622 4458 -bosce
646 4367 858 4458 Parochos
891 4396 991 4457 cum
1021 4368 1219 4460 ¹marimo
1262 4366 1511 4456 animarum
1564 4367 1819 4457 discrimine
1866 4367 1975 4454 oriri

489 4492 649 4611 iugiter
680 4491 880 4610 Episcopi
917 4490 1227 4580 lamentantur.
1263 4493 1323 4578 Ea
1357 4489 1535 4608 insuper
1568 4489 1613 4578 in
1647 4505 1879 4594 causaest,
1908 4505 1971 4595 ut,

486 4645 588 4705 cnm
621 4643 726 4704 ores
760 4613 959 4730 pluribus
991 4613 1240 4730 pastoribus
1262 4612 1560 4702 obedientiam
1579 4626 1801 4728 praestare
1822 4612 1980 4700 obstri-

487 4756 582 4827 ctae
615 4737 718 4841 sint,
756 4736 917 4826 nullius
952 4765 1102 4826 vocem
1137 4736 1335 4826 audiant.
1363 4736 1486 4846 Quae
1517 4734 1664 4825 omnia
1688 4752 1853 4856 quanta
1876 4765 1981 4824 cura

487 4879 740 4981 quantaque
772 4855 1066 4950 sollicitudine
1106 4857 1376 4960 eliminanda
1413 4857 1518 4959 sint,
1545 4887 1677 4960 nemo
1699 4874 1761 4960 est
1784 4856 1861 4976 qui
1884 4887 1974 4948 non

488 4983 655 5098 videat.
691 4981 863 5094 Quade
892 5012 939 5071 re
970 4983 1015 5074 S.
1053 4984 1106 5070 ll.
1143 4985 1193 5074 C.
1231 4981 1597 5100 quotiescumque
1629 4979 1686 5070 ad
1719 4980 1974 5070 huiusmodi
2119 5076 2122 5081 ,
2187 5003 2192 5014 ·

490 5107 768 5227 quaestiones
799 5103 1321 5225 dirimendasappellata
1353 5101 1453 5206 luit,
1497 5102 1555 5194 ad
1605 5104 1829 5194 tramitem
1876 5103 1983 5192 iuris

490 5261 630 5350 usqne
652 5227 1000 5344 adtsucaxposiu
1035 5228 1196 5346 iugiter
1227 5225 1490 5316 sententiam
1510 5219 1877 5344 ‘suamprotulit
1905 5256 1982 5315 seu

489 5353 681 5470 plurium
717 5351 1065 5441 iurisdictionem
1099 5351 1144 5438 in
1180 5348 1559 5440 exercendarum
1592 5347 1652 5436 ita
1684 5348 1895 5454 cohibuit,
1933 5367 1983 5437 ut

491 5474 551 5563 ab
581 5505 687 5577 nno,
727 5489 949 5593 tamqnam
985 5504 1010 5560 a
1042 5473 1185 5590 capite
1219 5470 1562 5590 dependentium
1596 5487 1975 5589 recognoscerent,

485 5596 615 5686 nullo
647 5595 798 5684 habito
832 5611 1031 5712 respectu
1068 5624 1214 5716 neque
1245 5593 1661 5686 adConstitntiones
1682 5595 1976 5712 Capitulares,
