4558 6340
551 265 643 353 226
1016 259 1099 344 Die
1130 257 1191 344 26
1224 255 1395 372 Aprilis
1431 257 1567 344 1879.

545 387 709 475 ratione
744 381 1086 497 Praepositurue‚
1139 379 1238 466 licet
1288 400 1510 497 tamquam
1559 383 1801 480 Canonicus
1847 403 2029 500 quartus

547 512 590 598 in
639 503 1047 622 ordine3quodque
1101 500 1388 590 confirmatur
1441 502 1615 591 duabus
1666 504 2034 598 transactionibus

549 631 753 746 utrinque
773 625 1352 741 auctoritateEpiscoporunr
1371 645 1548 742 accepto
1568 628 1743 729 habitis,
1761 645 1804 713 et
1821 633 2034 722 sententia

547 758 731 846 Senatus
755 749 993 840 Casalensis
1016 748 1058 834 iu
1097 748 1291 864 plenario
1323 749 1583 866 possessorio
1603 751 1748 838 lavore
1777 753 2032 866 Praepositi.

547 882 640 966 lmo
675 873 792 961 testis
823 873 879 960 de
914 871 1025 960 laeto
1067 871 1244 988 proprie
1295 871 1492 990 deponit:
1538 915 1552 949 ι
1592 873 1648 960 bo
1681 903 1855 991 sempre
1900 875 2029 982 visto,

553 1043 569 1081 a
611 1028 735 1090 come
768 996 792 1083 ὸ
824 1027 921 1084 cusa
957 1029 980 1082 a
1017 994 1119 1082 tutti
1152 1007 1255 1080 nota
1291 995 1318 1080 il
1355 999 1559 1082 Prevosto
1593 1025 1805 1110 occupare
1841 996 1868 1082 il
1893 997 2037 1112 primo

555 1167 571 1202 ι
611 1121 733 1212 stallo
768 1120 811 1205 in
845 1150 962 1207 coro.
999 1117 1106 1204 Dird
1141 1116 1234 1204 anzi
1268 1117 1346 1204 ebe
1381 1117 1462 1204 alla
1501 1135 1640 1206 morte
1662 1118 1736 1209 del
1760 1121 1885 1205 PreV.
1914 1123 2037 1208 Alui-

552 1287 569 1325 «
609 1245 706 1334 setti
741 1243 834 1330 sino
868 1242 905 1328 ul
940 1245 1150 1358 Prcposto
1201 1239 1339 1328 Diana
1388 1272 1576 1328 nessuuo
1616 1242 1701 1326 mai
1744 1242 1776 1328 si
1826 1242 1935 1328 mise
1975 1243 2030 1332 ad

553 1409 569 1448 ‹
610 1365 890 1484 oocuparelo
925 1365 1049 1450 stallo
1080 1363 1123 1451 di
1158 1393 1302 1450 mezzo
1353 1364 1511 1479 perche
1563 1364 1602 1450 la
1654 1368 1917 1451 Prorosturu
1961 1397 2032 1456 era

555 1533 570 1569 a
611 1507 847 1579 vacante»
898 1504 940 1572 et
977 1503 1061 1574 tres
1119 1486 1190 1572 alii
1248 1487 1451 1574 Canonici
1504 1503 1717 1573 testantur
1758 1527 1776 1566 ι
1828 1487 1908 1574 clue
1950 1489 2038 1606 pri-

556 1658 571 1692 «
613 1645 684 1700 ma
723 1610 795 1720 del
836 1611 956 1696 1855
1014 1610 1040 1695 il
1092 1609 1234 1726 primo
1281 1609 1404 1696 stallo
1442 1610 1483 1696 iu
1519 1641 1636 1712 coro,
1673 1608 1767 1696 cioe
1823 1609 1864 1696 lo
1911 1611 2034 1700 stallo

556 1779 571 1815 ι
612 1735 656 1824 di
693 1764 836 1822 mezzo
871 1731 915 1818 tu
951 1731 1034 1818 mni
1070 1763 1246 1847 sempre
1280 1751 1490 1850 occupato
1526 1733 1801 1820 uuicamente
1833 1733 1904 1820 dal
1941 1737 2036 1824 Pre-

558 1901 575 1939 ι
615 1875 737 1944 rosto
769 1889 849 1972 pro
874 1871 1054 1970 tempere
1083 1897 1122 1940 ι.
1148 1856 1258 1943 Cum
1286 1853 1417 1970 igitur
1434 1855 1559 1944 sedes
1581 1855 1812 1970 Dignitatis
1832 1859 2031 1974 occupari

553 2017 576 2070 a
609 1979 839 2070 Canonicis
872 2007 957 2064 non
994 1979 1142 2095 possit,
1179 2008 1368 2092 cumque
1403 1979 1458 2066 de
1493 1979 1600 2066 lacto
1627 1979 1768 2093 prima
1791 1979 1918 2066 sedes
1943 1979 2034 2068 lue·

549 2105 606 2194 rit
629 2137 654 2190 a
681 2101 930 2216 Praeposito
968 2131 1178 2218 possessa,
1233 2099 1415 2188 allirmat
1449 2101 1603 2188 iniuste
1637 2132 1681 2188 se
1715 2106 2035 2217 opponereCa-

425 2249 426 2256 ‘
549 2227 729 2317 nonieos
758 2225 839 2313 sub
858 2225 1051 2342 specioso
1075 2222 1325 2312 interventu
1346 2225 1501 2340 plenae
1527 2225 1594 2313 vel
1623 2226 1891 2340 semiplenae
1912 2229 2037 2313 Prae·

557 2349 778 2470 positurae
811 2346 1094 2434 restaurando
1128 2349 1426 2462 quaestionem
1464 2349 1548 2434 iam
1569 2345 1793 2434 definitam
1823 2380 1902 2464 per
1933 2379 2041 2435 con-

551 2472 746 2562 cordiam
782 2471 835 2558 de
869 2501 984 2558 anuo
1020 2470 1156 2570 1811,
1186 2469 1336 2588 inqua
1387 2471 1702 2583 obligationem
1750 2486 2037 2586 susceperunt

561 2637 577 2673 ι
618 2627 694 2712 per
743 2593 848 2703 see
897 2591 991 2682 suoi
1025 2593 1256 2680 successori
1295 2596 1396 2681 avrel
1439 2594 1584 2680 cllctto
1617 2609 1781 2710 quanto
1821 2595 1859 2681 al
1897 2595 2035 2709 primo

556 2759 573 2800 ι
612 2719 740 2806 stallo
775 2719 816 2804 in
840 2747 940 2806 coro
966 2718 1003 2802 la
1038 2715 1256 2803 decisione
1289 2715 1332 2803 di
1370 2716 1617 2833 Monsignor
1636 2719 1830 2806 Vescovo
1849 2721 2040 2804 Rectene

557 2883 574 2922 ι
612 2842 683 2930 del
707 2841 860 2958 giorno
884 2841 944 2926 30
973 2839 1121 2956 Aprile
1146 2837 1311 2926 l7li9a
1343 2871 1473 2927 meno
1506 2841 1584 2928 ebe
1621 2871 1756 2958 veuga
1798 2873 1883 2928 una
1925 2840 2039 2927 deci-

558 3004 575 3044 «
616 2962 975 3052 sionecontraria
1009 2961 1127 3048 dalla
1165 2963 1212 3051 S.
1253 2963 1367 3052 Sede
1409 3005 1448 3051 ι.
1492 2963 1732 3077 Dignitates
1768 2994 1900 3079 porro
1943 2993 2043 3049 cou-

550 3103 714 3175 stanter
753 3086 941 3202 primum
973 3085 1148 3174 stallum
1184 3117 1395 3202 occupare
1436 3087 1629 3175 declarat
1670 3087 1789 3203 praxi
1823 3084 2036 3202 Collegia·

553 3225 696 3298 tarum
746 3211 872 3296 buius
913 3209 1068 3296 Almae
1107 3209 1252 3310 Urbis,
1286 3209 1392 3326 quin
1458 3211 1747 3298 restrictiones
1797 3211 2043 3300 canonico-

552 3363 651 3420 rum
685 3331 854 3420 admitti
907 3333 1111 3431 valcaut3
1163 3333 1309 3419 statim
1365 3365 1413 3418 ac
1447 3333 1566 3418 enim
1601 3335 1699 3450 quis
1742 3333 1877 3420 semel
1911 3363 2037 3451 supe·

422 3457 425 3464 ’
552 3455 715 3544 riorem
745 3453 945 3543 ordinem
968 3452 1130 3570 attigit,
1152 3454 1207 3541 ad
1234 3455 1485 3542 inferiorem
1515 3455 1663 3542 sedem
1681 3457 1839 3544 reverti
1868 3487 1954 3544 nou
1975 3456 2044 3543 de-

550 3580 628 3668 bet
652 3579 848 3665 Ascensus
873 3579 982 3666 euim
1005 3579 1049 3662 in
1073 3576 1397 3697 beneficialibus,
1424 3581 1593 3666 ruiaime
1618 3613 1711 3667 cero
1731 3578 1941 3668 descensus
1966 3577 2040 3666 tol·

554 3703 732 3803 loretum
769 3731 869 3788 nam
905 3701 1143 3788 maioribus
1178 3701 1416 3788 bonoribus
1459 3702 1629 3790 lunctos
1674 3701 1730 3790 ad
1754 3705 1946 3791 minores
1968 3703 2039 3791 de·

552 3827 700 3912 vocari
730 3855 815 3912 non
847 3839 1050 3942 oportere
1075 3825 1250 3913 rationis
1268 3845 1347 3914 cst:
1374 3825 1582 3914 Goazclez
1603 3825 1663 3912 od
1684 3859 1773 3942 rep.
1799 3827 1830 3916 8
1853 3826 2038 3914 Cancell.

555 3947 690 4033 Gloss.
728 3945 832 4068 58.
869 3949 899 4032 9
942 3978 1053 4034 nuuc.
1092 3951 1136 4035 3.

677 4070 822 4155 inutili
877 4099 1007 4184 porro
1051 4087 1208 4157 conatu
1254 4071 1431 4160 daretur
1482 4072 1841 4162 Hebdomadario
1894 4075 2038 4190 prima

553 4191 678 4280 sedes
713 4193 805 4278 loco
841 4189 1087 4307 Dignitatis3
1112 4223 1212 4280 uram
1250 4213 1422 4309 praeter
1455 4195 1661 4284 adductas
1687 4197 1891 4298 theorias,
1916 4227 2044 4312 prae-

551 4330 617 4404 ter
648 4313 1008 4402 consuetudinem
1046 4317 1159 4403 illius
1196 4317 1416 4406 Dioecesis
1449 4319 1707 4407 edocentem
1731 4320 1851 4438 quod
1883 4320 2041 4408 Cantor

553 4436 706 4526 sedere
728 4435 948 4534 debentia
965 4436 1086 4552 luopo
1101 4457 1292 4556 separato
1309 4441 1430 4559 sueri
1447 4441 1562 4557 depti
1580 4440 1698 4530 stalli
1710 4441 1960 4539 carronicatt
1977 4472 2045 4529 re-

551 4563 675 4678 ponit
700 4563 1004 4678 quaestiuuem
1029 4563 1203 4649 definiri
1232 4595 1285 4650 ex
1319 4563 1367 4651 iis
1404 4597 1517 4682 quae
1553 4567 1677 4656 uadi:
1716 4567 2043 4658 Scarlantouius

555 4685 631 4772 cit.
651 4716 721 4798 op.
740 4683 833 4770 tit.
849 4685 879 4771 2
895 4685 979 4772 Tit.
996 4689 1025 4773 2
1042 4718 1084 4771 u.
1106 4688 1166 4774 29
1188 4719 1296 4802 seqq.
1326 4719 1546 4806 exponens
1579 4687 1699 4806 quod
1738 4729 1755 4768 ι
1797 4689 1871 4776 ubi
1899 4691 2038 4777 altare

559 4847 575 4884 ι
618 4806 758 4893 maius
807 4807 939 4894 luerit
992 4840 1017 4895 a
1066 4811 1231 4925 pariete
1276 4829 1545 4926 separatum,
1583 4815 1723 4928 prima
1768 4814 1894 4900 sedes
1936 4812 2039 4914 erit,

558 4969 575 5008 ι
616 4959 730 5049 quae
764 4960 788 5016 e
822 4930 1000 5044 regione
1034 4933 1175 5020 altaris
1223 4949 1304 5020 stat
1337 4933 1490 5051 parieti
1527 4935 1568 5020 in
1608 4935 1753 5022 medio
1792 4933 1940 5023 fixa...
1969 4935 2046 5023 lru·

560 5092 577 5132 ι
617 5050 808 5140 iusmodi
830 5053 953 5142 sedes
971 5055 1095 5142 decet
1114 5056 1155 5143 in
1185 5057 1421 5174 Collegiata
1436 5061 1795 5174 Praepositum...
1812 5075 1855 5145 et
1877 5075 2036 5146 tune...

559 5217 576 5254 ι
614 5175 857 5264 Canonicus
892 5176 1273 5268 Hebdomadruius
1308 5198 1485 5294 paratus
1518 5182 1639 5270 sedet
1673 5181 1713 5268 in
1742 5182 1884 5298 primo
1911 5181 2040 5269 stallo

559 5339 575 5375 ι
617 5298 673 5384 ab
690 5329 741 5386 ea
761 5318 886 5416 parte
904 5301 1037 5403 ebori,
1061 5301 1104 5387 in
1131 5335 1217 5422 qua
1237 5303 1518 5392 bebdomada
1537 5306 1800 5393 celebratur.
1828 5343 1845 5384 ι
1869 5307 1929 5392 Ex
1948 5305 2045 5423 qui-

552 5421 652 5522 bus,
670 5421 852 5539 aliisque
869 5423 1047 5512 deducit
1082 5425 1239 5514 iustam
1266 5427 1394 5516 luisse
1419 5428 1681 5516 senteutiam
1710 5429 2044 5519 declaratoriam

552 5541 752 5662 Episcopi
776 5549 1038 5635 Rectone30
1062 5549 1226 5665 Aprilis
1252 5551 1389 5654 1769,
1417 5569 1836 5672 controversumque
1867 5551 2041 5642 stallum
