4350 6326
496 342 589 430 bl8
932 341 1015 431 Die
1047 337 1108 424 20
1141 335 1378 426 Decembris
1412 339 1548 428 t879.

502 505 520 542 c
562 466 841 584 provveduta
865 463 1179 580 l'Arcipretura
1212 459 1259 548 di
1299 462 1453 552 Frasso
1491 493 1571 579 per
1611 463 1886 568 detes-anza,
1931 463 1995 550 in-

506 629 522 664 ·
564 587 773 678 taceando
805 621 855 677 or
888 589 1006 691 l’uno
1042 615 1090 671 or
1124 582 1265 673 l’altro
1298 585 1417 704 degli
1450 588 1731 675 esamioatori
1765 589 1809 677 di
1855 587 1996 675 simo·

506 751 523 790 e
563 713 651 815 nia,
696 743 719 799 e
756 731 1047 830 quantunque
1087 706 1161 822 pit
1204 709 1322 796 volte
1362 711 1578 798 avvertito
1623 711 1675 796 ba
1724 741 1908 826 sempre
1944 712 2002 796 ri·

508 875 524 908 ·
563 837 804 938 calcitrato,
843 833 1069 922 lanciaudo
1091 829 1207 918 delle
1229 831 1329 920 lrasi
1352 835 1666 922 contumeliose
1688 853 1837 922 contro
1861 839 1872 918 i
1903 834 2002 920 suoi

508 998 525 1036 «
567 956 768 1076 legittimi
802 955 1034 1078 superiori.
1073 957 1104 1041 tt
1137 958 1318 1043 comesi
1354 959 1478 1071 petra
1503 957 1697 1072 riparare
1736 959 1821 1045 alle
1855 955 2008 1072 ingin-

510 1121 525 1156 ι
566 1081 632 1167 rie
658 1081 867 1169 comitate
891 1093 1042 1170 contro
1066 1077 1180 1193 degli
1220 1079 1518 1179 esamiuatori,
1551 1081 1630 1168 cbo
1666 1111 1774 1170 sono
1811 1079 2005 1198 soggetti

507 1243 524 1282 ι
565 1204 830 1320 rispettabili
866 1204 936 1293 del
972 1201 1209 1318 capitolo?
1239 1243 1255 1280 ι

627 1327 855 1448 Minusque
897 1324 1065 1416 officere
1109 1324 1286 1414 videtur
1328 1325 1450 1442 quod
1489 1327 1638 1416 asserit
1682 1330 1740 1414 D.
1774 1326 2000 1415 Galandra

499 1451 673 1539 Bullam
712 1451 1007 1566 Apostolicam
1029 1448 1303 1564 obreptionis
1326 1451 1710 1566 subreptionisque
1735 1449 1840 1536 vitio
1875 1449 2003 1536 labo·

505 1605 603 1662 rare
642 1603 695 1658 ex
719 1606 772 1662 eo
796 1574 912 1694 quod
942 1575 982 1658 iu
1004 1573 1096 1658 eius
1122 1573 1433 1688 impetratione
1457 1604 1600 1691 neque
1625 1573 1682 1663 de
1700 1573 1776 1660 lite
1800 1572 2005 1687 penden-

460 1717 464 1725 ’
498 1713 539 1782 te
559 1725 697 1815 penes
718 1699 894 1785 Curiam
915 1693 1312 1809 bletropolitanam‚
1341 1726 1484 1813 neque
1503 1698 1558 1786 de
1577 1697 1675 1784 iure
1692 1695 2000 1786 devolutionis

498 1821 556 1908 ad
588 1819 750 1908 Sedem
791 1819 1086 1938 Apostolieam
1123 1817 1290 1905 mentio
1334 1818 1840 1908 laetaluerat.Pontilex
1876 1818 2003 1906 enim

496 1957 540 2029 et
573 1941 629 2029 de
663 1941 740 2028 lite
775 1943 998 2061 pendente
1036 1955 1078 2027 et
1110 1941 1166 2030 de
1201 1942 1296 2029 iure
1335 1941 1632 2032 devolutionis
1656 1943 1711 2030 ad
1745 1944 1791 2030 S.
1828 1940 1998 2030 Sedem

497 2066 769 2154 mentionem
809 2067 943 2168 lacit,
987 2063 1284 2181 omnibusque
1325 2069 1529 2155 occurrit.
1571 2069 1635 2154 En
1657 2065 1796 2152 verba
1824 2065 1999 2152 Bullae:

501 2229 517 2268 ι
557 2217 656 2277 cum
694 2188 845 2307 itaque
889 2190 1001 2278 sicut
1033 2189 1282 2305 accepimus
1316 2191 1581 2278 Paroebialis
1614 2187 1800 2278 Ecclesia
1836 2188 1995 2274 Arent-

373 2373 375 2380 .
503 2353 519 2390 «
559 2311 891 2429 presbyteratus
914 2327 1165 2428 nuncupata
1183 2314 1227 2402 S.
1251 2311 1444 2402 Iulianae
1462 2315 1516 2401 V.
1543 2332 1587 2402 et
1611 2318 1667 2401 Μ.
1694 2329 1835 2399 terrae
1852 2310 1999 2398 Fraxii

504 2475 521 2513 «
562 2433 782 2521 Thelesini
822 2439 867 2528 S.
896 2435 1094 2553 Agatbae
1125 2435 1371 2523 Gothorum
1398 2438 1613 2526 dioecesis
1664 2465 1794 2553 quam
1845 2465 2000 2551 quou-

503 2598 520 2636 «
560 2557 662 2645 dam
704 2559 885 2647 blicbael
926 2559 1122 2674 Angelus
1154 2559 1362 2676 Saquella
1397 2562 1530 2677 ipsius
1555 2559 1813 2678 parochialis
1851 2559 1997 2646 Eccle-

503 2721 522 2758 «
563 2681 654 2767 siae
679 2681 837 2770 Rector
871 2682 1240 2798 Archipresbyter
1264 2702 1541 2802 nuncupatus
1576 2685 1681 2772 dum
1723 2683 1891 2769 viveret
1912 2685 1991 2768 ob·

498 2843 520 2879 a
565 2801 748 2908 tinebat,
787 2805 1177 2922 perobitumdicti
1202 2804 1423 2894 Michaelis
1468 2807 1724 2924 Angeliqui
1759 2819 1884 2892 extra
1914 2809 1996 2892 Ro·

506 2966 524 3006 ι
565 2955 739 3013 menam
775 2928 950 3017 Curiam
975 2929 1031 3016 de
1063 2959 1213 3017 meuse
1231 2930 1434 3017 Octobris
1462 2934 1564 3018 anni
1585 2929 1764 3018 Domini
1790 2929 1991 3045 proxime

505 3091 521 3126 ι
565 3051 792 3168 praeteriti
828 3051 949 3139 diem
978 3053 1128 3140 clausit
1152 3071 1402 3140 extremum
1447 3051 1670 3142 vacaverit
1692 3067 1737 3140 et
1780 3069 1907 3140 vacet
1939 3051 1993 3140 ad
2143 3045 2145 3081 ¹

507 3214 523 3252 ι
565 3201 802 3290 praesens,
843 3175 1046 3293 illiusque
1069 3175 1241 3263 collatio
1276 3195 1316 3262 rt
1355 3177 1547 3293 provisio
1585 3179 1802 3266 adNoset
1837 3173 1996 3266 Sedem
2140 3240 2143 3267 .

505 3337 522 3376 ι
564 3297 861 3412 Apostolicam
887 3300 966 3386 bae
990 3300 1083 3386 vice
1102 3315 1266 3415 spectet
1285 3317 1329 3386 et
1369 3302 1581 3415 pertineat
1582 3365 1787 3387 .....
1825 3297 1996 3386 etiamsi

506 3460 523 3497 ι
563 3419 678 3508 dieta
702 3422 964 3540 parochialis
984 3423 1172 3510 Ecclesia
1190 3421 1462 3538 dispositioni
1486 3424 1764 3541 Apostolicae
1796 3421 1992 3538 speciali-

505 3582 522 3620 «
563 3557 631 3631 ter
671 3562 894 3634 reservata
917 3547 1090 3647 existat,
1130 3563 1172 3630 ot
1207 3577 1422 3664 superea
1467 3547 1582 3634 inter
1617 3546 1786 3663 aliquos
1820 3545 1886 3649 lis,
1923 3573 1995 3630 cu·

505 3705 522 3744 ι
565 3666 630 3752 ius
665 3685 824 3756 statum
862 3669 1167 3783 praesentibus
1198 3670 1351 3757 baberi
1388 3672 1591 3758 volumus
1625 3701 1706 3787 pro
1739 3698 1984 3785 expresso,

506 3827 523 3864 ι
565 3789 759 3905 pendeat
793 3793 983 3880 indecisa
1017 3793 1264 3882 dummodo
1311 3811 1510 3910 tempore
1556 3795 1688 3882 datae
1733 3789 1991 3878 earumdem

508 3951 523 3987 s
564 3914 861 4028 praesentium
897 3946 983 4002 non
1019 3917 1075 4002 sit
1110 3919 1151 4002 in
1188 3947 1238 4004 ea
1273 3917 1402 4004 alicui
1437 3918 1683 4034 specialiter
1715 3916 1781 4002 ius
1814 3915 1992 4031 quaesi-

507 4071 525 4111 «
564 4048 692 4122 tum.
724 4103 733 4122 .
766 4105 775 4123 .
804 4037 950 4126 eidem
984 4037 1178 4126 Antonio
1196 4040 1395 4132 conterre
1429 4059 1473 4128 et
1495 4042 1718 4157 assignare
1742 4039 1995 4126 auctoritate

507 4195 524 4232 ι
566 4172 713 4248 nostra
746 4161 1030 4248 curetis...»
1338 4243 1339 4248 Ν

627 4281 801 4393 Quibus
835 4284 919 4371 hue
958 4314 1097 4402 usque
1132 4287 1481 4391 animadversis,
1529 4313 1905 4404 supervacaneum
1933 4284 1994 4368 vi-

503 4401 633 4491 detur
665 4405 721 4494 de
760 4408 885 4494 tertio
919 4407 1063 4495 dubio
1095 4409 1358 4530 disquirere.
1385 4415 1576 4500 Tantum
1600 4407 1852 4496 meminisse
1877 4409 1995 4494 iuvat

502 4526 639 4642 quod,
675 4529 709 4614 si
743 4529 856 4618 forte
885 4530 1248 4648 deprehendatur
1270 4534 1450 4652 aliquod
1474 4536 1517 4622 in
1555 4535 1694 4622 lorma
1745 4547 1986 4646 peecatum,

503 4647 587 4754 boc,
615 4681 699 4737 uon
729 4656 867 4742 semel
904 4657 997 4746 aS.
1025 4657 1080 4744 Ο.
1115 4673 1315 4746 sanatum
1365 4657 1461 4764 luit,
1513 4689 1593 4746 ceu
1631 4657 1746 4742 iuter
1784 4654 1890 4743 alias
1923 4658 1997 4742 vi-

503 4771 611 4861 dere
646 4792 710 4862 est
745 4777 787 4864 in
823 4776 992 4892 Riponc
1026 4779 1084 4866 l2
1121 4777 1227 4868 totta·
1262 4783 1401 4870 4788.

534 4953 538 4964 ·
628 4896 752 4986 Hisce
785 4900 983 4988 breviter
1033 4903 1258 5018 expositis
1305 4903 1542 5023 dignentur
1576 4905 1660 4990 EE.
1700 4902 1873 4990 VV.ea
1906 4931 1993 5018 qua

500 5017 671 5134 pollent
703 5023 917 5139 sapientia
951 5056 1001 5114 ac
1033 5026 1139 5114 iuris
1172 5027 1329 5146 peritia
1362 5029 1593 5146 sequentia
1627 5024 1840 5114 dirimere

1098 5233 1101 5236 ’
1159 5271 1335 5360 nuum

627 5505 661 5592 l.
699 5509 770 5596 An
800 5527 951 5601 emtstet
987 5513 1038 5600 de
1064 5514 1261 5606 nullitate
1298 5549 1518 5609 concursus
1546 5522 1590 5608 in
1613 5551 1728 5610 casu.
