4530 6336
759 277 842 363 nie
872 275 933 364 26
966 275 1071 362 Iulii
1105 277 1241 364 4879.
1662 281 1752 368 315

387 398 650 488 Huiusmodi
685 428 849 515 preces,
889 417 1019 516 prout
1052 397 1149 486 lieri
1182 401 1319 502 solet,
1359 398 1471 487 illico
1504 431 1585 516 pro
1618 400 1762 490 inlar-

263 523 458 612 rnatione
475 537 518 609 et
533 538 634 608 voto
652 521 991 639 Archiepiscopo
1010 522 1214 609 remissae
1239 519 1428 610 luerunt.
1450 523 1534 634 Qui
1556 524 1601 614 S.
1631 527 1684 613 V.
1704 527 1760 616 0.

266 647 481 763 imperata
515 643 694 752 iaciens,
732 643 817 746 sub
853 644 1021 731 (41029
1054 641 1160 732 maii
1194 645 1315 732 1878
1349 661 1578 763 postquam
1623 644 1762 736 adno-

266 769 373 854 tavit
409 767 688 883 presbyteros
720 797 822 855 suae
857 765 1077 854 Dioecesis
1111 765 1293 852 minime
1316 795 1361 852 se
1396 766 1653 885 ingererein
1689 802 1764 886 ge-

266 891 414 978 rendis
450 890 715 976 familiarum
752 889 957 1006 negotiis,
995 919 1046 976 ac
1077 887 1358 977 Sacerdotem
1395 889 1518 978 Ralla
1552 893 1763 1008 quasdam

266 1013 346 1132 ipsi
381 1012 552 1101 dedisse
587 1011 731 1098 literas
766 1011 1002 1129 praecipue
1035 1010 1130 1098 illas
1162 1010 1249 1098 diei
1301 1010 1352 1096 2l
1409 1015 1594 1100 ianuarii
1641 1016 1763 1105 4878

265 1134 402 1254 (quac
435 1133 647 1224 deliciunt
683 1133 726 1218 in
763 1133 886 1254 actis)
911 1133 1194 1222 contumelias
1218 1132 1447 1252 minasque
1469 1136 1758 1242 continentes,

266 1257 420 1345 retulit
453 1255 664 1344 familiam
699 1255 837 1348 Solari
874 1283 1016 1374 neque
1052 1257 1243 1344 nobilem
1280 1286 1388 1358 esse,
1430 1287 1573 1376 neque
1607 1259 1761 1348 vivere

198 1449 203 1458 .
267 1408 390 1468 more
424 1378 678 1468 nobilium:
715 1378 996 1469 Sacerdotem
1031 1377 1156 1466 {tatto
1200 1410 1445 1494 accressere
1479 1398 1763 1495 procuratore

266 1502 318 1590 cd
351 1519 493 1618 000040
534 1501 583 1587 di
615 1517 755 1616 questo
788 1499 990 1622 [04049140
1024 1498 1125 1586 deoc
1159 1502 1362 1618 iaycrr‘rsi
1400 1504 1762 1592 accessoriomente

266 1627 334 1712 uei
375 1622 1081 1740 1000090041.60004000010000
1117 1655 1219 1720 essa,
1260 1623 1697 1740 0011ον04ν·01044090,
1741 1661 1761 1714 c

265 1747 439 1864 qualche
481 1747 595 1835 00140
625 1745 731 1832 nette
769 1779 840 1834 ore
862 1746 1042 1832 dimano
1064 1777 1256 1834 concorso
1277 1745 1391 1833 aella
1420 1746 1580 1864 4044090
1621 1751 1763 1837 istesso

264 1872 286 1956 ci
324 1869 395 1958 cltc
427 1899 551 1983 possa
598 1869 639 1954 la
671 1903 744 1956 sua
784 1873 997 1986 qiuariata.
1035 1868 1165 1955 Oroi
1196 1868 1268 1956 88.
1297 1868 1463 1956 Caroni
1493 1870 1564 1957 cde
1593 1873 1759 1960 rietorro

268 1993 312 2077 ai
363 1990 539 2078 chierici
602 1991 845 2080 l’esercizio
894 1991 1008 2078 della
1062 2008 1332 2090 mercatura,
1390 2023 1472 2078 aaa
1524 2025 1621 2079 sono
1674 1996 1762 2082 nio·

269 2115 350 2202 tati
367 2147 407 2200 se
423 2145 509 2200 essa
526 2117 641 2202 cicae
659 2116 874 2202 esereitota
895 2147 977 2200 noa
1000 2111 1065 2200 acl
1085 2117 1267 2231 proprio
1290 2145 1357 2202 ma
1377 2115 1447 2200 ael
1469 2131 1585 2202 conto
1612 2115 1766 2205 d’altra'

270 2269 379 2323 coare
401 2235 449 2357 [a
483 2237 519 2321 il
557 2237 608 2324 8.
646 2235 802 2357 Ilaffo?
834 2240 936 2324 Post
969 2239 1076 2324 baec
1098 2255 1272 2324 enarrat
1296 2236 1575 2325 Catharinam
1601 2239 1759 2342 Solari,

267 2373 407 2448 matre
444 2359 542 2449 licet
576 2360 832 2462 reluctante,
871 2389 985 2448 anno
1021 2359 1141 2448 1876
1175 2359 1426 2475 religiosum
1456 2361 1655 2448 habitum
1692 2391 1765 2448 su-

265 2484 454 2600 scepisse
487 2511 633 2600 neque
667 2482 856 2572 subinde
890 2515 913 2570 a
949 2499 1131 2598 paterna
1164 2481 1434 2572 haereditate
1467 2514 1611 2602 neque
1645 2516 1669 2572 a
1701 2483 1762 2572 la·

268 2605 386 2692 milia
428 2605 673 2693 obtinuisse
719 2609 767 2692 rui
797 2638 853 2692 aa
886 2602 1004 2692 solda
1035 2608 1084 2690 ad
1115 2635 1168 2690 ua
1212 2621 1376 2720 oqqetto
1419 2603 1488 2692 del
1527 2606 1671 2692 calore
1715 2607 1763 2693 di

267 2726 488 2815 00001010.

392 2853 484 2937 lmo
516 2877 616 2936 eum
652 2884 675 2938 a
707 2869 850 2938 matre
884 2849 928 2936 in
967 2863 1228 2937 testamento
1263 2849 1408 2938 cidem
1449 2849 1649 2968 legitima
1697 2849 1762 2936 iu·

266 2969 482 3060 sufficiens
514 2971 647 3060 luerit
681 2974 857 3077 relicta,
896 3003 1083 3090 cumque
1118 3001 1185 3060 res
1224 2973 1515 3060 amicabiliter
1558 2973 1762 3090 componi

264 3097 444 3184 lratrcm
466 3096 578 3181 intcr
601 3113 644 3184 et
666 3127 862 3184 sororem
886 3095 1003 3184 haud
1021 3094 1208 3184 valuerit
1224 3095 1439 3211 percolpa
1457 3094 1527 3184 rtet
1542 3095 1594 3182 ll.
1618 3094 1757 3217 ttaffo,

266 3249 334 3306 res
368 3217 423 3306 ad
459 3218 652 3306 tribunal
685 3218 828 3308 delata
862 3219 1000 3306 venit.
1025 3221 1121 3332 Qua
1145 3219 1188 3304 in
1211 3214 1259 3306 ie
1283 3216 1612 3322 animadvertit,
1636 3217 1760 3336 quod

268 3340 479 3432 Sacerdos
497 3341 566 3429 bic
601 3372 685 3430 non
716 3340 1051 3430 mododistaccd
1080 3340 1115 3426 il
1143 3339 1288 3427 Solari
1309 3343 1384 3458 ata
1416 3341 1491 3427 ctat
1519 3340 1763 3458 patrocinio

264 3461 317 3550 di
350 3461 428 3550 dne
459 3461 630 3552 distica·
661 3497 683 3551 c
718 3465 982 3554 coscieaziosi
1016 3464 1264 3552 Auoocotic
1298 3463 1337 3550 10
1371 3493 1471 3580 pose
1495 3467 1539 3552 ia
1562 3495 1682 3550 urano
1713 3461 1762 3550 di

266 3618 319 3672 aa
360 3601 473 3672 terzo
488 3620 505 3686 ;
558 3615 711 3676 verum
756 3588 886 3675 etiam
936 3587 1258 3704 Theolugorum
1310 3603 1460 3674 vntum
1493 3585 1761 3706 ,exquirebat

264 3708 320 3795 ad
355 3708 452 3811 boc,
481 3728 527 3796 ut
550 3710 784 3798 chricum
819 3709 1031 3800 suaderet
1065 3709 1120 3798 ad
1155 3710 1469 3826 praestandum
1504 3713 1547 3798 in
1595 3708 1756 3800 iudicio

264 3833 566 3920 iuramentum
590 3833 775 3920 diaulia
796 3865 895 3920 acer
927 3833 1131 3920 creditato
1156 3831 1276 3918 dalla
1314 3832 1478 3936 madre,
1500 3830 1666 3950 quando
1688 3830 1762 3918 bea

262 3953 430 4041 diuersa
469 3986 569 4042 sono
613 3955 649 4043 lc
684 3989 787 4043 cose.
826 3957 992 4048 Exinde
1025 3956 1176 4044 subdit
1210 3982 1308 4042 carm
1343 3957 1554 4047 Sacerdos
1588 3955 1657 4042 bic
1684 3985 1760 4040 con

265 4076 482 4164 iscaadalo
519 4079 711 4196 qenerale
741 4080 778 4166 si
825 4097 1046 4195 00040090
1093 4078 1205 4164 obice
1242 4077 1390 4192 percite
1425 4077 1651 4198 fretellae
1694 4109 1759 4162 so·

266 4199 376 4286 rella
414 4233 495 4288 000
536 4204 574 4289 si
601 4231 779 4316 possano
812 4201 1025 4290 intendere
1047 4200 1097 4290 cd
1126 4199 1486 4288 amicbeoolmcrrtc
1518 4199 1754 4287 conuenire:

259 4351 340 4436 per
378 4339 518 4439 questa
558 4326 733 4441 ruqioae
765 4325 824 4410 mi
863 4357 935 4412 son
973 4325 1145 4412 creduto
1181 4325 1223 4409 ia
1261 4321 1416 4412 diritto
1464 4356 1483 4410 c
1522 4321 1620 4408 diro
1653 4350 1763 4436 parc

265 4447 309 4532 in
348 4443 498 4534 dooere
530 4445 579 4533 di
615 4447 819 4536 ordinare
865 4447 910 4534 01
949 4445 1073 4568 1104Ῑο
1116 4447 1160 4533 40
1196 4448 1392 4534 rr'nuncia
1435 4477 1460 4530 0
1508 4443 1648 4562 qerire
1695 4440 1762 4557 914

264 4565 398 4688 affari
427 4567 573 4656 Solari
619 4604 640 4656 e
672 4570 824 4686 poicltd
856 4602 937 4658 aaa
975 4571 1033 4656 mi
1080 4569 1190 4658 ualle
1232 4567 1428 4656 abbidire
1482 4567 1534 4678 do
1590 4563 1762 4654 creduto

266 4721 388 4778 usare
425 4691 651 4780 dell'unico
685 4725 823 4780 orezzo
863 4691 911 4782 di
951 4695 1149 4781 coazionc
1185 4691 1257 4778 0440
1288 4693 1450 4780 rimare
1486 4689 1531 4778 01
1557 4689 1604 4779 V
1600 4719 1756 4786 escooo,
1884 4749 1886 4754 -

266 4813 463 4902 arietando
502 4815 545 4903 10
589 4815 868 4906 celebracione
915 4815 984 4904 dci
1026 4814 1168 4906 dior‘ai
1213 4815 1391 4904 misteri.
1433 4811 1636 4904 Tandem
1678 4810 1759 4900 de-

262 4953 395 5055 negat
429 4953 620 5028 actorem
655 4939 949 5057 praeceptoris
983 4968 1166 5026 munere
1189 4935 1310 5056 longi
1333 4937 1378 5024 in
1401 4935 1565 5030 familia
1598 4931 1756 5036 Solari,

264 5061 564 5180 nonnullaque
598 5061 682 5150 alia
709 5061 860 5150 adiicit
893 5061 1003 5150 circe
1036 5060 1169 5180 ipsius
1203 5059 1320 5147 vitae
1352 5060 1569 5148 rationum
1604 5056 1674 5146 cle
1708 5053 1764 5144 10

264 5177 440 5272 larciato
476 5219 497 5272 c
535 5215 695 5300 sempre
734 5184 861 5278 luscio
890 5182 1063 5301 qualche
1095 5215 1187 5270 cusa
1220 5181 1519 5270 cdesidcrare.
1541 5179 1619 5271 Ncl
1641 5177 1753 5270 1871

264 5305 318 5394 lto
355 5305 509 5396 [locuto
533 5305 751 5426 taolierqli
778 5305 821 5394 10
858 5305 1018 5428 [000140
1043 5304 1092 5394 cti
1113 5303 1315 5394 ascoltorc
1355 5305 1391 5394 le
1413 5303 1664 5427 confessioni
1678 5331 1764 5419 -per
1899 5330 1903 5338 ’

265 5427 302 5516 il
334 5459 442 5518 sesso
464 5431 697 5552 (carcinite
703 5495 816 5520 ......
822 5429 968 5520 Arete
1001 5431 1044 5518 in
1077 5430 1210 5549 quasti
1250 5428 1394 5518 ultimi
1429 5429 1530 5516 anui
1567 5425 1657 5528 abbi
1701 5425 1765 5514 ri·

1576 5579 1635 5667 11
