4446 6330
529 367 560 454 2
984 364 1065 451 Die
1097 365 1157 453 25
1189 363 1385 451 Ianuarii
1420 365 1555 452 t879.

524 487 632 576 disc.
669 489 699 574 9
733 487 783 576 de
815 487 1003 576 matrim.
1041 519 1154 574 num.
1193 489 1238 575 7.
1271 488 1373 574 «ita
1421 505 1631 604 sequutum
1678 486 1781 608 suit,
1833 491 2016 601 praecio

523 609 756 699 iuramento
790 641 929 700 aarum
962 608 1102 697 eodem
1121 609 1450 730 Arabiepiscopo
1467 609 1687 725 praestito,
1717 625 1800 698 tam
1828 607 1879 696 ab
1904 613 2021 725 ipsis

519 734 781 850 coniupibus,
819 765 941 851 quam
975 765 1001 820 a
1041 733 1218 847 septima
1253 765 1379 822 manu
1417 735 1745 832 coniunctorum,
1788 766 1836 823 ac
1879 735 2011 822 etiam

519 857 725 946 relatione
758 855 1020 944 obstetricum
1056 855 1175 976 (dum
1200 855 1252 946 de
1284 859 1452 974 uirpine
1484 855 1703 976 upebatnr)
1727 858 1848 944 inccta
1879 855 2022 946 Cano-

518 1013 615 1068 num
652 981 984 1096 dispositionem,
1022 1011 1147 1094 saper
1179 980 1371 1068 mulieris
1403 981 1680 1098 cirpinitute,
1718 1011 1766 1066 ac
1796 981 2016 1068 matrimo-

518 1105 586 1190 nii
614 1135 695 1190 nan
732 1103 1078 1190 consummatione
1116 1144 1155 1190 a.
1856 1199 1858 1206 y

644 1227 856 1344 Evulgata
891 1257 915 1312 a
948 1225 1121 1314 Bened.
1158 1227 1260 1316 XlV
1297 1225 1539 1344 percelebri
1573 1225 1899 1316 Constitutione
1932 1229 2019 1318 Dei

518 1351 784 1438 miseratione
808 1381 893 1466 pro¹
920 1348 1067 1437 rituali
1093 1348 1247 1436 ordine
1273 1350 1316 1436 in
1340 1349 1478 1438 causis
1503 1349 1900 1438 matrimonialibus
1923 1381 2014 1439 ser·

500 1472 682 1576 vando,
722 1489 765 1562 et
800 1503 879 1591 pro
914 1471 1190 1560 institutione
1223 1469 1361 1562 Officii
1382 1471 1631 1560 Delerrsoris
1655 1472 1938 1570 Matrimonii,
1968 1476 2014 1564 in

520 1627 572 1686 eo
605 1595 723 1715 quod
774 1625 929 1684 causae
973 1593 1351 1711 dispensationum
1401 1614 1646 1684 reservatae
1694 1612 1798 1684 sunt
1849 1595 2013 1686 iudicio

519 1719 690 1812 Summi
724 1715 961 1818 Pantilius,
999 1735 1130 1835 atque
1162 1749 1313 1807 earum
1358 1749 1526 1806 examen
1569 1720 1635 1806 vel
1670 1721 1723 1806 ll.
1761 1719 1807 1810 S.
1845 1721 1900 1806 0.
1939 1721 2009 1810 vel

520 1844 615 1932 aliis
648 1841 910 1959 specialibus
944 1842 1366 1959 Congregationibus
1397 1841 1712 1931 remittendum
1745 1839 2003 1946 consulitur,

519 1967 624 2055 haec
656 1967 703 2056 S.
739 1963 1030 2082 Congregatio
1063 1991 1239 2082 semper
1273 1965 1559 2082 persimilem,
1587 1981 1636 2054 ut
1659 1981 1804 2068 antea,
1830 1965 2013 2054 iudicia-

519 2089 606 2180 lem
642 2088 839 2178 ordinem
874 2087 1143 2176 observavit.
1180 2090 1245 2175 lta
1278 2089 1321 2175 in
1356 2119 1482 2177 causa
1515 2087 1816 2208 subsequente
1865 2091 2005 2178 Bene·

502 2311 504 2318 ¹
520 2212 728 2302 dictinum
746 2210 1110 2299 Constitutiauem
1127 2209 1240 2300 ‘idest
1253 2211 1488 2298 Corduben.
1508 2211 1844 2354 Dispensatipnis
1856 2213 1917 2300 22
1934 2211 2013 2300 Νο-

517 2335 695 2423 cambris
729 2335 1034 2450 tremorque
1068 2335 1126 2421 ita
1148 2335 1279 2422 etiam
1306 2335 1351 2422 in
1374 2334 1457 2423 alia
1482 2365 1609 2425 causa
1636 2334 1834 2452 proxima
1879 2363 2002 2452 prae·

522 2475 653 2548 eunte
704 2455 1074 2546 lustructionill.
1111 2459 1157 2548 S.
1198 2459 1252 2548 Ο.
1301 2459 1439 2562 leO,
1490 2455 1695 2547 videlicet
1730 2452 2011 2575 Neapolitana

518 2581 858 2698 Dispensationis
893 2579 1161 2666 Matrimonii
1195 2581 1254 2668 45
1285 2580 1536 2698 Septembris
1569 2582 1710 2670 t827.

643 2705 717 2792 Est
750 2721 896 2791 autem
931 2703 1139 2790 omnibus
1173 2705 1401 2822 explorata
1437 2705 1543 2793 haec
1576 2705 1733 2794 eadem
1757 2702 2000 2808 lnstructi03

519 2858 636 2948 quae
670 2845 907 2945 utcumque
940 2842 983 2912 et
1018 2827 1126 2943 ipsa,
1164 2827 1466 2946 infrequenter
1482 2827 1539 2916 de
1561 2861 1613 2918 eo
1638 2845 1837 2970 tempore
1860 2857 2011 2915 occur·

519 2951 717 3041 rentibus
751 2947 1167 3092 dispensationibus,
1206 2951 1441 3071 praecipue
1483 2982 1562 3069 pro
1618 2953 1755 3042 causis
1801 2949 2012 3040 nullitatis

519 3073 789 3182 matrimonii
824 3103 878 3160 ex
912 3071 1170 3190 impotentia
1203 3073 1322 3164 edita
1367 3073 1519 3178 luerit,
1557 3075 1842 3165 nibilominus
1890 3071 2010 3162 baud

523 3199 707 3286 obscure
742 3195 884 3283 innuit
918 3196 974 3286 ad
1006 3227 1154 3285 causas
1188 3197 1522 3315 dispensationis
1545 3229 1638 3289 esse
1660 3196 2003 3299 extendendam.

518 3320 745 3438 inquibus
777 3349 865 3408 nan
885 3317 956 3416 de
989 3320 1204 3420 nullitate,
1242 3319 1320 3410 sed
1353 3321 1409 3409 de
1432 3321 1717 3412 dissolutione
1736 3322 1898 3411 vrnculr
1937 3319 2005 3410 di·

517 3459 753 3562 sceptatur,
783 3462 882 3532 tunc
904 3473 1003 3532 eum
1023 3461 1332 3585 praemoneat,
1350 3460 1464 3532 tutas
1487 3447 1748 3534 corastituere
1772 3445 1885 3531 velle
1906 3473 2008 3530 nor·

519 3597 616 3656 mas
647 3566 866 3657 iudicibus
903 3607 921 3646 ι
960 3568 1004 3652 in
1038 3567 1179 3655 causis
1213 3567 1410 3654 omnium
1445 3569 1728 3686 gravissimis,
1767 3565 2006 3684 inquibus

524 3731 540 3770 ι
539 3691 723 3812 agitur
756 3690 812 3778 de
844 3690 1102 3778 sacramenti
1137 3690 1364 3780 validitate
1399 3691 1467 3779 vel
1501 3691 1716 3795 nullitate,
1754 3721 1802 3778 ac
1824 3687 1875 3776 de
1909 3687 2005 3775 dis·

523 3855 540 3893 ι
539 3802 775 3902 soluendo
807 3811 973 3899 uinculo
1008 3815 1316 3902 matrimoniali
1355 3854 1393 3900 ι.
1431 3816 1494 3901 Ex
1527 3845 1614 3933 quo
1649 3845 1752 3904 vero
1786 3812 1830 3902 in
1855 3813 2005 3900 buius·

517 3937 805 4058 modicausis,
823 3965 902 4024 ceu
920 3937 1345 4077 praemoneteadem
1366 3939 1597 4026 lustrantia
1612 3937 1658 4060 3.
1674 3938 1777 4025 Cum
1805 3977 1823 4016 ι
1844 3969 1926 4024 non
1948 3933 2004 4021 de

521 4063 613 4148 iure
645 4059 892 4148 alterutrius
923 4063 1063 4174 partis
1098 4077 1271 4158 tantum,
1297 4060 1369 4148 sed
1404 4065 1628 4177 praecipua
1661 4061 1713 4149 da
1763 4061 2006 4150 Sacramen-

522 4182 604 4271 tali
626 4182 793 4270 uinculo
826 4181 1089 4270 dissolvendo
1132 4201 1353 4299 apaten»,
1392 4184 1492 4274 binc
1525 4184 1580 4273 ad
1620 4183 1874 4304 religionem
1924 4187 2003 4274 Sa·

522 4305 732 4396 crementi
767 4305 1060 4423 protuendam
1096 4306 1452 4396 indeclinabilem
1488 4309 1789 4425 unusquisque
1844 4302 2005 4394 admit·

520 4447 617 4519 tere
650 4429 785 4518 debet
817 4428 1021 4518 ritualem
1054 4429 1301 4518 ordinem
1289 4461 1333 4518 ιι]
1367 4430 1524 4521 eadem
1561 4431 1845 4520 lnstructione
1878 4455 2004 4547 prae-

521 4554 748 4670 scriptum3
787 4581 929 4672 eaque
963 4551 1143 4670 insuper
1180 4552 1450 4658 necessitate,
1502 4571 1550 4642 ut
1599 4553 1755 4642 eodem
1805 4552 2004 4671 neglecto

518 4676 694 4766 nullitas
727 4694 921 4766 actorum
957 4677 1172 4781 omnium,
1210 4677 1265 4766 ad
1300 4707 1472 4766 sensum
1499 4677 1810 4766 benedictinae
1831 4673 2003 4767 Consti-

517 4800 694 4890 tutionis
709 4831 733 4888 a
750 4804 796 4892 S.
832 4801 887 4884 H.
904 4799 959 4886 0.
974 4798 1238 4888 comminata
1261 4801 1331 4906 sit;
1360 4841 1377 4878 ι
1406 4797 1462 4888 ad
1487 4799 1779 4890 removendas
1799 4799 2000 4901 lraudes,

520 4961 536 5002 ι
577 4953 692 5042 quae
724 4921 957 5040 coniugum
995 4922 1176 5020 malitia,
1214 4923 1284 5010 vel
1316 4924 1557 5015 collusione
1579 4953 1710 5042 saepe
1724 4924 1997 5022 oriebantur

365 5044 369 5053 ’
520 5049 621 5138 «S
659 5049 716 5136 Μ.
754 5044 920 5134 Bencd.
958 5047 1107 5135 XlV
1096 5077 1138 5134 m
1163 5047 1311 5135 Const.
1340 5048 1422 5136 Dei
1449 5049 1726 5138 miseratione
1749 5069 1995 5164 processum

519 5209 537 5248 ι
575 5167 898 5274 conficiendum
914 5199 1006 5260 esse
1044 5169 1267 5290 praecepit
1298 5170 1370 5260 sub
1401 5203 1535 5288 poena
1567 5172 1781 5260 nullitatis
1811 5165 1997 5254 omnium

519 5331 536 5370 r
576 5308 778 5392 actorum,
805 5311 850 5382 ut
877 5295 1200 5410 probationibus
1232 5294 1499 5438 undequaque
1531 5289 1996 5382 accuratissimecumu·

520 5413 741 5513 c‘latis,
729 5447 773 5502 m
808 5419 946 5506 causis
979 5417 1231 5506 huiusmodi
1266 5420 1467 5506 omnium
1502 5411 1829 5534 gravissimis..
1880 5409 2000 5498 iudi·

520 5577 537 5616 «
577 5567 646 5626 ces
681 5538 725 5625 in
759 5537 1023 5656 proferendo
1067 5539 1228 5630 iudicio
1263 5539 1343 5628 tuti
1379 5540 1653 5657 acquiescere
1687 5534 1931 5654 possint.
