4460 6332
615 439 700 526 Dic
731 440 794 530 20
823 436 1071 556 Septembris
1104 439 1243 530 l879.
1580 447 1671 540 455

190 567 372 684 gratiam
410 565 457 654 S.
492 563 618 656 Sedis
654 563 979 656 communicare
1015 561 1269 681 petentibus
1301 579 1347 652 et
1396 563 1441 652 iu
1489 567 1682 660 archivio

190 688 349 780 Curiae.
371 717 562 775 servare.
598 685 816 774 Purochus
847 683 999 806 oppidi
1033 684 1228 802 Borgetti
1262 701 1442 776 testatus
1474 707 1539 778 est
1561 719 1675 780 nun-

194 841 326 929 quam
363 808 812 924 vidisse'rescriptum
846 805 1024 926 aliquod
1057 805 1393 923 dispensationis
1426 841 1451 896 a
1483 810 1529 900 S.
1560 814 1674 904 Sede

192 963 442 1021 concessum
476 929 921 1048 coniugibusucippt
955 946 998 1018 et
1045 929 1303 1048 Gangialosi3
1352 961 1433 1020 nec
1475 962 1674 1052 uuquam

192 1055 365 1144 dedisse
397 1054 448 1141 iis
481 1053 626 1142 literas
660 1052 989 1157 testimoniales,
1026 1082 1141 1170 quae
1175 1051 1245 1174 (ut
1274 1083 1371 1142 mos
1403 1054 1485 1176 est)
1517 1059 1673 1176 requi-

194 1195 354 1265 runtur
411 1193 457 1264 ut
512 1173 711 1294 Episcopi
764 1173 1144 1263 commendatitias
1195 1203 1294 1263 suas
1348 1179 1533 1266 Romam
1580 1209 1661 1297 pro

195 1299 338 1417 gratia
371 1298 609 1388 obtinenda
632 1296 834 1401 -mittant;
882 1295 1081 1415 quinimo
1128 1296 1346 1386 Parochus
1378 1327 1478 1387 eum
1529 1300 1668 1420 impe·

195 1420 444 1510 dimentum
478 1417 694 1508 affittitatis
728 1420 993 1537 cognoverit,
1020 1433 1239 1508 contracto
1264 1419 1350 1507 iam
1376 1420 1678 1530 matrimonio,

21 1619 23 1634 .
75 1555 79 1561 ’
197 1545 472 1634 Salvatorem
508 1543 670 1660 pluries
704 1540 965 1630 hortabatur
996 1558 1045 1631 nt
1077 1541 1448 1658 dispensationem
1492 1562 1678 1662 peteret,

195 1669 273 1755 istc
306 1665 384 1755 scd
417 1665 554 1784 uoluit
586 1663 965 1754 exhortationihus
984 1663 1206 1754 assentire.
1233 1665 1436 1786 Denique
1469 1665 1561 1782 ipsa
1583 1692 1679 1756 mu-

196 1792 276 1878 lier
310 1789 352 1876 in
388 1787 536 1876 libello
568 1786 872 1904 appellationis
895 1785 1131 1876 confitetur
1153 1813 1239 1874 nou
1264 1787 1509 1875 obtinuisse
1533 1817 1681 1879 ncces-

194 1913 349 2000 sariam
384 1912 775 2028 dispensationem.
803 1909 1051 2000 Clarissima
1074 1924 1194 2028 patet
1212 1908 1544 1998 matrimonium
1569 1915 1684 2003 cete·

194 2039 371 2123 beatum
394 2033 525 2122 luisse
546 2031 714 2149 absque
737 2030 1044 2147 impedimenti
1070 2031 1317 2121 dirimentis
1333 2031 1683 2149 dispensatione.

327 2158 489 2242 Verum
527 2171 724 2270 potestne
757 2153 915 2242 lactum
950 2155 1063 2244 istud
1100 2153 1249 2244 relorri
1301 2154 1356 2242 ad
1405 2156 1470 2242 ius
1519 2185 1682 2275 aquo

200 2279 329 2395 possit
363 2278 634 2364 elementum
668 2275 850 2394 aliquod
884 2275 1092 2379 mutuari,
1135 2274 1253 2364 uude
1286 2275 1678 2368 “cohonestativam

199 2403 359 2489 haheat
382 2397 740 2518 explicationem?
762 2399 809 2485 ln
835 2397 1047 2514 primum:
1062 2399 1108 2486 ln
1131 2395 1303 2492 Siciliae
1322 2399 1461 2489 insula
1500 2401 1686 2520 quaudo

200 2522 548 2622 matrimonium,
586 2521 751 2638 dequo
774 2520 929 2640 agitur,
956 2520 1036 2610 luit
1067 2521 1353 2626 celebratum,
1391 2522 1512 2612 luror
1546 2523 1686 2613 civilis

199 2642 441 2734 discordiae
475 2643 717 2745 ttestuahat,
753 2657 797 2730 et
840 2644 1087 2734 asceteriis
1120 2642 1274 2760 religio
1319 2645 1533 2736 catholica
1584 2645 1684 2734 insi·

199 2768 424 2868 diabatur,
462 2783 505 2850 et
539 2765 676 2882 pietas
708 2783 871 2882 spreta,
908 2782 951 2854 ot
985 2766 1109 2884 pravi
1148 2795 1289 2854 mores
1312 2767 1492 2855 exaltati
1515 2767 1685 2884 et'pr

198 2891 313 3008 scopi
339 2921 362 2978 a
389 2887 740 3006 persecutoribus
773 2887 996 3005 exagitati,
1035 2888 1165 2978 laicos
1197 2887 1469 2976 videbantur·
1504 2890 1683 3006 privare

199 3011 314 3100 lucili
347 3011 741 3100 comtaaurricatione
773 3011 1053 3102 cumvsancn
1085 3009 1198 3101 Sede
1247 3011 1301 3100 ad
1351 3013 1509 3128 gratias
1555 3011 1676 3099 obti-

202 3135 384 3223 nendas.
423 3135 621 3220 Fortasse
654 3135 889 3249 Episcopus
914 3149 1125 3221 ‘oretcnus
1149 3131 1270 3220 illam
1291 3133 1476 3251 gratiam
1499 3132 1681 3250 dispe-n·

65 3275 66 3280 ‘
198 3257 376 3343 sationis
410 3254 668 3371 coniugibus
701 3251 874 3342 dedisse
909 3255 1171 3373 putandum.
1208 3253 1295 3343 Sed
1319 3255 1419 3343 huic
1445 3255 1677 3374 hypothesi

199 3383 327 3469 Sacra
375 3374 670 3494 Inquisitionis
723 3377 1016 3494 Congregatio
1066 3376 1324 3494 respondet.
1378 3413 1395 3457 r
1436 3377 1682 3496 Propositio

210 3541 225 3576 ι
265 3529 460 3588 asserens
482 3501 745 3618 Episcopum
782 3529 907 3616 posse
935 3499 1195 3616 dispensare
1211 3499 1255 3586 iu
1280 3497 1475 3614 publico·
1496 3495 1685 3616 impedi·

210 3666 224 3700 t
267 3639 417 3710 mento
436 3621 764 3710 matrimonium
784 3620 1017 3710 dirimente
1034 3621 1417 3739 consanguinitatis
1435 3653 1518 3739 pro
1536 3619 1689 3709 matri-

208 3785 224 3823 «
266 3743 415 3832 monio
448 3744 743 3833 contrahendo
776 3745 869 3834 sive
907 3741 950 3832 in
985 3741 1170 3832 articulo
1195 3742 1349 3830 mortis
1385 3743 1477 3831 sive
1510 3745 1570 3832 in·
1598 3741 1681 3830 alia

207 3905 223 3944 c
265 3865 569 3983 urgentissima
604 3867 869 3968 necessitate,
907 3867 1056 3984 inqua
1082 3867 1389 3953 contrahentes
1412 3865 1685 3984 nonpossint

207 4028 224 4064 ι
265 4003 498 4108 expectare
530 3989 898 4109 dispensationem
932 3987 1055 4080 Sedis
1078 3985 1369 4103 Apostolicae,
1396 4005 1462 4077 est
1484 3987 1607 4092 falsa,
1625 4003 1687 4074 te-

209 4151 224 4187 ·
266 4107 470 4210 meraris,
492 4109 1043 4226 scandalosmperuiciosa,
1058 4125 1102 4195 ct
1123 4107 1518 4229 seditiosaslllie
1544 4109 1602 4197 t9
1619 4109 1684 4194 la-

206 4231 350 4318 nuarii
383 4230 487 4319 anni
524 4234 686 4356 tuot).
720 4231 1008 4349 lnsupe'r'ista
1029 4229 1211 4321 Concilii
1247 4232 1538 4351 congregatio
1560 4254 1683 4319 'cea-e

205 4353 325 4441 snit:
370 4351 634 4470 Episcopum
669 4354 1004 4472 urgentissimae
1052 4352 1398 4442 necessitatisin
1449 4380 1549 4442 casu
1592 4365 1681 4438 non

204 4505 329 4594 posse
361 4491 463 4562 ante
494 4493 763 4565 contractum
800 4475 1130 4564 matrimonium
1150 4501 1226 4562 en
1248 4474 1569 4591 impedimento
1603 4503 1685 4591 pu-

206 4597 321 4686 hlico
355 4596 609 4712 dispensare
635 4599 693 4688 13
714 4601 838 4688 lllart.
866 4596 1332 4719 (attep.tXV.1-ttt).
1356 4600 1521 4687 Verum
1544 4594 1688 4686 Sicilia

207 4749 295 4807 non
328 4737 421 4808 erat
455 4719 497 4808 in
531 4749 644 4810 atino
680 4722 801 4810 t860
834 4739 921 4809 tam
959 4720 1088 4810 tristis
1119 4718 1397 4823 conditionis,
1451 4738 1500 4810 ut
1544 4718 1686 4806 omni·

56 4935 57 4938 .
208 4839 339 4930 moda
372 4858 541 4931 careret
574 4844 971 4932 communicatione
1002 4872 1103 4932 cum
1138 4845 1336 4934 Romano
1378 4841 1603 4943 Pontifice;
1637 4837 1688 4926 li-

207 4964 366 5052 herum
422 4959 864 5056 habehatvmcdium
917 4964 1231 5086 quodcumque
1284 4960 1689 5054 communicationis

207 5085 475 5208 huiusmodi.
512 5087 1028 5206 Episcopisinssexilium
1078 5089 1330 5206 compulsis,
1375 5117 1528 5177 eorum
1570 5084 1686 5172 vices

213 5227 414 5300 tenentes
447 5211 736 5302 Ecclesiarum
771 5239 918 5301 curam
953 5227 998 5299 et
1044 5205 1471 5300 administrationem
1515 5235 1690 5297 exerce·

210 5331 336 5420 baut.
372 5333 547 5428 Etiamsi
564 5333 695 5424 rudes
713 5335 983 5452 ignorassent
1004 5332 1049 5422 hi
1073 5333 1278 5451 coniuges
1300 5333 1686 5453 impedimentum,

210 5484 263 5542 eo
311 5453 483 5545 detecto
534 5486 612 5574 per
660 5454 1014 5545 exhortationem
1037 5457 1228 5572 parochi
1276 5457 1440 5576 pluries
1474 5452 1687 5560 auditam,

213 5589 415 5692 poterant
449 5578 824 5698 dispensationem
857 5595 1022 5694 petere.
1059 5579 1148 5667 Neo
1178 5577 1267 5668 nlla
1309 5578 1421 5668 ratio
1466 5571 1688 5693 suffragari
