<?xml version="1.0" encoding="UTF-8"?>
<!DOCTYPE html PUBLIC "-//W3C//DTD XHTML 1.0 Transitional//EN"
    "http://www.w3.org/TR/xhtml1/DTD/xhtml1-transitional.dtd">
<html xmlns="http://www.w3.org/1999/xhtml" xml:lang="en" lang="en">
 <head>
  <title>
</title>
<meta http-equiv="Content-Type" content="text/html;charset=utf-8" />
  <meta name='ocr-system' content='tesseract 3.04.00' />
  <meta name='ocr-capabilities' content='ocr_page ocr_carea ocr_par ocr_line ocrx_word'/>
</head>
<body>
  <div class='ocr_page' id='page_1' title='image "./thesaurusresolu00churgoog_0312.png"; bbox 0 0 4530 6336; ppageno 0'>
   <div class='ocr_carea' id='block_1_1' title="bbox 228 341 1817 5486">
    <p class='ocr_par' dir='ltr' id='par_1_1' title="bbox 236 341 1804 1686">
     <span class='ocr_line' id='line_1_1' title="bbox 726 341 1713 440; baseline 0.006 -8"><span class='ocrx_word' id='word_1_1' title='bbox 726 341 809 432; x_wconf 82' lang='lat' dir='ltr'><strong>Dic</strong></span> <span class='ocrx_word' id='word_1_2' title='bbox 837 341 889 430; x_wconf 78' lang='lat' dir='ltr'><strong>at</strong></span> <span class='ocrx_word' id='word_1_3' title='bbox 930 343 1049 436; x_wconf 73' lang='lat' dir='ltr'><strong>Iconii</strong></span> <span class='ocrx_word' id='word_1_4' title='bbox 1083 343 1220 436; x_wconf 81' lang='lat' dir='ltr'><strong>l879.</strong></span> <span class='ocrx_word' id='word_1_5' title='bbox 1630 349 1713 440; x_wconf 83' lang='lat' dir='ltr'><strong>30l</strong></span> 
     </span>
     <span class='ocr_line' id='line_1_2' title="bbox 236 459 1717 564; baseline 0.011 -17"><span class='ocrx_word' id='word_1_6' title='bbox 236 491 442 556; x_wconf 73' lang='lat' dir='ltr'><strong>acorum</strong></span> <span class='ocrx_word' id='word_1_7' title='bbox 493 459 728 557; x_wconf 83' lang='lat' dir='ltr'><strong>officiorum</strong></span> <span class='ocrx_word' id='word_1_8' title='bbox 780 465 982 555; x_wconf 83' lang='lat' dir='ltr'><strong>Parucbis</strong></span> <span class='ocrx_word' id='word_1_9' title='bbox 1032 465 1173 556; x_wconf 88' lang='lat' dir='ltr'><strong>lacere</strong></span> <span class='ocrx_word' id='word_1_10' title='bbox 1218 467 1376 560; x_wconf 83' lang='lat' dir='ltr'><strong>teneri.</strong></span> <span class='ocrx_word' id='word_1_11' title='bbox 1425 471 1516 560; x_wconf 83' lang='lat' dir='ltr'><strong>Eae</strong></span> <span class='ocrx_word' id='word_1_12' title='bbox 1562 487 1717 564; x_wconf 85' lang='lat' dir='ltr'><strong>autem</strong></span> 
     </span>
     <span class='ocr_line' id='line_1_3' title="bbox 238 583 1716 702; baseline 0.009 -34"><span class='ocrx_word' id='word_1_13' title='bbox 238 621 256 668; x_wconf 79' lang='grc' dir='ltr'>ι</span> <span class='ocrx_word' id='word_1_14' title='bbox 294 583 606 702; x_wconf 69' lang='lat' dir='ltr'><strong>praestationes</strong></span> <span class='ocrx_word' id='word_1_15' title='bbox 639 585 787 676; x_wconf 85' lang='lat' dir='ltr'><strong>dotem</strong></span> <span class='ocrx_word' id='word_1_16' title='bbox 808 586 1129 680; x_wconf 86' lang='lat' dir='ltr'><strong>beneficiorum</strong></span> <span class='ocrx_word' id='word_1_17' title='bbox 1154 607 1405 682; x_wconf 89' lang='lat' dir='ltr'><strong>curatorum</strong></span> <span class='ocrx_word' id='word_1_18' title='bbox 1428 593 1716 700; x_wconf 90' lang='lat' dir='ltr'><strong>constituunt,</strong></span> 
     </span>
     <span class='ocr_line' id='line_1_4' title="bbox 238 704 1715 832; baseline 0.012 -37"><span class='ocrx_word' id='word_1_19' title='bbox 238 747 257 784; x_wconf 83' lang='grc' dir='ltr'>ι</span> <span class='ocrx_word' id='word_1_20' title='bbox 294 704 429 797; x_wconf 90' lang='lat' dir='ltr'><strong>etde</strong></span> <span class='ocrx_word' id='word_1_21' title='bbox 462 707 544 796; x_wconf 91' lang='lat' dir='ltr'><strong>illis</strong></span> <span class='ocrx_word' id='word_1_22' title='bbox 577 709 850 824; x_wconf 88' lang='lat' dir='ltr'><strong>designatam</strong></span> <span class='ocrx_word' id='word_1_23' title='bbox 874 713 916 803; x_wconf 90' lang='lat' dir='ltr'><strong>in</strong></span> <span class='ocrx_word' id='word_1_24' title='bbox 935 741 1201 830; x_wconf 88' lang='lat' dir='ltr'><strong>unaquaque</strong></span> <span class='ocrx_word' id='word_1_25' title='bbox 1232 712 1421 809; x_wconf 83' lang='lat' dir='ltr'><strong>dioecesi</strong></span> <span class='ocrx_word' id='word_1_26' title='bbox 1457 716 1715 832; x_wconf 79' lang='lat' dir='ltr'><strong>pensionem</strong></span> 
     </span>
     <span class='ocr_line' id='line_1_5' title="bbox 237 828 1711 955; baseline 0.015 -45"><span class='ocrx_word' id='word_1_27' title='bbox 237 865 256 910; x_wconf 79' lang='lat' dir='ltr'><strong>r</strong></span> <span class='ocrx_word' id='word_1_28' title='bbox 294 828 689 920; x_wconf 84' lang='lat' dir='ltr'><strong>Sacerdotibusab</strong></span> <span class='ocrx_word' id='word_1_29' title='bbox 737 833 949 950; x_wconf 78' lang='lat' dir='ltr'><strong>Episcopo</strong></span> <span class='ocrx_word' id='word_1_30' title='bbox 982 835 1037 926; x_wconf 90' lang='lat' dir='ltr'><strong>ad</strong></span> <span class='ocrx_word' id='word_1_31' title='bbox 1087 835 1347 952; x_wconf 77' lang='lat' dir='ltr'>paroecias,</span> <span class='ocrx_word' id='word_1_32' title='bbox 1387 868 1465 955; x_wconf 93' lang='lat' dir='ltr'><strong>pro</strong></span> <span class='ocrx_word' id='word_1_33' title='bbox 1516 838 1711 954; x_wconf 87' lang='lat' dir='ltr'><strong>ipsarum</strong></span> 
     </span>
     <span class='ocr_line' id='line_1_6' title="bbox 237 952 1716 1074; baseline 0.005 -34"><span class='ocrx_word' id='word_1_34' title='bbox 237 992 253 1030; x_wconf 74' lang='grc' dir='ltr'>ι</span> <span class='ocrx_word' id='word_1_35' title='bbox 294 952 547 1042; x_wconf 88' lang='lat' dir='ltr'><strong>necessitate</strong></span> <span class='ocrx_word' id='word_1_36' title='bbox 580 953 719 1046; x_wconf 87' lang='lat' dir='ltr'><strong>missis</strong></span> <span class='ocrx_word' id='word_1_37' title='bbox 753 973 979 1074; x_wconf 77' lang='lat' dir='ltr'><strong>tamquam</strong></span> <span class='ocrx_word' id='word_1_38' title='bbox 1015 958 1306 1073; x_wconf 83' lang='lat' dir='ltr'><strong>paroobocum</strong></span> <span class='ocrx_word' id='word_1_39' title='bbox 1341 957 1522 1051; x_wconf 83' lang='lat' dir='ltr'><strong>Vicuriis</strong></span> <span class='ocrx_word' id='word_1_40' title='bbox 1544 961 1613 1055; x_wconf 83' lang='lat' dir='ltr'><strong>vel</strong></span> <span class='ocrx_word' id='word_1_41' title='bbox 1636 994 1716 1050; x_wconf 83' lang='lat' dir='ltr'><strong>an·</strong></span> 
     </span>
     <span class='ocr_line' id='line_1_7' title="bbox 236 1073 1716 1198; baseline 0.009 -40"><span class='ocrx_word' id='word_1_42' title='bbox 236 1112 255 1158; x_wconf 75' lang='lat' dir='ltr'><strong>r</strong></span> <span class='ocrx_word' id='word_1_43' title='bbox 294 1073 536 1178; x_wconf 83' lang='lat' dir='ltr'><strong>xiliaribus,</strong></span> <span class='ocrx_word' id='word_1_44' title='bbox 575 1077 655 1193; x_wconf 87' lang='lat' dir='ltr'><strong>ipsi</strong></span> <span class='ocrx_word' id='word_1_45' title='bbox 691 1079 870 1180; x_wconf 77' lang='lat' dir='ltr'><strong>Parocbi</strong></span> <span class='ocrx_word' id='word_1_46' title='bbox 905 1080 1077 1170; x_wconf 86' lang='lat' dir='ltr'><strong>solvere</strong></span> <span class='ocrx_word' id='word_1_47' title='bbox 1110 1079 1374 1198; x_wconf 74' lang='lat' dir='ltr'><strong>obligantur.</strong></span> <span class='ocrx_word' id='word_1_48' title='bbox 1414 1085 1548 1174; x_wconf 88' lang='lat' dir='ltr'><strong>Porro</strong></span> <span class='ocrx_word' id='word_1_49' title='bbox 1581 1083 1716 1177; x_wconf 50' lang='lat' dir='ltr'><strong>desti*</strong></span> 
     </span>
     <span class='ocr_line' id='line_1_8' title="bbox 236 1195 1714 1324; baseline 0.008 -42"><span class='ocrx_word' id='word_1_50' title='bbox 236 1233 255 1274; x_wconf 73' lang='grc' dir='ltr'><strong>ε</strong></span> <span class='ocrx_word' id='word_1_51' title='bbox 295 1195 416 1284; x_wconf 91' lang='lat' dir='ltr'><strong>natio</strong></span> <span class='ocrx_word' id='word_1_52' title='bbox 449 1197 503 1286; x_wconf 90' lang='lat' dir='ltr'><strong>ad</strong></span> <span class='ocrx_word' id='word_1_53' title='bbox 539 1199 673 1295; x_wconf 82' lang='lat' dir='ltr'><strong>mado</strong></span> <span class='ocrx_word' id='word_1_54' title='bbox 705 1199 871 1294; x_wconf 86' lang='lat' dir='ltr'><strong>dictum</strong></span> <span class='ocrx_word' id='word_1_55' title='bbox 905 1197 1092 1290; x_wconf 86' lang='lat' dir='ltr'><strong>officium</strong></span> <span class='ocrx_word' id='word_1_56' title='bbox 1129 1201 1288 1292; x_wconf 87' lang='lat' dir='ltr'><strong>velud</strong></span> <span class='ocrx_word' id='word_1_57' title='bbox 1321 1203 1442 1294; x_wconf 89' lang='lat' dir='ltr'><strong>aliud</strong></span> <span class='ocrx_word' id='word_1_58' title='bbox 1466 1205 1714 1324; x_wconf 86' lang='lat' dir='ltr'><strong>quodcum·</strong></span> 
     </span>
     <span class='ocr_line' id='line_1_9' title="bbox 237 1323 1804 1441; baseline 0.012 -43"><span class='ocrx_word' id='word_1_59' title='bbox 237 1347 383 1438; x_wconf 69' lang='lat' dir='ltr'><strong>«que</strong></span> <span class='ocrx_word' id='word_1_60' title='bbox 440 1349 596 1412; x_wconf 88' lang='lat' dir='ltr'><strong>munus</strong></span> <span class='ocrx_word' id='word_1_61' title='bbox 645 1323 767 1441; x_wconf 86' lang='lat' dir='ltr'><strong>quasi</strong></span> <span class='ocrx_word' id='word_1_62' title='bbox 818 1324 874 1414; x_wconf 93' lang='lat' dir='ltr'><strong>ad</strong></span> <span class='ocrx_word' id='word_1_63' title='bbox 931 1342 1100 1440; x_wconf 64' lang='lat' dir='ltr'><strong>[tactem</strong></span> <span class='ocrx_word' id='word_1_64' title='bbox 1155 1323 1546 1418; x_wconf 81' lang='lat' dir='ltr'><strong>administrationis</strong></span> <span class='ocrx_word' id='word_1_65' title='bbox 1578 1328 1717 1422; x_wconf 88' lang='lat' dir='ltr'><strong>eccle·</strong></span> <span class='ocrx_word' id='word_1_66' title='bbox 1801 1379 1804 1390; x_wconf 73' lang='lat'><strong>,</strong></span> 
     </span>
     <span class='ocr_line' id='line_1_10' title="bbox 240 1439 1713 1563; baseline 0.012 -35"><span class='ocrx_word' id='word_1_67' title='bbox 240 1479 258 1518; x_wconf 75' lang='grc' dir='ltr'>ι</span> <span class='ocrx_word' id='word_1_68' title='bbox 296 1439 491 1533; x_wconf 84' lang='lat' dir='ltr'><strong>siasticae</strong></span> <span class='ocrx_word' id='word_1_69' title='bbox 523 1475 623 1532; x_wconf 89' lang='lat' dir='ltr'><strong>cum</strong></span> <span class='ocrx_word' id='word_1_70' title='bbox 660 1446 754 1545; x_wconf 88' lang='lat' dir='ltr'><strong>iuro</strong></span> <span class='ocrx_word' id='word_1_71' title='bbox 787 1445 843 1534; x_wconf 86' lang='lat' dir='ltr'><strong>ad</strong></span> <span class='ocrx_word' id='word_1_72' title='bbox 867 1445 1106 1562; x_wconf 79' lang='lat' dir='ltr'><strong>praefatam</strong></span> <span class='ocrx_word' id='word_1_73' title='bbox 1130 1447 1384 1563; x_wconf 81' lang='lat' dir='ltr'><strong>pensionem</strong></span> <span class='ocrx_word' id='word_1_74' title='bbox 1409 1448 1480 1538; x_wconf 80' lang='lat' dir='ltr'><strong>ret</strong></span> <span class='ocrx_word' id='word_1_75' title='bbox 1500 1449 1556 1540; x_wconf 91' lang='lat' dir='ltr'><strong>ad</strong></span> <span class='ocrx_word' id='word_1_76' title='bbox 1577 1449 1713 1546; x_wconf 82' lang='lat' dir='ltr'><strong>aliam</strong></span> 
     </span>
     <span class='ocr_line' id='line_1_11' title="bbox 236 1564 1596 1686; baseline 0.007 -34"><span class='ocrx_word' id='word_1_77' title='bbox 236 1598 254 1642; x_wconf 94' lang='lat'>⁸</span> <span class='ocrx_word' id='word_1_78' title='bbox 292 1564 617 1681; x_wconf 74' lang='lat' dir='ltr'><strong>assignandam,</strong></span> <span class='ocrx_word' id='word_1_79' title='bbox 654 1568 802 1656; x_wconf 85' lang='lat' dir='ltr'><strong>titulus</strong></span> <span class='ocrx_word' id='word_1_80' title='bbox 833 1567 1242 1666; x_wconf 76' lang='lat' dir='ltr'><strong>Administrationis,</strong></span> <span class='ocrx_word' id='word_1_81' title='bbox 1268 1570 1488 1686; x_wconf 84' lang='lat' dir='ltr'><strong>appellata</strong></span> <span class='ocrx_word' id='word_1_82' title='bbox 1516 1590 1596 1662; x_wconf 86' lang='lat' dir='ltr'><strong>est.</strong></span> 
     </span>
    </p>

    <p class='ocr_par' dir='ltr' id='par_1_2' title="bbox 233 1688 1731 3893">
     <span class='ocr_line' id='line_1_12' title="bbox 363 1688 1717 1784; baseline 0.006 -8"><span class='ocrx_word' id='word_1_83' title='bbox 363 1725 380 1766; x_wconf 81' lang='lat' dir='ltr'><strong>r</strong></span> <span class='ocrx_word' id='word_1_84' title='bbox 418 1688 467 1776; x_wconf 77' lang='lat'><strong>2⁰</strong></span> <span class='ocrx_word' id='word_1_85' title='bbox 502 1689 652 1776; x_wconf 80' lang='lat' dir='ltr'><strong>Praxis</strong></span> <span class='ocrx_word' id='word_1_86' title='bbox 685 1689 918 1780; x_wconf 89' lang='lat' dir='ltr'><strong>ordinandi</strong></span> <span class='ocrx_word' id='word_1_87' title='bbox 952 1691 1006 1780; x_wconf 86' lang='lat' dir='ltr'><strong>ad</strong></span> <span class='ocrx_word' id='word_1_88' title='bbox 1041 1691 1156 1782; x_wconf 75' lang='lat' dir='ltr'><strong>lianc</strong></span> <span class='ocrx_word' id='word_1_89' title='bbox 1204 1692 1377 1783; x_wconf 90' lang='lat' dir='ltr'><strong>titulum</strong></span> <span class='ocrx_word' id='word_1_90' title='bbox 1411 1723 1554 1783; x_wconf 87' lang='lat' dir='ltr'><strong>sacros</strong></span> <span class='ocrx_word' id='word_1_91' title='bbox 1588 1695 1717 1784; x_wconf 91' lang='lat' dir='ltr'><strong>mini·</strong></span> 
     </span>
     <span class='ocr_line' id='line_1_13' title="bbox 238 1809 1714 1932; baseline 0.013 -42"><span class='ocrx_word' id='word_1_92' title='bbox 238 1845 256 1888; x_wconf 73' lang='grc' dir='ltr'>ι</span> <span class='ocrx_word' id='word_1_93' title='bbox 293 1823 404 1896; x_wconf 87' lang='lat' dir='ltr'><strong>stros</strong></span> <span class='ocrx_word' id='word_1_94' title='bbox 436 1809 494 1898; x_wconf 88' lang='lat' dir='ltr'><strong>ab</strong></span> <span class='ocrx_word' id='word_1_95' title='bbox 527 1811 835 1902; x_wconf 90' lang='lat' dir='ltr'><strong>immemoriali</strong></span> <span class='ocrx_word' id='word_1_96' title='bbox 870 1810 1157 1929; x_wconf 87' lang='lat' dir='ltr'><strong>proficiscitur</strong></span> <span class='ocrx_word' id='word_1_97' title='bbox 1191 1829 1404 1932; x_wconf 84' lang='lat' dir='ltr'><strong>tempore,</strong></span> <span class='ocrx_word' id='word_1_98' title='bbox 1427 1831 1469 1905; x_wconf 90' lang='lat' dir='ltr'><strong>et</strong></span> <span class='ocrx_word' id='word_1_99' title='bbox 1503 1817 1630 1922; x_wconf 87' lang='lat' dir='ltr'><strong>adeo,</strong></span> <span class='ocrx_word' id='word_1_100' title='bbox 1666 1819 1714 1909; x_wconf 88' lang='lat' dir='ltr'><strong>ai</strong></span> 
     </span>
     <span class='ocr_line' id='line_1_14' title="bbox 239 1929 1716 2040; baseline 0.005 -18"><span class='ocrx_word' id='word_1_101' title='bbox 239 1969 256 2008; x_wconf 93' lang='lat'>⁸</span> <span class='ocrx_word' id='word_1_102' title='bbox 294 1929 436 2038; x_wconf 74' lang='lat' dir='ltr'><strong>fallor,</strong></span> <span class='ocrx_word' id='word_1_103' title='bbox 472 1934 727 2026; x_wconf 88' lang='lat' dir='ltr'><strong>universalis</strong></span> <span class='ocrx_word' id='word_1_104' title='bbox 759 1951 824 2026; x_wconf 91' lang='lat' dir='ltr'><strong>est</strong></span> <span class='ocrx_word' id='word_1_105' title='bbox 857 1935 900 2024; x_wconf 90' lang='lat' dir='ltr'><strong>in</strong></span> <span class='ocrx_word' id='word_1_106' title='bbox 939 1936 1158 2024; x_wconf 78' lang='lat' dir='ltr'><strong>lloricana</strong></span> <span class='ocrx_word' id='word_1_107' title='bbox 1191 1937 1391 2040; x_wconf 79' lang='lat' dir='ltr'><strong>Ecclesia,</strong></span> <span class='ocrx_word' id='word_1_108' title='bbox 1431 1953 1476 2024; x_wconf 87' lang='lat' dir='ltr'><strong>ut</strong></span> <span class='ocrx_word' id='word_1_109' title='bbox 1509 1939 1580 2026; x_wconf 84' lang='lat' dir='ltr'><strong>vix</strong></span> <span class='ocrx_word' id='word_1_110' title='bbox 1603 1969 1716 2030; x_wconf 88' lang='lat' dir='ltr'><strong>unua</strong></span> 
     </span>
     <span class='ocr_line' id='line_1_15' title="bbox 238 2057 1713 2178; baseline 0.009 -36"><span class='ocrx_word' id='word_1_111' title='bbox 238 2093 255 2130; x_wconf 75' lang='lat' dir='ltr'><strong>r</strong></span> <span class='ocrx_word' id='word_1_112' title='bbox 295 2072 370 2142; x_wconf 90' lang='lat' dir='ltr'><strong>aut</strong></span> <span class='ocrx_word' id='word_1_113' title='bbox 403 2057 513 2144; x_wconf 88' lang='lat' dir='ltr'><strong>altcc</strong></span> <span class='ocrx_word' id='word_1_114' title='bbox 544 2057 755 2148; x_wconf 81' lang='lat' dir='ltr'><strong>Sacerdos</strong></span> <span class='ocrx_word' id='word_1_115' title='bbox 788 2059 831 2144; x_wconf 94' lang='lat' dir='ltr'><strong>io</strong></span> <span class='ocrx_word' id='word_1_116' title='bbox 866 2088 917 2147; x_wconf 90' lang='lat' dir='ltr'><strong>ea</strong></span> <span class='ocrx_word' id='word_1_117' title='bbox 964 2058 1211 2174; x_wconf 84' lang='lat' dir='ltr'><strong>reperiatur</strong></span> <span class='ocrx_word' id='word_1_118' title='bbox 1248 2060 1323 2178; x_wconf 94' lang='lat' dir='ltr'><strong>qoi</strong></span> <span class='ocrx_word' id='word_1_119' title='bbox 1355 2059 1439 2148; x_wconf 92' lang='lat' dir='ltr'><strong>sub</strong></span> <span class='ocrx_word' id='word_1_120' title='bbox 1470 2060 1553 2150; x_wconf 88' lang='lat' dir='ltr'><strong>hoc</strong></span> <span class='ocrx_word' id='word_1_121' title='bbox 1587 2061 1713 2155; x_wconf 85' lang='lat' dir='ltr'><strong>titulo</strong></span> 
     </span>
     <span class='ocr_line' id='line_1_16' title="bbox 238 2179 1710 2298; baseline 0.007 -32"><span class='ocrx_word' id='word_1_122' title='bbox 238 2217 255 2254; x_wconf 75' lang='grc' dir='ltr'>ι</span> <span class='ocrx_word' id='word_1_123' title='bbox 293 2207 380 2266; x_wconf 91' lang='lat' dir='ltr'><strong>non</strong></span> <span class='ocrx_word' id='word_1_124' title='bbox 413 2180 468 2268; x_wconf 92' lang='lat' dir='ltr'><strong>sit</strong></span> <span class='ocrx_word' id='word_1_125' title='bbox 501 2179 745 2270; x_wconf 88' lang='lat' dir='ltr'><strong>ordinatus.</strong></span> <span class='ocrx_word' id='word_1_126' title='bbox 781 2182 832 2268; x_wconf 93' lang='lat' dir='ltr'><strong>Et</strong></span> <span class='ocrx_word' id='word_1_127' title='bbox 866 2211 970 2268; x_wconf 88' lang='lat' dir='ltr'><strong>sane</strong></span> <span class='ocrx_word' id='word_1_128' title='bbox 1001 2180 1037 2268; x_wconf 90' lang='lat' dir='ltr'><strong>si</strong></span> <span class='ocrx_word' id='word_1_129' title='bbox 1070 2181 1177 2272; x_wconf 88' lang='lat' dir='ltr'><strong>haec</strong></span> <span class='ocrx_word' id='word_1_130' title='bbox 1210 2183 1354 2298; x_wconf 82' lang='lat' dir='ltr'><strong>praxis</strong></span> <span class='ocrx_word' id='word_1_131' title='bbox 1388 2183 1473 2276; x_wconf 89' lang='lat' dir='ltr'><strong>iam</strong></span> <span class='ocrx_word' id='word_1_132' title='bbox 1509 2184 1566 2272; x_wconf 89' lang='lat' dir='ltr'><strong>ab</strong></span> <span class='ocrx_word' id='word_1_133' title='bbox 1599 2183 1710 2279; x_wconf 88' lang='lat' dir='ltr'><strong>anti·</strong></span> 
     </span>
     <span class='ocr_line' id='line_1_17' title="bbox 237 2299 1710 2420; baseline 0.009 -35"><span class='ocrx_word' id='word_1_134' title='bbox 237 2335 254 2378; x_wconf 83' lang='lat'><strong>·</strong></span> <span class='ocrx_word' id='word_1_135' title='bbox 293 2299 391 2420; x_wconf 91' lang='lat' dir='ltr'><strong>quis</strong></span> <span class='ocrx_word' id='word_1_136' title='bbox 424 2304 695 2418; x_wconf 90' lang='lat' dir='ltr'><strong>temporibus</strong></span> <span class='ocrx_word' id='word_1_137' title='bbox 730 2305 897 2395; x_wconf 80' lang='lat' dir='ltr'><strong>insecta</strong></span> <span class='ocrx_word' id='word_1_138' title='bbox 923 2333 1024 2391; x_wconf 26' lang='lat' dir='ltr'><strong>‘non</strong></span> <span class='ocrx_word' id='word_1_139' title='bbox 1075 2319 1224 2410; x_wconf 86' lang='lat' dir='ltr'><strong>esset,</strong></span> <span class='ocrx_word' id='word_1_140' title='bbox 1265 2304 1450 2397; x_wconf 77' lang='lat' dir='ltr'><strong>Ecclesia</strong></span> <span class='ocrx_word' id='word_1_141' title='bbox 1484 2307 1710 2398; x_wconf 70' lang='lat' dir='ltr'><strong>Masticana</strong></span> 
     </span>
     <span class='ocr_line' id='line_1_18' title="bbox 235 2424 1708 2544; baseline 0.005 -32"><span class='ocrx_word' id='word_1_142' title='bbox 235 2458 254 2502; x_wconf 85' lang='lat'>⁸</span> <span class='ocrx_word' id='word_1_143' title='bbox 294 2456 317 2512; x_wconf 84' lang='lat' dir='ltr'><strong>a</strong></span> <span class='ocrx_word' id='word_1_144' title='bbox 351 2424 561 2544; x_wconf 88' lang='lat' dir='ltr'><strong>perlongo</strong></span> <span class='ocrx_word' id='word_1_145' title='bbox 579 2427 739 2514; x_wconf 86' lang='lat' dir='ltr'><strong>abhinc</strong></span> <span class='ocrx_word' id='word_1_146' title='bbox 771 2443 886 2518; x_wconf 90' lang='lat' dir='ltr'><strong>retro</strong></span> <span class='ocrx_word' id='word_1_147' title='bbox 904 2442 1104 2542; x_wconf 89' lang='lat' dir='ltr'><strong>tempore</strong></span> <span class='ocrx_word' id='word_1_148' title='bbox 1136 2424 1449 2519; x_wconf 83' lang='lat' dir='ltr'><strong>sufficientibus</strong></span> <span class='ocrx_word' id='word_1_149' title='bbox 1471 2443 1515 2516; x_wconf 90' lang='lat' dir='ltr'><strong>et</strong></span> <span class='ocrx_word' id='word_1_150' title='bbox 1535 2429 1708 2528; x_wconf 86' lang='lat' dir='ltr'><strong>idoneis</strong></span> 
     </span>
     <span class='ocr_line' id='line_1_19' title="bbox 236 2545 1711 2664; baseline 0.004 -30"><span class='ocrx_word' id='word_1_151' title='bbox 236 2580 254 2622; x_wconf 90' lang='lat'>⁸</span> <span class='ocrx_word' id='word_1_152' title='bbox 291 2545 347 2634; x_wconf 91' lang='lat' dir='ltr'><strong>ad</strong></span> <span class='ocrx_word' id='word_1_153' title='bbox 381 2547 554 2638; x_wconf 84' lang='lat' dir='ltr'><strong>vineam</strong></span> <span class='ocrx_word' id='word_1_154' title='bbox 591 2549 768 2638; x_wconf 89' lang='lat' dir='ltr'><strong>Domini</strong></span> <span class='ocrx_word' id='word_1_155' title='bbox 804 2547 1088 2638; x_wconf 85' lang='lat' dir='ltr'><strong>excolendam</strong></span> <span class='ocrx_word' id='word_1_156' title='bbox 1140 2549 1346 2636; x_wconf 89' lang='lat' dir='ltr'><strong>ministris</strong></span> <span class='ocrx_word' id='word_1_157' title='bbox 1389 2549 1711 2664; x_wconf 90' lang='lat' dir='ltr'><strong>proculdubio</strong></span> 
     </span>
     <span class='ocr_line' id='line_1_20' title="bbox 238 2669 1713 2798; baseline 0.005 -40"><span class='ocrx_word' id='word_1_158' title='bbox 238 2703 255 2744; x_wconf 93' lang='lat'>⁸</span> <span class='ocrx_word' id='word_1_159' title='bbox 292 2670 501 2760; x_wconf 89' lang='lat' dir='ltr'><strong>caruisset</strong></span> <span class='ocrx_word' id='word_1_160' title='bbox 535 2689 627 2760; x_wconf 90' lang='lat' dir='ltr'><strong>turn</strong></span> <span class='ocrx_word' id='word_1_161' title='bbox 674 2673 732 2760; x_wconf 91' lang='lat' dir='ltr'><strong>ob</strong></span> <span class='ocrx_word' id='word_1_162' title='bbox 773 2670 993 2764; x_wconf 88' lang='lat' dir='ltr'><strong>delectum</strong></span> <span class='ocrx_word' id='word_1_163' title='bbox 1043 2669 1349 2798; x_wconf 79' lang='lat' dir='ltr'><strong>sufficientium</strong></span> <span class='ocrx_word' id='word_1_164' title='bbox 1397 2671 1713 2766; x_wconf 82' lang='lat' dir='ltr'><strong>beneficiorum</strong></span> 
     </span>
     <span class='ocr_line' id='line_1_21' title="bbox 236 2791 1712 2912; baseline 0.003 -33"><span class='ocrx_word' id='word_1_165' title='bbox 236 2826 254 2870; x_wconf 86' lang='lat'>⁸</span> <span class='ocrx_word' id='word_1_166' title='bbox 292 2791 567 2911; x_wconf 90' lang='lat' dir='ltr'><strong>adquorum</strong></span> <span class='ocrx_word' id='word_1_167' title='bbox 604 2795 777 2884; x_wconf 91' lang='lat' dir='ltr'><strong>titulum</strong></span> <span class='ocrx_word' id='word_1_168' title='bbox 811 2793 1121 2882; x_wconf 88' lang='lat' dir='ltr'><strong>ordinarentur</strong></span> <span class='ocrx_word' id='word_1_169' title='bbox 1155 2825 1385 2912; x_wconf 88' lang='lat' dir='ltr'><strong>pauperes,</strong></span> <span class='ocrx_word' id='word_1_170' title='bbox 1422 2809 1517 2884; x_wconf 88' lang='lat' dir='ltr'><strong>tum</strong></span> <span class='ocrx_word' id='word_1_171' title='bbox 1552 2795 1611 2882; x_wconf 94' lang='lat' dir='ltr'><strong>ob</strong></span> <span class='ocrx_word' id='word_1_172' title='bbox 1633 2797 1712 2891; x_wconf 90' lang='lat' dir='ltr'><strong>de-</strong></span> 
     </span>
     <span class='ocr_line' id='line_1_22' title="bbox 233 2912 1708 3036; baseline 0.006 -39"><span class='ocrx_word' id='word_1_173' title='bbox 233 2949 253 2997; x_wconf 78' lang='lat' dir='ltr'><strong>r</strong></span> <span class='ocrx_word' id='word_1_174' title='bbox 292 2912 455 3004; x_wconf 87' lang='lat' dir='ltr'><strong>lectum</strong></span> <span class='ocrx_word' id='word_1_175' title='bbox 492 2917 729 3006; x_wconf 79' lang='lat' dir='ltr'><strong>vocationis</strong></span> <span class='ocrx_word' id='word_1_176' title='bbox 762 2935 836 3004; x_wconf 87' lang='lat' dir='ltr'><strong>ant</strong></span> <span class='ocrx_word' id='word_1_177' title='bbox 868 2915 1122 3006; x_wconf 83' lang='lat' dir='ltr'><strong>idoneitatis</strong></span> <span class='ocrx_word' id='word_1_178' title='bbox 1166 2915 1211 3004; x_wconf 92' lang='lat' dir='ltr'><strong>in</strong></span> <span class='ocrx_word' id='word_1_179' title='bbox 1262 2917 1312 3004; x_wconf 90' lang='lat' dir='ltr'><strong>iis</strong></span> <span class='ocrx_word' id='word_1_180' title='bbox 1350 2917 1428 3036; x_wconf 89' lang='lat' dir='ltr'><strong>qai</strong></span> <span class='ocrx_word' id='word_1_181' title='bbox 1473 2917 1540 3006; x_wconf 87' lang='lat' dir='ltr'><strong>vel</strong></span> <span class='ocrx_word' id='word_1_182' title='bbox 1574 2918 1708 3034; x_wconf 86' lang='lat' dir='ltr'><strong>patri·</strong></span> 
     </span>
     <span class='ocr_line' id='line_1_23' title="bbox 235 3039 1712 3156; baseline 0.009 -38"><span class='ocrx_word' id='word_1_183' title='bbox 235 3071 253 3118; x_wconf 79' lang='lat' dir='ltr'><strong>r</strong></span> <span class='ocrx_word' id='word_1_184' title='bbox 293 3039 492 3126; x_wconf 89' lang='lat' dir='ltr'><strong>monium</strong></span> <span class='ocrx_word' id='word_1_185' title='bbox 527 3039 596 3126; x_wconf 88' lang='lat' dir='ltr'><strong>vel</strong></span> <span class='ocrx_word' id='word_1_186' title='bbox 637 3039 900 3156; x_wconf 85' lang='lat' dir='ltr'><strong>capellanias</strong></span> <span class='ocrx_word' id='word_1_187' title='bbox 945 3040 1038 3126; x_wconf 91' lang='lat' dir='ltr'><strong>inre</strong></span> <span class='ocrx_word' id='word_1_188' title='bbox 1077 3039 1345 3156; x_wconf 76' lang='lat' dir='ltr'><strong>cognationis</strong></span> <span class='ocrx_word' id='word_1_189' title='bbox 1394 3040 1626 3130; x_wconf 85' lang='lat' dir='ltr'><strong>haberent.</strong></span> <span class='ocrx_word' id='word_1_190' title='bbox 1664 3043 1712 3132; x_wconf 91' lang='lat' dir='ltr'><strong>la</strong></span> 
     </span>
     <span class='ocr_line' id='line_1_24' title="bbox 235 3159 1714 3283; baseline 0.005 -34"><span class='ocrx_word' id='word_1_191' title='bbox 235 3193 252 3236; x_wconf 93' lang='lat'>⁸</span> <span class='ocrx_word' id='word_1_192' title='bbox 289 3159 634 3279; x_wconf 87' lang='lat' dir='ltr'><strong>praesentiarum</strong></span> <span class='ocrx_word' id='word_1_193' title='bbox 669 3191 774 3250; x_wconf 84' lang='lat' dir='ltr'><strong>vcro</strong></span> <span class='ocrx_word' id='word_1_194' title='bbox 799 3177 1026 3283; x_wconf 85' lang='lat' dir='ltr'><strong>postquam</strong></span> <span class='ocrx_word' id='word_1_195' title='bbox 1051 3161 1206 3252; x_wconf 88' lang='lat' dir='ltr'><strong>eadem</strong></span> <span class='ocrx_word' id='word_1_196' title='bbox 1240 3159 1356 3250; x_wconf 86' lang='lat' dir='ltr'><strong>diota</strong></span> <span class='ocrx_word' id='word_1_197' title='bbox 1375 3162 1562 3252; x_wconf 85' lang='lat' dir='ltr'><strong>Ecclesia</strong></span> <span class='ocrx_word' id='word_1_198' title='bbox 1584 3163 1714 3256; x_wconf 84' lang='lat' dir='ltr'><strong>bonis</strong></span> 
     </span>
     <span class='ocr_line' id='line_1_25' title="bbox 236 3281 1710 3403; baseline 0.007 -42"><span class='ocrx_word' id='word_1_199' title='bbox 236 3315 253 3361; x_wconf 78' lang='lat' dir='ltr'><strong>r</strong></span> <span class='ocrx_word' id='word_1_200' title='bbox 292 3281 501 3372; x_wconf 89' lang='lat' dir='ltr'><strong>omnibus</strong></span> <span class='ocrx_word' id='word_1_201' title='bbox 532 3284 719 3400; x_wconf 86' lang='lat' dir='ltr'><strong>spoliata</strong></span> <span class='ocrx_word' id='word_1_202' title='bbox 751 3302 816 3374; x_wconf 90' lang='lat' dir='ltr'><strong>est</strong></span> <span class='ocrx_word' id='word_1_203' title='bbox 847 3287 931 3374; x_wconf 89' lang='lat' dir='ltr'><strong>snb</strong></span> <span class='ocrx_word' id='word_1_204' title='bbox 963 3283 1225 3378; x_wconf 68' lang='lat' dir='ltr'><strong>multimoda</strong></span> <span class='ocrx_word' id='word_1_205' title='bbox 1249 3285 1591 3403; x_wconf 89' lang='lat' dir='ltr'><strong>persequutione</strong></span> <span class='ocrx_word' id='word_1_206' title='bbox 1605 3315 1710 3374; x_wconf 64' lang='lat' dir='ltr'><strong>mn·</strong></span> 
     </span>
     <span class='ocr_line' id='line_1_26' title="bbox 237 3405 1731 3529; baseline 0.004 -37"><span class='ocrx_word' id='word_1_207' title='bbox 237 3405 461 3508; x_wconf 77' lang='lat' dir='ltr'><strong>«stituta,</strong></span> <span class='ocrx_word' id='word_1_208' title='bbox 498 3435 615 3508; x_wconf 86' lang='lat' dir='ltr'><strong>cum,</strong></span> <span class='ocrx_word' id='word_1_209' title='bbox 655 3409 912 3524; x_wconf 90' lang='lat' dir='ltr'><strong>praesertim</strong></span> <span class='ocrx_word' id='word_1_210' title='bbox 949 3407 991 3496; x_wconf 91' lang='lat' dir='ltr'><strong>in</strong></span> <span class='ocrx_word' id='word_1_211' title='bbox 1037 3407 1086 3496; x_wconf 92' lang='lat' dir='ltr'><strong>iis</strong></span> <span class='ocrx_word' id='word_1_212' title='bbox 1135 3406 1209 3524; x_wconf 92' lang='lat' dir='ltr'><strong>qui</strong></span> <span class='ocrx_word' id='word_1_213' title='bbox 1259 3407 1546 3500; x_wconf 84' lang='lat' dir='ltr'><strong>substantiam</strong></span> <span class='ocrx_word' id='word_1_214' title='bbox 1581 3407 1731 3529; x_wconf 86' lang='lat' dir='ltr'><strong>huius</strong></span> 
     </span>
     <span class='ocr_line' id='line_1_27' title="bbox 236 3527 1707 3647; baseline 0.004 -35"><span class='ocrx_word' id='word_1_215' title='bbox 236 3562 255 3605; x_wconf 75' lang='grc' dir='ltr'>ι</span> <span class='ocrx_word' id='word_1_216' title='bbox 293 3527 443 3616; x_wconf 91' lang='lat' dir='ltr'><strong>mundi</strong></span> <span class='ocrx_word' id='word_1_217' title='bbox 492 3528 683 3634; x_wconf 86' lang='lat' dir='ltr'><strong>babent,</strong></span> <span class='ocrx_word' id='word_1_218' title='bbox 737 3528 845 3621; x_wconf 72' lang='lat' dir='ltr'><strong>fictos</strong></span> <span class='ocrx_word' id='word_1_219' title='bbox 892 3529 1169 3647; x_wconf 79' lang='lat' dir='ltr'><strong>elanguescat</strong></span> <span class='ocrx_word' id='word_1_220' title='bbox 1205 3544 1254 3622; x_wconf 90' lang='lat' dir='ltr'><strong>et</strong></span> <span class='ocrx_word' id='word_1_221' title='bbox 1303 3529 1441 3647; x_wconf 88' lang='lat' dir='ltr'><strong>pietas</strong></span> <span class='ocrx_word' id='word_1_222' title='bbox 1499 3545 1707 3646; x_wconf 86' lang='lat' dir='ltr'><strong>tepescat,</strong></span> 
     </span>
     <span class='ocr_line' id='line_1_28' title="bbox 236 3649 1712 3771; baseline 0.011 -42"><span class='ocrx_word' id='word_1_223' title='bbox 236 3683 253 3729; x_wconf 78' lang='lat' dir='ltr'><strong>r</strong></span> <span class='ocrx_word' id='word_1_224' title='bbox 295 3649 365 3736; x_wconf 84' lang='lat' dir='ltr'><strong>vix</strong></span> <span class='ocrx_word' id='word_1_225' title='bbox 396 3651 672 3740; x_wconf 76' lang='lat' dir='ltr'><strong>inueniretur</strong></span> <span class='ocrx_word' id='word_1_226' title='bbox 702 3653 778 3771; x_wconf 90' lang='lat' dir='ltr'><strong>qui</strong></span> <span class='ocrx_word' id='word_1_227' title='bbox 810 3681 910 3742; x_wconf 92' lang='lat' dir='ltr'><strong>cum</strong></span> <span class='ocrx_word' id='word_1_228' title='bbox 950 3651 1074 3743; x_wconf 91' lang='lat' dir='ltr'><strong>titulo</strong></span> <span class='ocrx_word' id='word_1_229' title='bbox 1109 3651 1359 3768; x_wconf 84' lang='lat' dir='ltr'><strong>patrimonii</strong></span> <span class='ocrx_word' id='word_1_230' title='bbox 1394 3667 1468 3740; x_wconf 88' lang='lat' dir='ltr'><strong>ant</strong></span> <span class='ocrx_word' id='word_1_231' title='bbox 1502 3653 1712 3769; x_wconf 85' lang='lat' dir='ltr'><strong>simplicis</strong></span> 
     </span>
     <span class='ocr_line' id='line_1_29' title="bbox 234 3771 1550 3893; baseline -0.003 -27"><span class='ocrx_word' id='word_1_232' title='bbox 234 3809 251 3850; x_wconf 89' lang='lat'>⁸</span> <span class='ocrx_word' id='word_1_233' title='bbox 286 3771 471 3866; x_wconf 73' lang='lat' dir='ltr'><strong>alicuius</strong></span> <span class='ocrx_word' id='word_1_234' title='bbox 504 3773 707 3864; x_wconf 68' lang='lat' dir='ltr'><strong>laerrelicii</strong></span> <span class='ocrx_word' id='word_1_235' title='bbox 743 3805 913 3893; x_wconf 83' lang='lat' dir='ltr'><strong>gressus</strong></span> <span class='ocrx_word' id='word_1_236' title='bbox 948 3772 1104 3864; x_wconf 84' lang='lat' dir='ltr'><strong>laceret</strong></span> <span class='ocrx_word' id='word_1_237' title='bbox 1139 3774 1193 3862; x_wconf 87' lang='lat' dir='ltr'><strong>ad</strong></span> <span class='ocrx_word' id='word_1_238' title='bbox 1227 3775 1550 3866; x_wconf 82' lang='lat' dir='ltr'><strong>Sanctuoriam.</strong></span> 
     </span>
    </p>

    <p class='ocr_par' dir='ltr' id='par_1_3' title="bbox 228 3893 1817 5486">
     <span class='ocr_line' id='line_1_30' title="bbox 358 3893 1699 4016; baseline 0.002 -34"><span class='ocrx_word' id='word_1_239' title='bbox 358 3929 374 3972; x_wconf 82' lang='lat'>⁸</span> <span class='ocrx_word' id='word_1_240' title='bbox 415 3895 462 3982; x_wconf 89' lang='lat'><strong>3⁰</strong></span> <span class='ocrx_word' id='word_1_241' title='bbox 498 3898 673 3989; x_wconf 84' lang='lat' dir='ltr'><strong>Nullum</strong></span> <span class='ocrx_word' id='word_1_242' title='bbox 718 3929 839 3996; x_wconf 86' lang='lat' dir='ltr'><strong>vero,</strong></span> <span class='ocrx_word' id='word_1_243' title='bbox 890 3928 977 4016; x_wconf 94' lang='lat' dir='ltr'><strong>quo</strong></span> <span class='ocrx_word' id='word_1_244' title='bbox 1024 3927 1116 3989; x_wconf 86' lang='lat' dir='ltr'><strong>tuos</strong></span> <span class='ocrx_word' id='word_1_245' title='bbox 1160 3893 1407 4012; x_wconf 83' lang='lat' dir='ltr'><strong>praedictus</strong></span> <span class='ocrx_word' id='word_1_246' title='bbox 1451 3896 1699 3999; x_wconf 86' lang='lat' dir='ltr'><strong>innitatur,</strong></span> 
     </span>
     <span class='ocr_line' id='line_1_31' title="bbox 231 4016 1710 4138; baseline 0.004 -38"><span class='ocrx_word' id='word_1_247' title='bbox 231 4047 251 4100; x_wconf 88' lang='lat' dir='ltr'><strong>r</strong></span> <span class='ocrx_word' id='word_1_248' title='bbox 289 4016 509 4134; x_wconf 84' lang='lat' dir='ltr'><strong>peculiare</strong></span> <span class='ocrx_word' id='word_1_249' title='bbox 544 4019 821 4138; x_wconf 85' lang='lat' dir='ltr'><strong>privilegium</strong></span> <span class='ocrx_word' id='word_1_250' title='bbox 866 4019 968 4106; x_wconf 88' lang='lat' dir='ltr'><strong>novi</strong></span> <span class='ocrx_word' id='word_1_251' title='bbox 1005 4048 1218 4138; x_wconf 85' lang='lat' dir='ltr'><strong>unquam.</strong></span> <span class='ocrx_word' id='word_1_252' title='bbox 1244 4021 1374 4108; x_wconf 85' lang='lat' dir='ltr'><strong>Forte</strong></span> <span class='ocrx_word' id='word_1_253' title='bbox 1394 4049 1449 4106; x_wconf 85' lang='lat' dir='ltr'><strong>ex</strong></span> <span class='ocrx_word' id='word_1_254' title='bbox 1472 4017 1598 4108; x_wconf 88' lang='lat' dir='ltr'><strong>titulo</strong></span> <span class='ocrx_word' id='word_1_255' title='bbox 1623 4019 1710 4106; x_wconf 87' lang='lat' dir='ltr'><strong>Do-</strong></span> 
     </span>
     <span class='ocr_line' id='line_1_32' title="bbox 234 4139 1714 4254; baseline 0.011 -36"><span class='ocrx_word' id='word_1_256' title='bbox 234 4171 254 4218; x_wconf 85' lang='lat' dir='ltr'><strong>r</strong></span> <span class='ocrx_word' id='word_1_257' title='bbox 293 4141 453 4228; x_wconf 83' lang='lat' dir='ltr'><strong>ctrinue</strong></span> <span class='ocrx_word' id='word_1_258' title='bbox 486 4140 686 4254; x_wconf 80' lang='lat' dir='ltr'><strong>Indorum</strong></span> <span class='ocrx_word' id='word_1_259' title='bbox 735 4174 760 4232; x_wconf 87' lang='lat' dir='ltr'><strong>a</strong></span> <span class='ocrx_word' id='word_1_260' title='bbox 807 4141 1000 4232; x_wconf 83' lang='lat' dir='ltr'><strong>Concilio</strong></span> <span class='ocrx_word' id='word_1_261' title='bbox 1050 4141 1237 4230; x_wconf 80' lang='lat' dir='ltr'><strong>Limcnsi</strong></span> <span class='ocrx_word' id='word_1_262' title='bbox 1280 4143 1336 4228; x_wconf 87' lang='grc' dir='ltr'><strong>ΙΙΙ</strong></span> <span class='ocrx_word' id='word_1_263' title='bbox 1377 4139 1572 4248; x_wconf 89' lang='lat' dir='ltr'><strong>inducto,</strong></span> <span class='ocrx_word' id='word_1_264' title='bbox 1611 4159 1651 4228; x_wconf 91' lang='lat' dir='ltr'><strong>ct</strong></span> <span class='ocrx_word' id='word_1_265' title='bbox 1687 4171 1714 4234; x_wconf 84' lang='lat' dir='ltr'><strong>a</strong></span> 
     </span>
     <span class='ocr_line' id='line_1_33' title="bbox 237 4261 1713 4380; baseline 0.001 -28"><span class='ocrx_word' id='word_1_266' title='bbox 237 4293 255 4334; x_wconf 99' lang='lat'>⁸</span> <span class='ocrx_word' id='word_1_267' title='bbox 293 4261 491 4355; x_wconf 87' lang='lat' dir='ltr'><strong>Concilio</strong></span> <span class='ocrx_word' id='word_1_268' title='bbox 525 4267 579 4354; x_wconf 90' lang='grc' dir='ltr'><strong>ΙΙΙ</strong></span> <span class='ocrx_word' id='word_1_269' title='bbox 614 4265 837 4361; x_wconf 77' lang='lat' dir='ltr'><strong>Monimou</strong></span> <span class='ocrx_word' id='word_1_270' title='bbox 870 4264 1079 4380; x_wconf 88' lang='lat' dir='ltr'><strong>adoptato</strong></span> <span class='ocrx_word' id='word_1_271' title='bbox 1099 4281 1231 4380; x_wconf 89' lang='lat' dir='ltr'><strong>atque</strong></span> <span class='ocrx_word' id='word_1_272' title='bbox 1253 4295 1278 4352; x_wconf 91' lang='lat' dir='ltr'><strong>a</strong></span> <span class='ocrx_word' id='word_1_273' title='bbox 1298 4262 1456 4354; x_wconf 86' lang='lat' dir='ltr'><strong>Sancta</strong></span> <span class='ocrx_word' id='word_1_274' title='bbox 1490 4264 1605 4354; x_wconf 90' lang='lat' dir='ltr'><strong>Sede</strong></span> <span class='ocrx_word' id='word_1_275' title='bbox 1635 4262 1713 4354; x_wconf 85' lang='lat' dir='ltr'><strong>ad-</strong></span> 
     </span>
     <span class='ocr_line' id='line_1_34' title="bbox 234 4385 1706 4508; baseline 0.005 -42"><span class='ocrx_word' id='word_1_276' title='bbox 234 4419 253 4466; x_wconf 84' lang='lat'><strong>.·</strong></span> <span class='ocrx_word' id='word_1_277' title='bbox 293 4386 496 4500; x_wconf 89' lang='lat' dir='ltr'><strong>probato,</strong></span> <span class='ocrx_word' id='word_1_278' title='bbox 532 4389 786 4479; x_wconf 84' lang='lat' dir='ltr'><strong>evolutione</strong></span> <span class='ocrx_word' id='word_1_279' title='bbox 834 4386 1025 4508; x_wconf 85' lang='lat' dir='ltr'><strong>quadam</strong></span> <span class='ocrx_word' id='word_1_280' title='bbox 1073 4385 1202 4494; x_wconf 85' lang='lat' dir='ltr'><strong>lacta,</strong></span> <span class='ocrx_word' id='word_1_281' title='bbox 1255 4385 1473 4504; x_wconf 83' lang='lat' dir='ltr'><strong>originem</strong></span> <span class='ocrx_word' id='word_1_282' title='bbox 1511 4385 1706 4476; x_wconf 86' lang='lat' dir='ltr'><strong>duxerit.</strong></span> 
     </span>
     <span class='ocr_line' id='line_1_35' title="bbox 229 4508 1710 4628; baseline -0.001 -32"><span class='ocrx_word' id='word_1_283' title='bbox 229 4537 249 4588; x_wconf 84' lang='lat'>⁸</span> <span class='ocrx_word' id='word_1_284' title='bbox 289 4508 384 4596; x_wconf 82' lang='lat' dir='ltr'><strong>Non</strong></span> <span class='ocrx_word' id='word_1_285' title='bbox 418 4510 536 4598; x_wconf 90' lang='lat' dir='ltr'><strong>euim</strong></span> <span class='ocrx_word' id='word_1_286' title='bbox 572 4527 631 4598; x_wconf 90' lang='lat' dir='ltr'><strong>est</strong></span> <span class='ocrx_word' id='word_1_287' title='bbox 671 4510 965 4628; x_wconf 88' lang='lat' dir='ltr'><strong>improbabile</strong></span> <span class='ocrx_word' id='word_1_288' title='bbox 988 4508 1115 4628; x_wconf 89' lang='lat' dir='ltr'><strong>quod</strong></span> <span class='ocrx_word' id='word_1_289' title='bbox 1151 4511 1264 4600; x_wconf 89' lang='lat' dir='ltr'><strong>dum</strong></span> <span class='ocrx_word' id='word_1_290' title='bbox 1284 4535 1514 4626; x_wconf 86' lang='lat' dir='ltr'><strong>progressu</strong></span> <span class='ocrx_word' id='word_1_291' title='bbox 1540 4523 1710 4624; x_wconf 85' lang='lat' dir='ltr'><strong>tempo·</strong></span> 
     </span>
     <span class='ocr_line' id='line_1_36' title="bbox 233 4626 1817 4751; baseline 0 -35"><span class='ocrx_word' id='word_1_292' title='bbox 233 4661 250 4704; x_wconf 89' lang='lat'>⁸</span> <span class='ocrx_word' id='word_1_293' title='bbox 289 4629 348 4718; x_wconf 91' lang='lat' dir='ltr'><strong>ris</strong></span> <span class='ocrx_word' id='word_1_294' title='bbox 378 4631 623 4750; x_wconf 88' lang='lat' dir='ltr'><strong>aliquarum</strong></span> <span class='ocrx_word' id='word_1_295' title='bbox 659 4634 891 4750; x_wconf 85' lang='lat' dir='ltr'><strong>regionum</strong></span> <span class='ocrx_word' id='word_1_296' title='bbox 924 4634 1094 4724; x_wconf 89' lang='lat' dir='ltr'><strong>incolae</strong></span> <span class='ocrx_word' id='word_1_297' title='bbox 1144 4634 1333 4751; x_wconf 86' lang='lat' dir='ltr'><strong>linguam</strong></span> <span class='ocrx_word' id='word_1_298' title='bbox 1370 4630 1606 4747; x_wconf 83' lang='lat' dir='ltr'><strong>Hispanam</strong></span> <span class='ocrx_word' id='word_1_299' title='bbox 1641 4626 1708 4716; x_wconf 75' lang='lat' dir='ltr'><strong>‹ti-</strong></span> <span class='ocrx_word' id='word_1_300' title='bbox 1814 4735 1817 4740; x_wconf 20' lang='grc' dir='ltr'>Ι</span> 
     </span>
     <span class='ocr_line' id='line_1_37' title="bbox 230 4749 1710 4874; baseline -0.005 -30"><span class='ocrx_word' id='word_1_301' title='bbox 230 4781 248 4832; x_wconf 92' lang='lat'>⁸</span> <span class='ocrx_word' id='word_1_302' title='bbox 288 4749 496 4862; x_wconf 84' lang='lat' dir='ltr'><strong>dicerint,</strong></span> <span class='ocrx_word' id='word_1_303' title='bbox 534 4776 715 4874; x_wconf 84' lang='lat' dir='ltr'><strong>urgente</strong></span> <span class='ocrx_word' id='word_1_304' title='bbox 751 4756 1046 4848; x_wconf 86' lang='lat' dir='ltr'><strong>ministrorum</strong></span> <span class='ocrx_word' id='word_1_305' title='bbox 1081 4757 1337 4846; x_wconf 90' lang='lat' dir='ltr'><strong>necessitate</strong></span> <span class='ocrx_word' id='word_1_306' title='bbox 1382 4769 1427 4845; x_wconf 85' lang='lat' dir='ltr'><strong>et</strong></span> <span class='ocrx_word' id='word_1_307' title='bbox 1466 4749 1710 4846; x_wconf 81' lang='lat' dir='ltr'><strong>deficienti-</strong></span> 
     </span>
     <span class='ocr_line' id='line_1_38' title="bbox 229 4871 1710 4997; baseline -0.001 -31"><span class='ocrx_word' id='word_1_308' title='bbox 229 4902 248 4949; x_wconf 96' lang='lat'>⁸</span> <span class='ocrx_word' id='word_1_309' title='bbox 287 4873 373 4970; x_wconf 89' lang='lat' dir='ltr'><strong>bus</strong></span> <span class='ocrx_word' id='word_1_310' title='bbox 404 4879 555 4997; x_wconf 87' lang='lat' dir='ltr'><strong>peritis</strong></span> <span class='ocrx_word' id='word_1_311' title='bbox 603 4879 646 4965; x_wconf 90' lang='lat' dir='ltr'><strong>iu</strong></span> <span class='ocrx_word' id='word_1_312' title='bbox 690 4880 876 4996; x_wconf 81' lang='lat' dir='ltr'><strong>lingua,</strong></span> <span class='ocrx_word' id='word_1_313' title='bbox 919 4879 995 4996; x_wconf 88' lang='lat' dir='ltr'><strong>qui</strong></span> <span class='ocrx_word' id='word_1_314' title='bbox 1043 4875 1235 4968; x_wconf 86' lang='lat' dir='ltr'><strong>ordinari</strong></span> <span class='ocrx_word' id='word_1_315' title='bbox 1283 4874 1461 4978; x_wconf 80' lang='lat' dir='ltr'><strong>vellent,</strong></span> <span class='ocrx_word' id='word_1_316' title='bbox 1510 4871 1710 4990; x_wconf 83' lang='lat' dir='ltr'><strong>Episcopi</strong></span> 
     </span>
     <span class='ocr_line' id='line_1_39' title="bbox 229 4996 1709 5122; baseline 0 -36"><span class='ocrx_word' id='word_1_317' title='bbox 229 5028 248 5073; x_wconf 93' lang='lat'>⁸</span> <span class='ocrx_word' id='word_1_318' title='bbox 286 4997 399 5090; x_wconf 83' lang='lat' dir='ltr'><strong>boue</strong></span> <span class='ocrx_word' id='word_1_319' title='bbox 430 5003 687 5122; x_wconf 79' lang='lat' dir='ltr'><strong>qualitatem</strong></span> <span class='ocrx_word' id='word_1_320' title='bbox 723 5016 876 5118; x_wconf 88' lang='lat' dir='ltr'><strong>utpote</strong></span> <span class='ocrx_word' id='word_1_321' title='bbox 909 5029 996 5088; x_wconf 91' lang='lat' dir='ltr'><strong>oon</strong></span> <span class='ocrx_word' id='word_1_322' title='bbox 1038 5000 1228 5116; x_wconf 73' lang='lat' dir='ltr'><strong>amqtlius</strong></span> <span class='ocrx_word' id='word_1_323' title='bbox 1266 4997 1375 5086; x_wconf 87' lang='lat' dir='ltr'><strong>adeo</strong></span> <span class='ocrx_word' id='word_1_324' title='bbox 1417 4996 1709 5104; x_wconf 83' lang='lat' dir='ltr'><strong>necessariam</strong></span> 
     </span>
     <span class='ocr_line' id='line_1_40' title="bbox 228 5119 1708 5242; baseline -0.006 -25"><span class='ocrx_word' id='word_1_325' title='bbox 228 5149 247 5192; x_wconf 79' lang='lat'>⁸</span> <span class='ocrx_word' id='word_1_326' title='bbox 287 5127 642 5237; x_wconf 69' lang='lat' dir='ltr'><strong>praetermittere</strong></span> <span class='ocrx_word' id='word_1_327' title='bbox 675 5122 963 5242; x_wconf 81' lang='lat' dir='ltr'><strong>incoeperint,</strong></span> <span class='ocrx_word' id='word_1_328' title='bbox 998 5121 1081 5214; x_wconf 87' lang='lat' dir='ltr'><strong>bac</strong></span> <span class='ocrx_word' id='word_1_329' title='bbox 1112 5121 1233 5211; x_wconf 89' lang='lat' dir='ltr'><strong>ducti</strong></span> <span class='ocrx_word' id='word_1_330' title='bbox 1253 5120 1442 5222; x_wconf 87' lang='lat' dir='ltr'><strong>ratione,</strong></span> <span class='ocrx_word' id='word_1_331' title='bbox 1468 5119 1588 5236; x_wconf 88' lang='lat' dir='ltr'><strong>quod</strong></span> <span class='ocrx_word' id='word_1_332' title='bbox 1612 5147 1708 5209; x_wconf 88' lang='lat' dir='ltr'><strong>om·</strong></span> 
     </span>
     <span class='ocr_line' id='line_1_41' title="bbox 230 5241 1718 5371; baseline 0.001 -39"><span class='ocrx_word' id='word_1_333' title='bbox 230 5271 248 5316; x_wconf 97' lang='lat'>⁸</span> <span class='ocrx_word' id='word_1_334' title='bbox 287 5245 362 5334; x_wconf 89' lang='lat' dir='ltr'><strong>nia</strong></span> <span class='ocrx_word' id='word_1_335' title='bbox 391 5278 508 5371; x_wconf 87' lang='lat' dir='ltr'><strong>quae</strong></span> <span class='ocrx_word' id='word_1_336' title='bbox 540 5245 786 5337; x_wconf 78' lang='lat' dir='ltr'><strong>Concilium</strong></span> <span class='ocrx_word' id='word_1_337' title='bbox 831 5245 1034 5353; x_wconf 65' lang='lat' dir='ltr'><strong>binaeue</strong></span> <span class='ocrx_word' id='word_1_338' title='bbox 1082 5243 1151 5353; x_wconf 69' lang='lat' dir='ltr'><strong>ad,</strong></span> <span class='ocrx_word' id='word_1_339' title='bbox 1186 5241 1492 5353; x_wconf 65' lang='lat' dir='ltr'><strong>inducendum</strong></span> <span class='ocrx_word' id='word_1_340' title='bbox 1520 5243 1718 5350; x_wconf 69' lang='lat' dir='ltr'><strong>titulum,</strong></span> 
     </span>
     <span class='ocr_line' id='line_1_42' title="bbox 230 5363 1719 5486; baseline 0 -29"><span class='ocrx_word' id='word_1_341' title='bbox 230 5399 262 5482; x_wconf 33' lang='lat'><strong>⁸¹</strong></span> <span class='ocrx_word' id='word_1_342' title='bbox 282 5365 508 5480; x_wconf 61' lang='lat' dir='ltr'><strong>doctrinas</strong></span> <span class='ocrx_word' id='word_1_343' title='bbox 534 5368 737 5476; x_wconf 67' lang='lat' dir='ltr'><strong>lidorum</strong></span> <span class='ocrx_word' id='word_1_344' title='bbox 782 5399 889 5486; x_wconf 76' lang='lat' dir='ltr'><strong>prae</strong></span> <span class='ocrx_word' id='word_1_345' title='bbox 918 5366 1058 5477; x_wconf 73' lang='lat' dir='ltr'><strong>oculis</strong></span> <span class='ocrx_word' id='word_1_346' title='bbox 1074 5366 1280 5476; x_wconf 62' lang='lat' dir='ltr'><strong>lubuit,</strong></span> <span class='ocrx_word' id='word_1_347' title='bbox 1324 5365 1472 5454; x_wconf 68' lang='lat' dir='ltr'><strong>valere</strong></span> <span class='ocrx_word' id='word_1_348' title='bbox 1506 5363 1549 5455; x_wconf 93' lang='lat' dir='ltr'><strong>iu</strong></span> <span class='ocrx_word' id='word_1_349' title='bbox 1572 5393 1719 5476; x_wconf 7' lang='lat' dir='ltr'><strong>persua</strong></span> 
     </span>
    </p>
   </div>
   <div class='ocr_carea' id='block_1_2' title="bbox 228 5485 1719 5624">
    <p class='ocr_par' dir='ltr' id='par_1_4' title="bbox 228 5485 1719 5624">
     <span class='ocr_line' id='line_1_43' title="bbox 228 5485 1719 5624; baseline -0.003 -46"><span class='ocrx_word' id='word_1_350' title='bbox 228 5517 247 5568; x_wconf 89' lang='lat'>⁸</span> <span class='ocrx_word' id='word_1_351' title='bbox 286 5521 451 5617; x_wconf 87' lang='lat' dir='ltr'><strong>nempe</strong></span> <span class='ocrx_word' id='word_1_352' title='bbox 483 5494 714 5585; x_wconf 86' lang='lat' dir='ltr'><strong>necessitas</strong></span> <span class='ocrx_word' id='word_1_353' title='bbox 747 5494 932 5612; x_wconf 91' lang='lat' dir='ltr'><strong>populos</strong></span> <span class='ocrx_word' id='word_1_354' title='bbox 965 5488 1021 5578; x_wconf 90' lang='lat' dir='ltr'><strong>de</strong></span> <span class='ocrx_word' id='word_1_355' title='bbox 1055 5488 1341 5600; x_wconf 71' lang='lat' dir='ltr'><strong>ministriset</strong></span> <span class='ocrx_word' id='word_1_356' title='bbox 1369 5486 1464 5603; x_wconf 61' lang='lat' dir='ltr'><strong>aedo</strong></span> <span class='ocrx_word' id='word_1_357' title='bbox 1493 5485 1719 5624; x_wconf 61' lang='lat' dir='ltr'><strong>manebis.</strong></span> 
     </span>
    </p>
   </div>
   <div class='ocr_carea' id='block_1_3' title="bbox 0 0 2270 6336">
    <p class='ocr_par' dir='ltr' id='par_1_5' title="bbox 0 0 2270 6336">
     <span class='ocr_line' id='line_1_44' title="bbox 0 0 2270 6336; baseline 0 0"><span class='ocrx_word' id='word_1_358' title='bbox 0 0 2270 6336; x_wconf 95' lang='lat' dir='ltr'><strong> </strong></span> 
     </span>
    </p>
   </div>
  </div>
 </body>
</html>
