4446 6330
518 353 579 444 80
978 355 1062 442 Die
1093 355 1153 442 25
1187 355 1385 442 Ianuarii
1418 355 1556 444 t879.

653 482 707 568 ΙΙ.
745 479 814 566 ‚lu
847 477 992 566 moelem
1034 477 1244 566 multandi
1276 511 1357 566 una
1392 495 1549 567 tantam
1578 495 1732 594 puncto
1766 481 2021 573 Canonisum

397 616 400 624 '
527 605 602 722 qui
634 619 753 691 uacat
792 603 979 690 abiisse
1015 601 1063 691 V
1062 602 1227 717 ipilioe,
1255 602 1319 688 ael
1349 603 1498 690 Feriae
1530 603 1603 690 uel·
1628 635 1654 688 a
1676 605 1938 694 testatoribus
1969 607 2020 698 de

528 727 750 868 mandatae
782 757 935 814 necnon
967 719 1018 811 ab
1041 725 1158 812 Hora
1196 723 1262 812 tis
1299 727 1438 814 Missis
1466 723 1736 841 praecedente
1770 731 2022 819 sustineatur

530 882 576 938 tn
611 883 723 937 casu.

653 1097 726 1182 ΙΙΙ.
754 1097 823 1182 Αη
846 1095 1049 1182 Canonici
1065 1128 1147 1213 per
1170 1098 1359 1186 bimestre
1383 1117 1539 1214 ternpus
1557 1098 1820 1184 vacationum
1843 1099 2024 1191 absentes

529 1253 554 1306 a
587 1218 712 1306 obora
745 1219 911 1307 valeant
940 1214 1208 1337 participare
1242 1221 1292 1308 cle
1326 1220 1693 1310 distributionibus
1728 1221 1772 1307 in
1806 1255 1917 1311 casu.

548 1481 554 1490 '
653 1469 728 1554 lV.
764 1463 836 1552 An
870 1467 1060 1558 bimestre
1082 1469 1312 1556 uacationis
1334 1467 1654 1586 corriputantlum
1683 1469 1737 1554 sit
1771 1502 1821 1556 ea
1855 1501 2025 1562 nutriero

526 1608 793 1706 punctorum,
819 1593 884 1678 oel
915 1596 1057 1708 potius
1091 1591 1254 1679 dierum
1291 1595 1333 1678 in
1366 1623 1478 1680 casu.
1546 1707 1554 1722 ,

905 1845 956 1930 Et
987 1859 1203 1959 qnatenus
1237 1842 1452 1960 negative.

658 2094 709 2176 V.
748 2091 818 2175 An
847 2077 895 2176 ¹ct
933 2087 1136 2205 quomodo
1159 2087 1355 2176 Oratoris
1389 2087 1583 2204 Capituli
1613 2090 1806 2205 precibus
1840 2121 2021 2178 annuen-

531 2207 629 2296 dam
662 2214 718 2300 sit
752 2213 795 2296 in
829 2244 940 2300 casu.
1363 2209 1367 2216 ’

652 2541 718 2628 ad
752 2543 788 2628 l.
827 2544 877 2629 ll.
916 2545 990 2630 ΙΙΙ.
1028 2563 1071 2633 et
1105 2475 1524 2634 lV.-P'sovidebitnr
1558 2546 1600 2633 in
1635 2548 1811 2665 quinto.

652 2665 722 2752 Ad
759 2667 811 2752 V.
853 2663 1137 2756 affirmative.

131 3213 238 3305 Sess.
261 3216 323 3304 22
340 3247 438 3334 cap.
470 3220 500 3306 8
660 3113 1380 3324 Gatt’mttopottttnn
1417 3229 1858 3320 lNHlBlTIONlS.
1895 3273 1926 3304 =
1958 3233 2027 3318 ln-

134 3337 186 3428 tle
215 3337 412 3462 Reform·
535 3371 599 3443 tra
622 3370 743 3469 septa
767 3351 1065 3469 Hospitiornm
1103 3351 1625 3469 Viennen-Allobrogum
1660 3351 1839 3467 Capella
1874 3383 2024 3442 exsur-

528 3477 607 3596 git,
645 3477 687 3562 in
722 3507 807 3594 qua
842 3509 865 3563 a
900 3477 1200 3564 remotissimis
1233 3507 1372 3593 usque
1409 3475 1682 3590 temporibus
1712 3505 1884 3562 sacrum
1909 3477 2023 3565 cele·

528 3603 705 3690 hiatum
747 3599 843 3702 luit,
880 3599 949 3688 cui
988 3599 1182 3687 extranei
1225 3600 1377 3686 adesse
1415 3619 1753 3687 consueverunt.
1797 3601 1859 3686 Ex
1893 3597 2026 3689 docu-

527 3742 678 3814 mento
703 3723 823 3812 enim
848 3725 946 3810 anni
975 3723 1096 3809 4550
1118 3721 1320 3825 hahetur,
1343 3723 1462 3840 quod
1500 3721 1742 3838 Delphinus
1777 3723 2022 3812 Galliarum

527 3849 622 3937 Rex
645 3849 943 3964 eleemosynas
965 3845 1228 3964 colligendas
1250 3877 1342 3934 osse
1363 3846 1462 3933 sivit
1485 3845 1526 3932 in
1556 3846 1635 3932 liae
1652 3846 1718 3934 sui
1754 3847 1873 3962 regni
1899 3865 2023 3960 parte

529 4001 616 4060 non
640 3969 772 4058 modo
797 4002 876 4087 pro
899 3968 1189 4086 hospitiorum
1213 3967 1727 4072 manutentione,verum
1753 3971 1882 4057 etiam
1906 4009 1921 4047 ι
1945 4001 2026 4088 per

534 4131 552 4172 c
592 4123 850 4183 conservare
883 4093 924 4180 la
957 4093 1072 4181 bella
1106 4123 1131 4181 e
1165 4093 1323 4181 devota
1358 4096 1510 4199 Messa,
1548 4091 1625 4180 che
1660 4092 1694 4178 si
1728 4092 1900 4182 celebra
1935 4097 2022 4182 cia·

534 4257 552 4296 «
591 4247 696 4306 scon
731 4216 893 4304 Sabata
926 4216 1148 4305 dell'anno
1175 4216 1289 4302 nella
1312 4217 1523 4334 Coppelle
1557 4215 1601 4303 di
1636 4217 1681 4305 S.
1703 4215 1899 4304 Antonio
1935 4215 2025 4304 dcl·

535 4381 552 4418 «
592 4339 852 4458 l'Ospedale
888 4371 967 4457 per
999 4371 1128 4458 opera
1152 4337 1223 4426 dei
1259 4339 1413 4427 lratelli
1447 4339 1561 4427 della
1594 4337 1875 4427 devotissima
1911 4343 2023 4429 Con-

534 4501 552 4543 «
591 4463 819 4552 fraternita
854 4463 902 4552 di
935 4465 979 4554 S.
1004 4462 1219 4566 Antonio,
1248 4463 1304 4551 ed
1329 4463 1371 4550 in
1396 4493 1600 4584 presenza
1624 4461 1667 4550 di
1702 4463 1799 4550 tutti
1836 4463 1848 4549 i
1884 4463 2020 4552 buoni

535 4627 551 4664 ι
592 4587 663 4675 dei
700 4587 872 4706 villaggi
908 4589 1058 4675 venati
1093 4591 1132 4675 al
1168 4585 1767 4689 mercat0,cl1edesiderano
1802 4587 2023 4704 prendere

534 4750 552 4790 ι
592 4741 727 4826 acqua
762 4710 1001 4798 benedetta
1038 4711 1151 4798 nella
1195 4709 1314 4798 detta
1364 4709 1597 4828 Cappella,
1636 4743 1660 4796 e
1695 4708 1738 4796 di
1773 4709 1951 4798 baciaco
1983 4709 2024 4798 le

533 4875 550 4915 α
589 4835 792 4952 reliquie,
830 4831 885 4920 ed
920 4835 948 4920 il
982 4837 1154 4922 braccio
1188 4833 1232 4922 di
1266 4834 1310 4923 S.
1339 4833 1549 4922 Antonio.
1585 4832 1700 4921 »Ab
1737 4834 2023 4922 immemora-

523 4959 607 5048 bili
627 4976 773 5045 autem
799 4973 995 5074 tempore
1014 4959 1092 5046 hac
1108 4959 1151 5044 in
1169 4958 1344 5072 Capella
1365 4957 1524 5046 diebus
1544 4955 1774 5045 dominicis
1798 4971 1841 5044 et
1857 4957 2020 5045 lestinis

529 5080 586 5169 de
620 5097 855 5199 praecepto
890 5081 994 5168 hora
1028 5098 1174 5170 octava
1209 5081 1572 5169 sacrom'litatnm
1592 5079 1686 5183 luit,
1714 5079 1781 5167 eui
1811 5081 2022 5169 ruricolae

529 5206 786 5321 praesentim
805 5219 850 5292 et
865 5204 1006 5294 malae
1022 5203 1176 5292 firmae
1195 5204 1457 5294 valetudinis
1475 5204 1654 5308 incolae,
1685 5233 1763 5320 pro
1787 5203 2024 5294 auditionis

528 5327 639 5416 sacri
654 5326 943 5418 satisfactione
966 5327 1302 5432 conveniebant,
1330 5327 1490 5447 quibus
1532 5341 1761 5444 propterea
1806 5327 2021 5448 hospitio-

531 5480 630 5538 rum
644 5453 953 5539 resecabantur
970 5451 1099 5540 loces.
1114 5455 1208 5538 lmo
1224 5483 1350 5572 aquo
1369 5467 1568 5572 tempore
1587 5470 1762 5568 praeter
1780 5451 1893 5540 hans
1909 5451 2020 5540 aliae

537 5575 652 5664 duae
675 5574 824 5662 Missae
858 5574 901 5660 in
942 5571 1059 5662 dicta
1097 5575 1289 5692 Capella,
1310 5605 1494 5692 quaeum
1521 5573 1657 5663 altera
1676 5573 1781 5662 hora
1830 5576 2016 5697 septima
