4460 6332
615 365 698 453 Die
729 363 791 452 20
822 362 1072 482 Septembris
1107 299 1267 454 qm·
1586 366 1677 458 463

313 486 784 578 Aliam-coniecturam
820 519 948 606 supra
983 487 1122 607 attigi,
1161 518 1216 576 ex
1251 486 1500 576 testimonio
1523 487 1677 580 mulie·

182 615 244 702 ris
279 611 582 734 (quantumvis
617 611 739 732 levi),
779 613 914 728 ipsam
949 611 1130 702 lortassc
1165 641 1244 728 per
1265 609 1575 716 confessarium
1599 613 1679 702 ob-

185 740 366 826 tinuisse
401 733 772 850 dispensationem
807 767 831 823 a
865 740 909 828 S.
948 733 1287 823 Poenitentiaria
1310 767 1320 821 :
1347 733 1471 822 euius
1494 735 1673 852 dispen-

178 859 359 952 sationis
394 857 586 976 prolecto
636 859 801 946 nullum
852 861 895 946 in
930 858 1130 945 archiviis
1169 857 1486 954 documentum
1525 873 1676 948 extare

186 999 350 1104 posset.
908 1108 943 1192 V

313 1353 477 1438 Verum
515 1351 623 1438 etsi
658 1348 763 1440 hace
796 1369 839 1439 ot
872 1352 1030 1440 similia
1068 1349 1240 1442 veritati
1276 1349 1458 1436 minime
1496 1379 1681 1438 consen-

184 1477 296 1564 tiant
329 1475 421 1562 sive
456 1473 667 1562 accedant
697 1509 706 1579 ;
741 1475 776 1564 si
801 1475 923 1562 novis
959 1475 1099 1563 adbuc
1130 1473 1397 1592 argumentis
1432 1473 1488 1560 de
1522 1472 1678 1561 validi·

184 1615 276 1688 tate
326 1597 595 1686 matrimonii
643 1597 780 1715 magis
823 1597 1116 1690 dubitandum
1168 1599 1247 1700 sit;
1299 1596 1582 1684 statuendum
1624 1626 1680 1686 ne

184 1737 420 1842 propterea
455 1722 553 1824 ecit,
598 1739 644 1808 ut
678 1721 928 1838 coniugium
965 1725 1022 1810 ab
1071 1721 1195 1810 annis
1234 1749 1374 1838 prope
1415 1718 1566 1837 viginti
1604 1749 1680 1808 cx-

183 1845 338 1935 sistens
372 1843 500 1932 unius
533 1843 754 1933 chartulae
789 1843 978 1950 delectu,
1017 1843 1316 1934 dissolvatur?
1350 1843 1476 1932 Ratio
1511 1843 1681 1930 habeu-

185 1970 242 2058 da
277 1966 452 2054 videtur
485 1985 527 2053 et
563 1967 762 2084 publicae
796 1969 1028 2087 opinionis,
1064 1987 1106 2057 et
1140 1965 1341 2086 publicae
1377 1965 1682 2064 admirationis

186 2093 280 2181 sive
313 2089 521 2192 scandali,
560 2108 603 2179 ct
637 2109 883 2208 temporum
919 2091 1190 2210 iniquitatis:
1228 2089 1465 2206 opinioniS,
1494 2121 1578 2208 qua
1604 2121 1683 2208 po·

188 2213 366 2333 pulcros
400 2213 623 2332 bucusque
669 2217 940 2306 Salvatorem
992 2233 1036 2306 et
1087 2213 1369 2304 Petronillam
1415 2213 1459 2300 in
1496 2217 1598 2299 loro
1634 2246 1684 2302 ac

185 2336 384 2456 legitimo
418 2367 511 2424 esse
544 2337 745 2458 coniugio
779 2355 1058 2456 putaverant;
1100 2337 1419 2438 admirationis,
1463 2335 1686 2454 publicae·

185 2493 273 2582 que
308 2459 575 2564 offensionis
615 2463 795 2550 ohtam
846 2460 1104 2549 diuturnum
1154 2463 1444 2550 incestuosum
1479 2459 1685 2548 concubi·

188 2601 380 2686 natum,
436 2598 688 2702 tacitamque
737 2585 1050 2674 ecclesiasticae
1084 2583 1372 2674 'arrctoritatis
1422 2583 1678 2672 incuriam:

186 2707 428 2829 praesentis
462 2737 565 2798 vero
601 2709 826 2826 temporis,
864 2741 951 2828 quo
986 2709 1127 2799 civilis
1161 2707 1410 2811 auctoritas,
1449 2705 1681 2824 quaesibi

185 2847 360 2950 arrogat
393 2845 436 2917 et
471 2831 693 2948 inquirere
727 2831 782 2920 de
818 2831 1159 2950 impedimentis,
1198 2847 1240 2919 et
1273 2831 1419 2918 civilia
1453 2829 1685 2918 matrimo-

186 2957 256 3042 nia
290 2953 576 3071 coniungere,
615 2955 831 3072 optimum
866 2956 948 3044 sibi
984 2957 1176 3044 oblatam
1218 2955 1488 3043 occasionem
1526 2951 1685 3041 existi-

187 3076 328 3166 mabit
362 3075 679 3192 vituperandae
714 3079 956 3184 Ecclesiae,
996 3095 1039 3166 et
1072 3109 1171 3168 suos
1206 3079 1520 3167 concubinatus
1554 3105 1687 3165 sum-

187 3201 271 3288 mis
293 3197 497 3287 laudibus
520 3201 776 3308 extollendi3
805 3201 1115 3291 maximorum
1139 3201 1477 3322 ephemeridum
1507 3201 1680 3319 plausu,

187 3349 375 3444 quarum
412 3353 543 3440 opera
578 3325 834 3415 muliercula
870 3324 941 3414 illa
978 3327 1060 3413 iarn
1096 3325 1335 3445 spopondit
1368 3355 1413 3413 se
1447 3325 1680 3430 lactucam,

190 3461 236 3535 ut
266 3449 481 3533 sententia
514 3447 712 3535 dissoluti
761 3447 986 3568 coniugii,
1042 3465 1139 3568 post
1189 3467 1251 3537 tot
1299 3479 1436 3538 annos
1484 3465 1528 3536 et
1577 3463 1677 3566 post

187 3568 297 3657 lilios
321 3567 426 3657 inde
449 3573 891 3692 susceptosnndique
909 3575 1141 3691 evulgetur
1164 3571 1249 3694 (l).
1278 3571 1347 3662 ad
1373 3586 1435 3661 tot
1468 3569 1582 3659 mala
1615 3570 1684 3658 vi·

190 3691 337 3797 tanda,
375 3691 582 3812 equidem
619 3695 838 3800 arbitror,
885 3698 1122 3814 petendam
1158 3727 1251 3786 esse
1294 3694 1678 3814 dispensationem

187 3848 210 3903 a
245 3819 429 3909 Summo
465 3817 709 3909 Pontifioe:
746 3819 851 3939 quin
885 3836 930 3908 ct
963 3821 1098 3908 invito
1140 3819 1262 3925 viro,
1301 3819 1675 3920 matrimonium,

186 3940 219 4027 si
254 3969 363 4056 opus
398 3954 525 4039 esset,
563 3943 806 4032 sanandum
844 3946 887 4030 io
920 3943 1085 4042 codiee·
1121 3943 1255 4033 modo
1288 3957 1454 4033 constet
1480 3944 1537 4032 du
1571 3939 1679 4028 bona

187 4062 270 4183 fide
301 4063 347 4149 iu
380 4081 477 4151 actu
514 4067 782 4155 matrimonii
819 4067 923 4155 olim
958 4097 1104 4156 coram
1140 4068 1326 4158 Ecclesia
1366 4065 1481 4154 initi.
1519 4061 1679 4156 Sanari

190 4185 308 4274 enim
343 4187 465 4273 nulla
501 4189 669 4278 ratione
704 4207 860 4309 potest,
893 4192 1011 4308 quod
1049 4223 1271 4310 uunquam
1307 4192 1485 4292 exstitit,
1526 4185 1680 4275 vidcli-

191 4326 253 4396 cet
290 4339 527 4398 consensus
559 4311 601 4398 iu
640 4314 986 4403 matrimonium.
1038 4317 1143 4402 Nam
1189 4314 1224 4402 si
1274 4317 1439 4432 utrique
1486 4313 1678 4426 corciupes

190 4431 303 4538 malo
337 4429 424 4520 fide
457 4434 735 4523 simulassent
770 4437 1049 4526 matrimonio
1093 4439 1319 4556 corrinngi‚
1346 4468 1433 4525 non
1461 4436 1502 4522 iu
1531 4431 1681 4521 nratri·

77 4653 83 4668 ,
190 4553 382 4642 monium
403 4559 734 4658 consensissent,
761 4560 838 4650 sed
863 4563 905 4650 in
937 4563 1293 4650 concubinatum.
1329 4561 1379 4647 Ia
1411 4558 1560 4677 copulo
1584 4587 1671 4642 rno-

188 4677 332 4799 aiseste
363 4679 604 4800 fornicario
638 4684 757 4773 ncilla
790 4701 847 4773 est
880 4685 1012 4772 radice
1044 4687 1308 4773 strotrimonii
1343 4683 1430 4806 (2).

308 4803 467 4892 Contra
502 4835 622 4911 vero,
661 4809 695 4895 si
733 4809 853 4896 initio
889 4840 1014 4898 verus
1051 4807 1673 4911 nundelullcottsensu8,1te-

189 4926 369 5012 cessaria
405 4958 489 5015 raon
528 4947 710 5046 putatur
744 4935 970 5020 collocatio
1003 4961 1254 5035 consensus,
1293 4949 1340 5018 ut.
1372 4949 1553 5020 sanetur
1587 4955 1676 5016 ma·

190 5047 442 5138 trimonium
478 5053 522 5140 in
554 5052 726 5161 radice3
752 5085 878 5175 quae
904 5059 939 5144 si
977 5055 1218 5144 necessaria
1253 5071 1378 5158 esset,
1417 5055 1498 5141 boc
1531 5079 1675 5140 reme·

189 5169 307 5260 dium
344 5203 365 5260 a
390 5173 578 5293 simplici
612 5177 942 5296 dispensatione
957 5209 1045 5266 non
1064 5177 1278 5268 differret.
1300 5181 1353 5266 Et
1374 5177 1571 5297 prolecto
1589 5175 1671 5262 hoc

314 5419 380 5542 (l)
414 5422 542 5510 Proc.
579 5423 660 5546 sol.
697 5425 777 5513 20.

315 5546 382 5666 (2)
416 5547 518 5634 Bon.
549 5547 669 5638 XIV
691 5565 845 5667 qrcocst.
883 5581 974 5637 con.
1009 5551 1113 5637 tat.
