<?xml version="1.0" encoding="UTF-8"?>
<!DOCTYPE html PUBLIC "-//W3C//DTD XHTML 1.0 Transitional//EN"
    "http://www.w3.org/TR/xhtml1/DTD/xhtml1-transitional.dtd">
<html xmlns="http://www.w3.org/1999/xhtml" xml:lang="en" lang="en">
 <head>
  <title>
</title>
<meta http-equiv="Content-Type" content="text/html;charset=utf-8" />
  <meta name='ocr-system' content='tesseract 3.04.00' />
  <meta name='ocr-capabilities' content='ocr_page ocr_carea ocr_par ocr_line ocrx_word'/>
</head>
<body>
  <div class='ocr_page' id='page_1' title='image "./thesaurusresolu00churgoog_0215.png"; bbox 0 0 4558 6340; ppageno 0'>
   <div class='ocr_carea' id='block_1_1' title="bbox 438 333 2045 4984">
    <p class='ocr_par' dir='ltr' id='par_1_1' title="bbox 438 333 2045 4984">
     <span class='ocr_line' id='line_1_1' title="bbox 558 333 1578 450; baseline -0.001 -23"><span class='ocrx_word' id='word_1_1' title='bbox 558 338 652 428; x_wconf 83' lang='grc'><strong>201</strong></span> <span class='ocrx_word' id='word_1_2' title='bbox 1027 335 1201 425; x_wconf 71' lang='grc'>111126</span> <span class='ocrx_word' id='word_1_3' title='bbox 1233 333 1406 450; x_wconf 80' lang='lat' dir='ltr'><strong>Aprilis</strong></span> <span class='ocrx_word' id='word_1_4' title='bbox 1440 334 1578 426; x_wconf 88' lang='grc'>1879.</span> 
     </span>
     <span class='ocr_line' id='line_1_2' title="bbox 558 456 2040 574; baseline -0.002 -23"><span class='ocrx_word' id='word_1_5' title='bbox 558 460 710 550; x_wconf 80' lang='lat' dir='ltr'><strong>netin</strong></span> <span class='ocrx_word' id='word_1_6' title='bbox 746 460 841 546; x_wconf 89' lang='lat' dir='ltr'><strong>iure</strong></span> <span class='ocrx_word' id='word_1_7' title='bbox 873 457 992 574; x_wconf 89' lang='lat' dir='ltr'><strong>quod</strong></span> <span class='ocrx_word' id='word_1_8' title='bbox 1027 457 1254 574; x_wconf 88' lang='lat' dir='ltr'><strong>Capellaui</strong></span> <span class='ocrx_word' id='word_1_9' title='bbox 1287 486 1386 546; x_wconf 88' lang='lat' dir='ltr'><strong>cum</strong></span> <span class='ocrx_word' id='word_1_10' title='bbox 1421 459 1507 546; x_wconf 93' lang='lat' dir='ltr'><strong>sint</strong></span> <span class='ocrx_word' id='word_1_11' title='bbox 1554 457 1698 544; x_wconf 87' lang='lat' dir='ltr'><strong>minus</strong></span> <span class='ocrx_word' id='word_1_12' title='bbox 1748 456 1944 572; x_wconf 86' lang='lat' dir='ltr'><strong>practici,</strong></span> <span class='ocrx_word' id='word_1_13' title='bbox 1997 473 2040 548; x_wconf 89' lang='lat' dir='ltr'><strong>el</strong></span> 
     </span>
     <span class='ocr_line' id='line_1_3' title="bbox 555 579 2041 699; baseline 0 -29"><span class='ocrx_word' id='word_1_14' title='bbox 555 583 689 670; x_wconf 89' lang='lat' dir='ltr'><strong>etiam</strong></span> <span class='ocrx_word' id='word_1_15' title='bbox 723 579 903 670; x_wconf 88' lang='lat' dir='ltr'><strong>minoris</strong></span> <span class='ocrx_word' id='word_1_16' title='bbox 937 581 1270 683; x_wconf 77' lang='lat' dir='ltr'><strong>aestimationis,</strong></span> <span class='ocrx_word' id='word_1_17' title='bbox 1297 611 1348 668; x_wconf 89' lang='lat' dir='ltr'><strong>ea</strong></span> <span class='ocrx_word' id='word_1_18' title='bbox 1371 580 1522 668; x_wconf 89' lang='lat' dir='ltr'><strong>omnia</strong></span> <span class='ocrx_word' id='word_1_19' title='bbox 1545 611 1660 698; x_wconf 88' lang='lat' dir='ltr'><strong>quae</strong></span> <span class='ocrx_word' id='word_1_20' title='bbox 1682 581 1895 696; x_wconf 78' lang='lat' dir='ltr'><strong>parochus</strong></span> <span class='ocrx_word' id='word_1_21' title='bbox 1918 603 2041 699; x_wconf 87' lang='lat' dir='ltr'><strong>prae·</strong></span> 
     </span>
     <span class='ocr_line' id='line_1_4' title="bbox 554 701 2042 819; baseline 0.001 -25"><span class='ocrx_word' id='word_1_22' title='bbox 554 724 652 809; x_wconf 90' lang='lat' dir='ltr'><strong>stat,</strong></span> <span class='ocrx_word' id='word_1_23' title='bbox 686 718 909 819; x_wconf 87' lang='lat' dir='ltr'><strong>&#39;praestare</strong></span> <span class='ocrx_word' id='word_1_24' title='bbox 944 733 1033 790; x_wconf 93' lang='lat' dir='ltr'><strong>non</strong></span> <span class='ocrx_word' id='word_1_25' title='bbox 1066 701 1229 792; x_wconf 87' lang='lat' dir='ltr'><strong>valent.</strong></span> <span class='ocrx_word' id='word_1_26' title='bbox 1257 702 1682 818; x_wconf 86' lang='lat' dir='ltr'><strong>Undeantiquorum</strong></span> <span class='ocrx_word' id='word_1_27' title='bbox 1706 705 2042 794; x_wconf 81' lang='lat' dir='ltr'><strong>Canoaistarnm</strong></span> 
     </span>
     <span class='ocr_line' id='line_1_5' title="bbox 558 823 2043 944; baseline 0.005 -30"><span class='ocrx_word' id='word_1_28' title='bbox 558 827 786 944; x_wconf 78' lang='lat' dir='ltr'><strong>opiniones</strong></span> <span class='ocrx_word' id='word_1_29' title='bbox 808 823 1519 916; x_wconf 84' lang='lat' dir='ltr'><strong>affirmantesdismcmbrationem</strong></span> <span class='ocrx_word' id='word_1_30' title='bbox 1539 825 1844 943; x_wconf 85' lang='lat' dir='ltr'><strong>paroeciarum</strong></span> <span class='ocrx_word' id='word_1_31' title='bbox 1862 828 2043 920; x_wconf 80' lang='lat' dir='ltr'><strong>minine</strong></span> 
     </span>
     <span class='ocr_line' id='line_1_6' title="bbox 555 947 2039 1064; baseline -0.002 -23"><span class='ocrx_word' id='word_1_32' title='bbox 555 947 879 1054; x_wconf 73' lang='lat' dir='ltr'><strong>decernendam</strong></span> <span class='ocrx_word' id='word_1_33' title='bbox 914 979 1024 1050; x_wconf 87' lang='lat' dir='ltr'><strong>essa,</strong></span> <span class='ocrx_word' id='word_1_34' title='bbox 1061 949 1095 1036; x_wconf 90' lang='lat' dir='ltr'><strong>si</strong></span> <span class='ocrx_word' id='word_1_35' title='bbox 1132 949 1378 1036; x_wconf 87' lang='lat' dir='ltr'><strong>animarum</strong></span> <span class='ocrx_word' id='word_1_36' title='bbox 1414 949 1533 1036; x_wconf 91' lang='lat' dir='ltr'><strong>bono</strong></span> <span class='ocrx_word' id='word_1_37' title='bbox 1567 979 1646 1064; x_wconf 87' lang='lat' dir='ltr'><strong>per</strong></span> <span class='ocrx_word' id='word_1_38' title='bbox 1675 949 1941 1064; x_wconf 82' lang='lat' dir='ltr'><strong>Capellanos</strong></span> <span class='ocrx_word' id='word_1_39' title='bbox 1969 982 2039 1038; x_wconf 87' lang='lat' dir='ltr'><strong>oc·</strong></span> 
     </span>
     <span class='ocr_line' id='line_1_7' title="bbox 556 1069 2041 1189; baseline -0.001 -28"><span class='ocrx_word' id='word_1_40' title='bbox 556 1074 668 1162; x_wconf 92' lang='lat' dir='ltr'><strong>curri</strong></span> <span class='ocrx_word' id='word_1_41' title='bbox 706 1071 855 1188; x_wconf 87' lang='lat' dir='ltr'><strong>possit,</strong></span> <span class='ocrx_word' id='word_1_42' title='bbox 894 1071 1017 1189; x_wconf 88' lang='lat' dir='ltr'><strong>lapsu</strong></span> <span class='ocrx_word' id='word_1_43' title='bbox 1053 1071 1263 1187; x_wconf 80' lang='lat' dir='ltr'><strong>temporis</strong></span> <span class='ocrx_word' id='word_1_44' title='bbox 1296 1073 1354 1162; x_wconf 84' lang='lat' dir='ltr'><strong>ab</strong></span> <span class='ocrx_word' id='word_1_45' title='bbox 1388 1071 1487 1160; x_wconf 87' lang='lat' dir='ltr'><strong>aula</strong></span> <span class='ocrx_word' id='word_1_46' title='bbox 1509 1073 1554 1160; x_wconf 93' lang='lat' dir='ltr'><strong>S.</strong></span> <span class='ocrx_word' id='word_1_47' title='bbox 1581 1073 1638 1158; x_wconf 90' lang='grc' dir='ltr'><strong>Ο.</strong></span> <span class='ocrx_word' id='word_1_48' title='bbox 1665 1070 1889 1160; x_wconf 80' lang='lat' dir='ltr'><strong>recessisse</strong></span> <span class='ocrx_word' id='word_1_49' title='bbox 1928 1069 2041 1160; x_wconf 78' lang='lat' dir='ltr'><strong>affir-</strong></span> 
     </span>
     <span class='ocr_line' id='line_1_8' title="bbox 556 1191 2039 1312; baseline -0.001 -27"><span class='ocrx_word' id='word_1_50' title='bbox 556 1213 663 1300; x_wconf 88' lang='lat' dir='ltr'><strong>mat,</strong></span> <span class='ocrx_word' id='word_1_51' title='bbox 699 1194 774 1312; x_wconf 89' lang='lat' dir='ltr'><strong>qul</strong></span> <span class='ocrx_word' id='word_1_52' title='bbox 809 1195 918 1282; x_wconf 88' lang='lat' dir='ltr'><strong>dum</strong></span> <span class='ocrx_word' id='word_1_53' title='bbox 950 1194 1057 1280; x_wconf 87' lang='lat' dir='ltr'><strong>satis</strong></span> <span class='ocrx_word' id='word_1_54' title='bbox 1099 1193 1297 1282; x_wconf 71' lang='lat' dir='ltr'><strong>utilitatis</strong></span> <span class='ocrx_word' id='word_1_55' title='bbox 1345 1223 1488 1282; x_wconf 90' lang='lat' dir='ltr'><strong>novae</strong></span> <span class='ocrx_word' id='word_1_56' title='bbox 1536 1191 1773 1310; x_wconf 73' lang='lat' dir='ltr'><strong>erigendae</strong></span> <span class='ocrx_word' id='word_1_57' title='bbox 1814 1196 2039 1310; x_wconf 75' lang='lat' dir='ltr'><strong>pannoniae</strong></span> 
     </span>
     <span class='ocr_line' id='line_1_9' title="bbox 555 1315 2044 1433; baseline -0.001 -27"><span class='ocrx_word' id='word_1_58' title='bbox 555 1335 783 1433; x_wconf 88' lang='lat' dir='ltr'><strong>appareat,</strong></span> <span class='ocrx_word' id='word_1_59' title='bbox 820 1317 1261 1406; x_wconf 87' lang='lat' dir='ltr'><strong>dismembrationem</strong></span> <span class='ocrx_word' id='word_1_60' title='bbox 1294 1315 1534 1404; x_wconf 74' lang='lat' dir='ltr'><strong>decernere</strong></span> <span class='ocrx_word' id='word_1_61' title='bbox 1581 1315 1841 1406; x_wconf 75' lang='lat' dir='ltr'><strong>consuescit.</strong></span> <span class='ocrx_word' id='word_1_62' title='bbox 1882 1317 1947 1406; x_wconf 88' lang='lat' dir='ltr'><strong>lla</strong></span> <span class='ocrx_word' id='word_1_63' title='bbox 1997 1317 2044 1409; x_wconf 73' lang='lat' dir='ltr'><strong>in</strong></span> 
     </span>
     <span class='ocr_line' id='line_1_10' title="bbox 556 1436 2037 1530; baseline -0.001 -4"><span class='ocrx_word' id='word_1_64' title='bbox 556 1441 724 1528; x_wconf 83' lang='lat' dir='ltr'><strong>Comen.</strong></span> <span class='ocrx_word' id='word_1_65' title='bbox 763 1441 792 1525; x_wconf 86' lang='lat'>5</span> <span class='ocrx_word' id='word_1_66' title='bbox 814 1441 915 1526; x_wconf 87' lang='lat' dir='ltr'><strong>Dec.</strong></span> <span class='ocrx_word' id='word_1_67' title='bbox 946 1439 1066 1526; x_wconf 89' lang='grc'>1750</span> <span class='ocrx_word' id='word_1_68' title='bbox 1087 1438 1257 1528; x_wconf 89' lang='lat' dir='ltr'><strong>censuit</strong></span> <span class='ocrx_word' id='word_1_69' title='bbox 1280 1436 1613 1530; x_wconf 82' lang='lat' dir='ltr'><strong>deveniendum</strong></span> <span class='ocrx_word' id='word_1_70' title='bbox 1629 1467 1726 1526; x_wconf 80' lang='lat' dir='ltr'><strong>ease</strong></span> <span class='ocrx_word' id='word_1_71' title='bbox 1748 1437 1804 1524; x_wconf 89' lang='lat' dir='ltr'><strong>ad</strong></span> <span class='ocrx_word' id='word_1_72' title='bbox 1827 1438 2037 1528; x_wconf 83' lang='lat' dir='ltr'><strong>dismem-</strong></span> 
     </span>
     <span class='ocr_line' id='line_1_11' title="bbox 556 1559 2040 1664; baseline -0.001 -16"><span class='ocrx_word' id='word_1_73' title='bbox 556 1563 804 1650; x_wconf 86' lang='lat' dir='ltr'><strong>brationem</strong></span> <span class='ocrx_word' id='word_1_74' title='bbox 840 1561 1085 1664; x_wconf 82' lang='lat' dir='ltr'><strong>l’aroeciae,</strong></span> <span class='ocrx_word' id='word_1_75' title='bbox 1124 1561 1293 1650; x_wconf 87' lang='lat' dir='ltr'><strong>tametsi</strong></span> <span class='ocrx_word' id='word_1_76' title='bbox 1328 1564 1485 1650; x_wconf 80' lang='lat' dir='ltr'><strong>llcetar</strong></span> <span class='ocrx_word' id='word_1_77' title='bbox 1503 1559 1664 1650; x_wconf 84' lang='lat' dir='ltr'><strong>veteris</strong></span> <span class='ocrx_word' id='word_1_78' title='bbox 1684 1562 1919 1650; x_wconf 83' lang='lat' dir='ltr'><strong>Paroeciae</strong></span> <span class='ocrx_word' id='word_1_79' title='bbox 1943 1563 2040 1648; x_wconf 90' lang='lat' dir='ltr'><strong>reti·</strong></span> 
     </span>
     <span class='ocr_line' id='line_1_12' title="bbox 557 1682 2044 1801; baseline 0.003 -31"><span class='ocrx_word' id='word_1_80' title='bbox 557 1714 667 1772; x_wconf 89' lang='lat' dir='ltr'><strong>nere</strong></span> <span class='ocrx_word' id='word_1_81' title='bbox 699 1684 873 1772; x_wconf 78' lang='lat' dir='ltr'><strong>offerret</strong></span> <span class='ocrx_word' id='word_1_82' title='bbox 909 1683 951 1770; x_wconf 91' lang='lat' dir='ltr'><strong>in</strong></span> <span class='ocrx_word' id='word_1_83' title='bbox 987 1685 1133 1801; x_wconf 86' lang='lat' dir='ltr'><strong>aliqua</strong></span> <span class='ocrx_word' id='word_1_84' title='bbox 1167 1682 1353 1774; x_wconf 76' lang='lat' dir='ltr'><strong>Ecclesia</strong></span> <span class='ocrx_word' id='word_1_85' title='bbox 1386 1683 1695 1798; x_wconf 74' lang='lat' dir='ltr'><strong>Capellauum²</strong></span> <span class='ocrx_word' id='word_1_86' title='bbox 1719 1682 2044 1800; x_wconf 86' lang='lat' dir='ltr'><strong>quioecurrcre</strong></span> 
     </span>
     <span class='ocr_line' id='line_1_13' title="bbox 556 1805 2041 1924; baseline 0 -30"><span class='ocrx_word' id='word_1_87' title='bbox 556 1823 700 1924; x_wconf 89' lang='lat' dir='ltr'><strong>posset</strong></span> <span class='ocrx_word' id='word_1_88' title='bbox 733 1805 1033 1923; x_wconf 79' lang='lat' dir='ltr'><strong>spiritualibus</strong></span> <span class='ocrx_word' id='word_1_89' title='bbox 1069 1806 1439 1896; x_wconf 87' lang='lat' dir='ltr'><strong>Parachiauorum</strong></span> <span class='ocrx_word' id='word_1_90' title='bbox 1476 1805 1746 1922; x_wconf 73' lang='lat' dir='ltr'><strong>indigentiis.</strong></span> <span class='ocrx_word' id='word_1_91' title='bbox 1796 1805 1966 1894; x_wconf 84' lang='lat' dir='ltr'><strong>Pariter</strong></span> <span class='ocrx_word' id='word_1_92' title='bbox 1999 1810 2041 1895; x_wconf 91' lang='lat' dir='ltr'><strong>iu</strong></span> 
     </span>
     <span class='ocr_line' id='line_1_14' title="bbox 559 1925 2038 2018; baseline -0.002 -2"><span class='ocrx_word' id='word_1_93' title='bbox 559 1929 770 2018; x_wconf 73' lang='lat' dir='ltr'><strong>Nolonnd</strong></span> <span class='ocrx_word' id='word_1_94' title='bbox 792 1928 914 2016; x_wconf 82' lang='lat' dir='ltr'><strong>Febr.</strong></span> <span class='ocrx_word' id='word_1_95' title='bbox 943 1929 1063 2018; x_wconf 88' lang='grc'>1753</span> <span class='ocrx_word' id='word_1_96' title='bbox 1080 1930 1136 2018; x_wconf 91' lang='lat' dir='ltr'><strong>ad</strong></span> <span class='ocrx_word' id='word_1_97' title='bbox 1158 1927 1414 2018; x_wconf 86' lang='lat' dir='ltr'><strong>evitandam</strong></span> <span class='ocrx_word' id='word_1_98' title='bbox 1437 1925 1874 2016; x_wconf 77' lang='lat' dir='ltr'><strong>dismembrationem</strong></span> <span class='ocrx_word' id='word_1_99' title='bbox 1894 1929 2038 2015; x_wconf 86' lang='lat' dir='ltr'><strong>oblata</strong></span> 
     </span>
     <span class='ocr_line' id='line_1_15' title="bbox 557 2048 2041 2167; baseline -0.001 -29"><span class='ocrx_word' id='word_1_100' title='bbox 557 2049 639 2138; x_wconf 86' lang='lat' dir='ltr'><strong>luit</strong></span> <span class='ocrx_word' id='word_1_101' title='bbox 674 2052 860 2138; x_wconf 89' lang='lat' dir='ltr'><strong>retentio</strong></span> <span class='ocrx_word' id='word_1_102' title='bbox 893 2051 1083 2142; x_wconf 89' lang='lat' dir='ltr'><strong>duorum</strong></span> <span class='ocrx_word' id='word_1_103' title='bbox 1118 2050 1476 2167; x_wconf 86' lang='lat' dir='ltr'><strong>Capellannrum,</strong></span> <span class='ocrx_word' id='word_1_104' title='bbox 1510 2050 1580 2138; x_wconf 93' lang='lat' dir='ltr'><strong>cui</strong></span> <span class='ocrx_word' id='word_1_105' title='bbox 1605 2048 1786 2139; x_wconf 90' lang='lat' dir='ltr'><strong>minime</strong></span> <span class='ocrx_word' id='word_1_106' title='bbox 1807 2050 1855 2140; x_wconf 88' lang='lat' dir='ltr'><strong>S.</strong></span> <span class='ocrx_word' id='word_1_107' title='bbox 1881 2051 1936 2138; x_wconf 88' lang='grc' dir='ltr'><strong>Ο.</strong></span> <span class='ocrx_word' id='word_1_108' title='bbox 1965 2048 2041 2138; x_wconf 83' lang='lat' dir='ltr'><strong>ad-</strong></span> 
     </span>
     <span class='ocr_line' id='line_1_16' title="bbox 556 2171 2038 2264; baseline -0.001 -4"><span class='ocrx_word' id='word_1_109' title='bbox 556 2171 713 2260; x_wconf 87' lang='lat' dir='ltr'><strong>haesit.</strong></span> <span class='ocrx_word' id='word_1_110' title='bbox 742 2175 829 2260; x_wconf 85' lang='lat' dir='ltr'><strong>Nee</strong></span> <span class='ocrx_word' id='word_1_111' title='bbox 849 2205 971 2262; x_wconf 87' lang='lat' dir='ltr'><strong>secus</strong></span> <span class='ocrx_word' id='word_1_112' title='bbox 1005 2174 1247 2264; x_wconf 87' lang='lat' dir='ltr'><strong>iudicatum</strong></span> <span class='ocrx_word' id='word_1_113' title='bbox 1274 2173 1355 2260; x_wconf 90' lang='lat' dir='ltr'><strong>luit</strong></span> <span class='ocrx_word' id='word_1_114' title='bbox 1379 2171 1423 2258; x_wconf 96' lang='lat' dir='ltr'><strong>in</strong></span> <span class='ocrx_word' id='word_1_115' title='bbox 1446 2171 1618 2260; x_wconf 85' lang='lat' dir='ltr'><strong>Ioauca.</strong></span> <span class='ocrx_word' id='word_1_116' title='bbox 1648 2171 2038 2262; x_wconf 83' lang='lat' dir='ltr'><strong>Diamembrutioair</strong></span> 
     </span>
     <span class='ocr_line' id='line_1_17' title="bbox 557 2294 2033 2412; baseline 0.004 -34"><span class='ocrx_word' id='word_1_117' title='bbox 557 2294 789 2382; x_wconf 83' lang='lat' dir='ltr'><strong>Paroeeioe</strong></span> <span class='ocrx_word' id='word_1_118' title='bbox 822 2295 910 2384; x_wconf 86' lang='lat' dir='ltr'><strong>diei</strong></span> <span class='ocrx_word' id='word_1_119' title='bbox 929 2298 1002 2390; x_wconf 87' lang='grc'><strong>,25</strong></span> <span class='ocrx_word' id='word_1_120' title='bbox 1034 2297 1231 2384; x_wconf 82' lang='lat' dir='ltr'><strong>Ianuarii</strong></span> <span class='ocrx_word' id='word_1_121' title='bbox 1266 2295 1403 2384; x_wconf 82' lang='grc'>1879.</span> <span class='ocrx_word' id='word_1_122' title='bbox 1442 2296 1570 2382; x_wconf 84' lang='lat' dir='ltr'><strong>Ratio</strong></span> <span class='ocrx_word' id='word_1_123' title='bbox 1595 2323 1699 2382; x_wconf 85' lang='lat' dir='ltr'><strong>vero</strong></span> <span class='ocrx_word' id='word_1_124' title='bbox 1722 2321 1809 2412; x_wconf 80' lang='lat' dir='ltr'><strong>qua</strong></span> <span class='ocrx_word' id='word_1_125' title='bbox 1832 2297 1886 2383; x_wconf 87' lang='lat' dir='ltr'><strong>ll.</strong></span> <span class='ocrx_word' id='word_1_126' title='bbox 1908 2297 1956 2389; x_wconf 88' lang='lat' dir='ltr'><strong>S.</strong></span> <span class='ocrx_word' id='word_1_127' title='bbox 1979 2295 2033 2384; x_wconf 88' lang='grc' dir='ltr'><strong>Ο.</strong></span> 
     </span>
     <span class='ocr_line' id='line_1_18' title="bbox 557 2415 2042 2533; baseline -0.001 -29"><span class='ocrx_word' id='word_1_128' title='bbox 557 2415 669 2504; x_wconf 79' lang='lat' dir='ltr'><strong>llaec</strong></span> <span class='ocrx_word' id='word_1_129' title='bbox 702 2418 932 2532; x_wconf 84' lang='lat' dir='ltr'><strong>amplexus</strong></span> <span class='ocrx_word' id='word_1_130' title='bbox 965 2437 1030 2506; x_wconf 90' lang='lat' dir='ltr'><strong>est</strong></span> <span class='ocrx_word' id='word_1_131' title='bbox 1062 2418 1328 2508; x_wconf 86' lang='lat' dir='ltr'><strong>sententiam</strong></span> <span class='ocrx_word' id='word_1_132' title='bbox 1361 2419 1426 2506; x_wconf 88' lang='lat' dir='ltr'><strong>uti</strong></span> <span class='ocrx_word' id='word_1_133' title='bbox 1475 2416 1613 2533; x_wconf 82' lang='lat' dir='ltr'><strong>magis</strong></span> <span class='ocrx_word' id='word_1_134' title='bbox 1656 2445 1894 2524; x_wconf 80' lang='lat' dir='ltr'><strong>consanam</strong></span> <span class='ocrx_word' id='word_1_135' title='bbox 1944 2416 2042 2504; x_wconf 85' lang='lat' dir='ltr'><strong>Tri-</strong></span> 
     </span>
     <span class='ocr_line' id='line_1_19' title="bbox 557 2537 2040 2660; baseline -0.001 -32"><span class='ocrx_word' id='word_1_136' title='bbox 557 2538 1172 2660; x_wconf 82' lang='lat' dir='ltr'><strong>dentinaedispositionircsa.</strong></span> <span class='ocrx_word' id='word_1_137' title='bbox 1210 2541 1262 2628; x_wconf 95' lang='grc'><strong>21</strong></span> <span class='ocrx_word' id='word_1_138' title='bbox 1304 2571 1398 2655; x_wconf 84' lang='lat' dir='ltr'><strong>cup.</strong></span> <span class='ocrx_word' id='word_1_139' title='bbox 1436 2537 1743 2628; x_wconf 71' lang='lat' dir='ltr'><strong>trinacria</strong></span> <span class='ocrx_word' id='word_1_140' title='bbox 1794 2555 1877 2642; x_wconf 88' lang='lat' dir='ltr'><strong>est,</strong></span> <span class='ocrx_word' id='word_1_141' title='bbox 1920 2539 2040 2655; x_wconf 82' lang='lat' dir='ltr'><strong>quod</strong></span> 
     </span>
     <span class='ocr_line' id='line_1_20' title="bbox 558 2662 2043 2778; baseline 0.001 -32"><span class='ocrx_word' id='word_1_142' title='bbox 558 2663 760 2777; x_wconf 86' lang='lat' dir='ltr'><strong>proprius</strong></span> <span class='ocrx_word' id='word_1_143' title='bbox 793 2682 838 2752; x_wconf 86' lang='lat' dir='ltr'><strong>et</strong></span> <span class='ocrx_word' id='word_1_144' title='bbox 874 2664 1060 2752; x_wconf 88' lang='lat' dir='ltr'><strong>titularis</strong></span> <span class='ocrx_word' id='word_1_145' title='bbox 1095 2664 1313 2752; x_wconf 86' lang='lat' dir='ltr'><strong>Parochus</strong></span> <span class='ocrx_word' id='word_1_146' title='bbox 1345 2663 1502 2750; x_wconf 81' lang='lat' dir='ltr'><strong>melius</strong></span> <span class='ocrx_word' id='word_1_147' title='bbox 1543 2691 1648 2750; x_wconf 88' lang='lat' dir='ltr'><strong>oves</strong></span> <span class='ocrx_word' id='word_1_148' title='bbox 1694 2693 1797 2752; x_wconf 88' lang='lat' dir='ltr'><strong>suas</strong></span> <span class='ocrx_word' id='word_1_149' title='bbox 1848 2662 2043 2778; x_wconf 77' lang='lat' dir='ltr'><strong>agnoscit</strong></span> 
     </span>
     <span class='ocr_line' id='line_1_21' title="bbox 555 2784 2043 2903; baseline 0.002 -31"><span class='ocrx_word' id='word_1_150' title='bbox 555 2800 598 2872; x_wconf 86' lang='lat' dir='ltr'><strong>et</strong></span> <span class='ocrx_word' id='word_1_151' title='bbox 633 2803 796 2886; x_wconf 90' lang='lat' dir='ltr'><strong>tuetur,</strong></span> <span class='ocrx_word' id='word_1_152' title='bbox 834 2815 965 2902; x_wconf 86' lang='lat' dir='ltr'><strong>quarn</strong></span> <span class='ocrx_word' id='word_1_153' title='bbox 1000 2786 1277 2901; x_wconf 77' lang='lat' dir='ltr'><strong>Capellantm,</strong></span> <span class='ocrx_word' id='word_1_154' title='bbox 1315 2785 1392 2903; x_wconf 91' lang='lat' dir='ltr'><strong>qui</strong></span> <span class='ocrx_word' id='word_1_155' title='bbox 1426 2785 1723 2876; x_wconf 85' lang='lat' dir='ltr'><strong>mercenarius</strong></span> <span class='ocrx_word' id='word_1_156' title='bbox 1746 2815 1844 2877; x_wconf 88' lang='lat' dir='ltr'><strong>cum</strong></span> <span class='ocrx_word' id='word_1_157' title='bbox 1869 2784 1940 2890; x_wconf 90' lang='lat' dir='ltr'><strong>sit,</strong></span> <span class='ocrx_word' id='word_1_158' title='bbox 1963 2811 2043 2875; x_wconf 79' lang='lat' dir='ltr'><strong>nec</strong></span> 
     </span>
     <span class='ocr_line' id='line_1_22' title="bbox 557 2899 2045 3024; baseline 0 -30"><span class='ocrx_word' id='word_1_159' title='bbox 557 2906 707 2994; x_wconf 89' lang='lat' dir='ltr'><strong>omnia</strong></span> <span class='ocrx_word' id='word_1_160' title='bbox 741 2905 954 2996; x_wconf 84' lang='lat' dir='ltr'><strong>fidelibus</strong></span> <span class='ocrx_word' id='word_1_161' title='bbox 986 2927 1192 3023; x_wconf 81' lang='lat' dir='ltr'><strong>praestat,</strong></span> <span class='ocrx_word' id='word_1_162' title='bbox 1230 2940 1311 2998; x_wconf 86' lang='lat' dir='ltr'><strong>uec</strong></span> <span class='ocrx_word' id='word_1_163' title='bbox 1345 2925 1573 3024; x_wconf 88' lang='lat' dir='ltr'><strong>tamquam</strong></span> <span class='ocrx_word' id='word_1_164' title='bbox 1608 2908 1711 3010; x_wconf 89' lang='lat' dir='ltr'><strong>suis,</strong></span> <span class='ocrx_word' id='word_1_165' title='bbox 1754 2899 1828 2996; x_wconf 69' lang='lat' dir='ltr'><strong>¹uti</strong></span> <span class='ocrx_word' id='word_1_166' title='bbox 1850 2907 2045 2998; x_wconf 85' lang='lat' dir='ltr'><strong>animad-</strong></span> 
     </span>
     <span class='ocr_line' id='line_1_23' title="bbox 556 3028 2043 3148; baseline 0.001 -32"><span class='ocrx_word' id='word_1_167' title='bbox 556 3028 689 3116; x_wconf 82' lang='lat' dir='ltr'><strong>vertit</strong></span> <span class='ocrx_word' id='word_1_168' title='bbox 726 3030 889 3145; x_wconf 79' lang='lat' dir='ltr'><strong>Urrnyo</strong></span> <span class='ocrx_word' id='word_1_169' title='bbox 942 3033 1111 3146; x_wconf 83' lang='lat' dir='ltr'><strong>Discep.</strong></span> <span class='ocrx_word' id='word_1_170' title='bbox 1148 3031 1310 3120; x_wconf 71' lang='lat' dir='ltr'><strong>toalea.</strong></span> <span class='ocrx_word' id='word_1_171' title='bbox 1343 3047 1444 3118; x_wconf 85' lang='lat' dir='ltr'><strong>torn.</strong></span> <span class='ocrx_word' id='word_1_172' title='bbox 1484 3031 1501 3114; x_wconf 95' lang='grc'><strong>1</strong></span> <span class='ocrx_word' id='word_1_173' title='bbox 1542 3049 1661 3146; x_wconf 84' lang='lat' dir='ltr'><strong>pert.</strong></span> <span class='ocrx_word' id='word_1_174' title='bbox 1700 3031 1718 3118; x_wconf 95' lang='grc'><strong>1</strong></span> <span class='ocrx_word' id='word_1_175' title='bbox 1769 3029 1945 3148; x_wconf 80' lang='lat' dir='ltr'><strong>dr&#39;acrpt.</strong></span> <span class='ocrx_word' id='word_1_176' title='bbox 1984 3029 2043 3118; x_wconf 79' lang='grc'><strong>11</strong></span> 
     </span>
     <span class='ocr_line' id='line_1_24' title="bbox 555 3151 2034 3266; baseline 0 -28"><span class='ocrx_word' id='word_1_177' title='bbox 555 3182 670 3239; x_wconf 75' lang='lat' dir='ltr'><strong>ouer.</strong></span> <span class='ocrx_word' id='word_1_178' title='bbox 707 3151 805 3254; x_wconf 74' lang='grc'><strong>92,</strong></span> <span class='ocrx_word' id='word_1_179' title='bbox 846 3153 946 3242; x_wconf 81' lang='lat' dir='ltr'><strong>Vna</strong></span> <span class='ocrx_word' id='word_1_180' title='bbox 977 3155 1131 3266; x_wconf 78' lang='lat' dir='ltr'><strong>Espcrr.</strong></span> <span class='ocrx_word' id='word_1_181' title='bbox 1159 3156 1229 3242; x_wconf 84' lang='lat' dir='ltr'><strong>Ias</strong></span> <span class='ocrx_word' id='word_1_182' title='bbox 1249 3153 1391 3244; x_wconf 80' lang='lat' dir='ltr'><strong>eccles.</strong></span> <span class='ocrx_word' id='word_1_183' title='bbox 1418 3155 1535 3238; x_wconf 84' lang='lat' dir='ltr'><strong>unio.</strong></span> <span class='ocrx_word' id='word_1_184' title='bbox 1555 3171 1673 3266; x_wconf 88' lang='lat' dir='ltr'><strong>port.</strong></span> <span class='ocrx_word' id='word_1_185' title='bbox 1693 3155 1723 3242; x_wconf 78' lang='grc'>2</span> <span class='ocrx_word' id='word_1_186' title='bbox 1742 3171 1838 3240; x_wconf 80' lang='lat' dir='ltr'><strong>sect.</strong></span> <span class='ocrx_word' id='word_1_187' title='bbox 1868 3153 1988 3242; x_wconf 81' lang='grc'>2111.</span> <span class='ocrx_word' id='word_1_188' title='bbox 2016 3151 2034 3238; x_wconf 93' lang='grc'><strong>1</strong></span> 
     </span>
     <span class='ocr_line' id='line_1_25' title="bbox 438 3275 1918 3388; baseline 0.002 -28"><span class='ocrx_word' id='word_1_189' title='bbox 438 3369 445 3380; x_wconf 52' lang='grc'><em>,</em></span> <span class='ocrx_word' id='word_1_190' title='bbox 558 3305 654 3388; x_wconf 83' lang='lat' dir='ltr'><strong>cap.</strong></span> <span class='ocrx_word' id='word_1_191' title='bbox 693 3275 868 3361; x_wconf 82' lang='lat' dir='ltr'><strong>3rtrrm.</strong></span> <span class='ocrx_word' id='word_1_192' title='bbox 904 3278 981 3378; x_wconf 76' lang='lat'><strong>3⁰,</strong></span> <span class='ocrx_word' id='word_1_193' title='bbox 1027 3279 1133 3366; x_wconf 80' lang='lat' dir='ltr'><strong>Rota</strong></span> <span class='ocrx_word' id='word_1_194' title='bbox 1162 3276 1290 3366; x_wconf 83' lang='lat' dir='ltr'><strong>decia.</strong></span> <span class='ocrx_word' id='word_1_195' title='bbox 1332 3279 1395 3366; x_wconf 83' lang='lat'><strong>78</strong></span> <span class='ocrx_word' id='word_1_196' title='bbox 1424 3309 1468 3362; x_wconf 86' lang='lat' dir='ltr'><strong>n.</strong></span> <span class='ocrx_word' id='word_1_197' title='bbox 1500 3276 1561 3362; x_wconf 83' lang='lat'><strong>55</strong></span> <span class='ocrx_word' id='word_1_198' title='bbox 1594 3305 1682 3364; x_wconf 76' lang='lat' dir='ltr'><strong>cnr.</strong></span> <span class='ocrx_word' id='word_1_199' title='bbox 1709 3275 1918 3364; x_wconf 71' lang='lat' dir='ltr'><strong>Ansaldo</strong></span> 
     </span>
     <span class='ocr_line' id='line_1_26' title="bbox 681 3395 2044 3490; baseline -0.001 -6"><span class='ocrx_word' id='word_1_200' title='bbox 681 3397 774 3486; x_wconf 90' lang='lat' dir='ltr'><strong>lmo</strong></span> <span class='ocrx_word' id='word_1_201' title='bbox 816 3399 968 3486; x_wconf 88' lang='lat' dir='ltr'><strong>subdit</strong></span> <span class='ocrx_word' id='word_1_202' title='bbox 998 3400 1303 3488; x_wconf 87' lang='lat' dir='ltr'><strong>Parocciarnm</strong></span> <span class='ocrx_word' id='word_1_203' title='bbox 1344 3398 1782 3489; x_wconf 84' lang='lat' dir='ltr'><strong>disrnembrationem</strong></span> <span class='ocrx_word' id='word_1_204' title='bbox 1805 3399 1949 3490; x_wconf 87' lang='lat' dir='ltr'><strong>adlruc</strong></span> <span class='ocrx_word' id='word_1_205' title='bbox 1970 3395 2044 3486; x_wconf 87' lang='lat' dir='ltr'><strong>ali·</strong></span> 
     </span>
     <span class='ocr_line' id='line_1_27' title="bbox 557 3517 2042 3636; baseline 0.002 -32"><span class='ocrx_word' id='word_1_206' title='bbox 557 3517 738 3636; x_wconf 81' lang='lat' dir='ltr'><strong>quando</strong></span> <span class='ocrx_word' id='word_1_207' title='bbox 759 3524 852 3610; x_wconf 80' lang='lat' dir='ltr'><strong>a&#39;S.</strong></span> <span class='ocrx_word' id='word_1_208' title='bbox 879 3522 933 3608; x_wconf 89' lang='grc' dir='ltr'><strong>Ο.</strong></span> <span class='ocrx_word' id='word_1_209' title='bbox 955 3521 1177 3610; x_wconf 88' lang='lat' dir='ltr'><strong>decretam</strong></span> <span class='ocrx_word' id='word_1_210' title='bbox 1219 3553 1328 3624; x_wconf 84' lang='lat' dir='ltr'><strong>esse,</strong></span> <span class='ocrx_word' id='word_1_211' title='bbox 1355 3521 1453 3610; x_wconf 89' lang='lat' dir='ltr'><strong>licet</strong></span> <span class='ocrx_word' id='word_1_212' title='bbox 1467 3519 1663 3636; x_wconf 78' lang='lat' dir='ltr'><strong>simplex</strong></span> <span class='ocrx_word' id='word_1_213' title='bbox 1684 3521 1897 3617; x_wconf 80' lang='lat' dir='ltr'><strong>Sacerdos</strong></span> <span class='ocrx_word' id='word_1_214' title='bbox 1927 3549 2042 3608; x_wconf 84' lang='lat' dir='ltr'><strong>senr-</strong></span> 
     </span>
     <span class='ocr_line' id='line_1_28' title="bbox 556 3642 2034 3760; baseline 0.001 -29"><span class='ocrx_word' id='word_1_215' title='bbox 556 3669 638 3758; x_wconf 68' lang='grc' dir='ltr'><strong>μοι·</strong></span> <span class='ocrx_word' id='word_1_216' title='bbox 675 3661 906 3759; x_wconf 87' lang='lat' dir='ltr'><strong>promptus</strong></span> <span class='ocrx_word' id='word_1_217' title='bbox 954 3661 1067 3732; x_wconf 82' lang='lat' dir='ltr'><strong>esser</strong></span> <span class='ocrx_word' id='word_1_218' title='bbox 1124 3646 1427 3734; x_wconf 85' lang='lat' dir='ltr'><strong>habitantibus</strong></span> <span class='ocrx_word' id='word_1_219' title='bbox 1464 3643 1775 3746; x_wconf 86' lang='lat' dir='ltr'><strong>subveniendi,</strong></span> <span class='ocrx_word' id='word_1_220' title='bbox 1821 3642 2034 3760; x_wconf 87' lang='lat' dir='ltr'><strong>quemad·</strong></span> 
     </span>
     <span class='ocr_line' id='line_1_29' title="bbox 555 3763 2039 3869; baseline 0.001 -17"><span class='ocrx_word' id='word_1_221' title='bbox 555 3763 737 3852; x_wconf 87' lang='lat' dir='ltr'><strong>modum</strong></span> <span class='ocrx_word' id='word_1_222' title='bbox 783 3765 979 3854; x_wconf 84' lang='lat' dir='ltr'><strong>derisum</strong></span> <span class='ocrx_word' id='word_1_223' title='bbox 1025 3765 1154 3859; x_wconf 86' lang='lat' dir='ltr'><strong>luisse</strong></span> <span class='ocrx_word' id='word_1_224' title='bbox 1198 3767 1240 3853; x_wconf 90' lang='lat' dir='ltr'><strong>in</strong></span> <span class='ocrx_word' id='word_1_225' title='bbox 1279 3767 1449 3854; x_wconf 80' lang='lat' dir='ltr'><strong>laurea.</strong></span> <span class='ocrx_word' id='word_1_226' title='bbox 1487 3765 1546 3852; x_wconf 88' lang='lat' dir='ltr'><strong>l6</strong></span> <span class='ocrx_word' id='word_1_227' title='bbox 1579 3767 1672 3854; x_wconf 87' lang='lat' dir='ltr'><strong>loa.</strong></span> <span class='ocrx_word' id='word_1_228' title='bbox 1715 3765 2039 3869; x_wconf 42' lang='grc'>1691515110-</span> 
     </span>
     <span class='ocr_line' id='line_1_30' title="bbox 560 3883 2039 4004; baseline 0.001 -31"><span class='ocrx_word' id='word_1_229' title='bbox 560 3883 659 3973; x_wconf 81' lang='lat' dir='ltr'><strong>lona</strong></span> <span class='ocrx_word' id='word_1_230' title='bbox 696 3885 912 3974; x_wconf 82' lang='lat' dir='ltr'><strong>Erectioa.</strong></span> <span class='ocrx_word' id='word_1_231' title='bbox 953 3887 1135 3978; x_wconf 79' lang='lat' dir='ltr'><strong>Poroclr.</strong></span> <span class='ocrx_word' id='word_1_232' title='bbox 1177 3891 1207 3978; x_wconf 82' lang='lat'><strong>9</strong></span> <span class='ocrx_word' id='word_1_233' title='bbox 1254 3888 1362 3978; x_wconf 86' lang='lat' dir='ltr'><strong>Iulii</strong></span> <span class='ocrx_word' id='word_1_234' title='bbox 1413 3889 1524 3978; x_wconf 86' lang='grc'>1701</span> <span class='ocrx_word' id='word_1_235' title='bbox 1573 3888 1706 3978; x_wconf 86' lang='lat' dir='ltr'><strong>relert</strong></span> <span class='ocrx_word' id='word_1_236' title='bbox 1745 3889 1913 4004; x_wconf 79' lang='lat' dir='ltr'><strong>llrraya</strong></span> <span class='ocrx_word' id='word_1_237' title='bbox 1961 3889 2039 3976; x_wconf 85' lang='lat' dir='ltr'><strong>loc.</strong></span> 
     </span>
     <span class='ocr_line' id='line_1_31' title="bbox 558 4005 2037 4129; baseline 0.007 -39"><span class='ocrx_word' id='word_1_238' title='bbox 558 4011 632 4092; x_wconf 86' lang='lat' dir='ltr'><strong>cil.</strong></span> <span class='ocrx_word' id='word_1_239' title='bbox 655 4005 899 4122; x_wconf 67' lang='lat' dir='ltr'><strong>‹timpatt</strong></span> <span class='ocrx_word' id='word_1_240' title='bbox 921 4041 964 4096; x_wconf 84' lang='lat' dir='ltr'><strong>a.</strong></span> <span class='ocrx_word' id='word_1_241' title='bbox 992 4013 1067 4114; x_wconf 89' lang='grc'><strong>72;</strong></span> <span class='ocrx_word' id='word_1_242' title='bbox 1114 4012 1294 4129; x_wconf 88' lang='lat' dir='ltr'><strong>insuper</strong></span> <span class='ocrx_word' id='word_1_243' title='bbox 1333 4041 1413 4100; x_wconf 90' lang='lat' dir='ltr'><strong>nec</strong></span> <span class='ocrx_word' id='word_1_244' title='bbox 1445 4012 1569 4102; x_wconf 88' lang='lat' dir='ltr'><strong>deest</strong></span> <span class='ocrx_word' id='word_1_245' title='bbox 1604 4012 1858 4127; x_wconf 81' lang='lat' dir='ltr'><strong>exemplum</strong></span> <span class='ocrx_word' id='word_1_246' title='bbox 1880 4012 1925 4099; x_wconf 94' lang='lat' dir='ltr'><strong>in</strong></span> <span class='ocrx_word' id='word_1_247' title='bbox 1945 4041 2037 4128; x_wconf 87' lang='lat' dir='ltr'><strong>quo</strong></span> 
     </span>
     <span class='ocr_line' id='line_1_32' title="bbox 553 4127 2039 4249; baseline 0.006 -35"><span class='ocrx_word' id='word_1_248' title='bbox 553 4127 773 4216; x_wconf 82' lang='lat' dir='ltr'><strong>Ecelesiae</strong></span> <span class='ocrx_word' id='word_1_249' title='bbox 802 4131 963 4218; x_wconf 89' lang='lat' dir='ltr'><strong>luerint</strong></span> <span class='ocrx_word' id='word_1_250' title='bbox 983 4135 1026 4218; x_wconf 93' lang='lat' dir='ltr'><strong>in</strong></span> <span class='ocrx_word' id='word_1_251' title='bbox 1055 4139 1276 4248; x_wconf 81' lang='lat' dir='ltr'><strong>paroecias</strong></span> <span class='ocrx_word' id='word_1_252' title='bbox 1300 4135 1546 4236; x_wconf 81' lang='lat' dir='ltr'><strong>restitutae,</strong></span> <span class='ocrx_word' id='word_1_253' title='bbox 1570 4165 1689 4249; x_wconf 85' lang='lat' dir='ltr'><strong>quae</strong></span> <span class='ocrx_word' id='word_1_254' title='bbox 1711 4150 1836 4238; x_wconf 78' lang='lat' dir='ltr'><strong>autea</strong></span> <span class='ocrx_word' id='word_1_255' title='bbox 1865 4133 2039 4224; x_wconf 85' lang='lat' dir='ltr'><strong>lucrant</strong></span> 
     </span>
     <span class='ocr_line' id='line_1_33' title="bbox 557 4248 2043 4360; baseline 0.006 -24"><span class='ocrx_word' id='word_1_256' title='bbox 557 4248 603 4336; x_wconf 91' lang='lat' dir='ltr'><strong>in</strong></span> <span class='ocrx_word' id='word_1_257' title='bbox 644 4255 911 4356; x_wconf 84' lang='lat' dir='ltr'><strong>succursales</strong></span> <span class='ocrx_word' id='word_1_258' title='bbox 928 4285 1177 4360; x_wconf 86' lang='lat' dir='ltr'><strong>conversae,</strong></span> <span class='ocrx_word' id='word_1_259' title='bbox 1218 4257 1355 4346; x_wconf 87' lang='lat' dir='ltr'><strong>veluti</strong></span> <span class='ocrx_word' id='word_1_260' title='bbox 1391 4273 1559 4346; x_wconf 87' lang='lat' dir='ltr'><strong>constal</strong></span> <span class='ocrx_word' id='word_1_261' title='bbox 1597 4286 1653 4342; x_wconf 82' lang='lat' dir='ltr'><strong>ex</strong></span> <span class='ocrx_word' id='word_1_262' title='bbox 1687 4257 1956 4347; x_wconf 84' lang='lat' dir='ltr'><strong>resolutione</strong></span> <span class='ocrx_word' id='word_1_263' title='bbox 1999 4258 2043 4346; x_wconf 84' lang='lat' dir='ltr'><strong>ia</strong></span> 
     </span>
     <span class='ocr_line' id='line_1_34' title="bbox 554 4375 2040 4475; baseline 0.007 -15"><span class='ocrx_word' id='word_1_264' title='bbox 554 4401 681 4460; x_wconf 89' lang='lat' dir='ltr'><strong>causa</strong></span> <span class='ocrx_word' id='word_1_265' title='bbox 715 4375 859 4464; x_wconf 81' lang='lat' dir='ltr'><strong>Costri</strong></span> <span class='ocrx_word' id='word_1_266' title='bbox 888 4377 1022 4464; x_wconf 86' lang='lat' dir='ltr'><strong>Maris</strong></span> <span class='ocrx_word' id='word_1_267' title='bbox 1062 4378 1151 4466; x_wconf 85' lang='lat' dir='ltr'><strong>diei</strong></span> <span class='ocrx_word' id='word_1_268' title='bbox 1183 4382 1240 4472; x_wconf 88' lang='grc'><strong>17</strong></span> <span class='ocrx_word' id='word_1_269' title='bbox 1282 4377 1520 4468; x_wconf 76' lang='lat' dir='ltr'><strong>Decembris</strong></span> <span class='ocrx_word' id='word_1_270' title='bbox 1556 4379 1677 4468; x_wconf 87' lang='grc'>1825</span> <span class='ocrx_word' id='word_1_271' title='bbox 1724 4379 1836 4475; x_wconf 84' lang='lat' dir='ltr'><strong>inter·</strong></span> <span class='ocrx_word' id='word_1_272' title='bbox 1880 4379 2040 4470; x_wconf 64' lang='lat' dir='ltr'><strong>Samma</strong></span> 
     </span>
     <span class='ocr_line' id='line_1_35' title="bbox 554 4495 2042 4619; baseline 0.009 -39"><span class='ocrx_word' id='word_1_273' title='bbox 554 4495 681 4584; x_wconf 84' lang='lat' dir='ltr'><strong>Prae.</strong></span> <span class='ocrx_word' id='word_1_274' title='bbox 721 4500 876 4588; x_wconf 87' lang='lat' dir='ltr'><strong>relata.</strong></span> <span class='ocrx_word' id='word_1_275' title='bbox 917 4501 980 4588; x_wconf 84' lang='lat' dir='ltr'><strong>Ex</strong></span> <span class='ocrx_word' id='word_1_276' title='bbox 1012 4503 1175 4616; x_wconf 82' lang='lat' dir='ltr'><strong>qrribus</strong></span> <span class='ocrx_word' id='word_1_277' title='bbox 1208 4503 1417 4593; x_wconf 87' lang='lat' dir='ltr'><strong>omnihus</strong></span> <span class='ocrx_word' id='word_1_278' title='bbox 1458 4501 1728 4592; x_wconf 83' lang='lat' dir='ltr'><strong>descendere</strong></span> <span class='ocrx_word' id='word_1_279' title='bbox 1751 4517 1870 4594; x_wconf 78' lang='lat' dir='ltr'><strong>reret</strong></span> <span class='ocrx_word' id='word_1_280' title='bbox 1903 4501 2042 4619; x_wconf 74' lang='lat' dir='ltr'><strong>depu-</strong></span> 
     </span>
     <span class='ocr_line' id='line_1_36' title="bbox 553 4617 2040 4738; baseline 0.005 -33"><span class='ocrx_word' id='word_1_281' title='bbox 553 4617 764 4709; x_wconf 87' lang='lat' dir='ltr'><strong>tationem</strong></span> <span class='ocrx_word' id='word_1_282' title='bbox 809 4623 1145 4738; x_wconf 84' lang='lat' dir='ltr'><strong>Capellanorum</strong></span> <span class='ocrx_word' id='word_1_283' title='bbox 1193 4621 1522 4714; x_wconf 85' lang='lat' dir='ltr'><strong>insufficientem</strong></span> <span class='ocrx_word' id='word_1_284' title='bbox 1561 4655 1655 4714; x_wconf 87' lang='lat' dir='ltr'><strong>esse</strong></span> <span class='ocrx_word' id='word_1_285' title='bbox 1700 4624 1755 4714; x_wconf 85' lang='lat' dir='ltr'><strong>ad</strong></span> <span class='ocrx_word' id='word_1_286' title='bbox 1789 4627 2040 4737; x_wconf 65' lang='lat' dir='ltr'><strong>animarent</strong></span> 
     </span>
     <span class='ocr_line' id='line_1_37' title="bbox 505 4744 2034 4854; baseline 0.004 -26"><span class='ocrx_word' id='word_1_287' title='bbox 505 4757 520 4792; x_wconf 68' lang='lat'>²</span> <span class='ocrx_word' id='word_1_288' title='bbox 552 4769 685 4831; x_wconf 85' lang='lat' dir='ltr'><strong>curae</strong></span> <span class='ocrx_word' id='word_1_289' title='bbox 726 4744 1060 4850; x_wconf 63' lang='lat' dir='ltr'><strong>consulendum</strong></span> <span class='ocrx_word' id='word_1_290' title='bbox 1103 4749 1296 4838; x_wconf 83' lang='lat' dir='ltr'><strong>maxime</strong></span> <span class='ocrx_word' id='word_1_291' title='bbox 1317 4747 1354 4836; x_wconf 89' lang='lat' dir='ltr'><strong>si</strong></span> <span class='ocrx_word' id='word_1_292' title='bbox 1387 4747 1649 4837; x_wconf 81' lang='lat' dir='ltr'><strong>amoribiles</strong></span> <span class='ocrx_word' id='word_1_293' title='bbox 1670 4745 1727 4837; x_wconf 88' lang='lat' dir='ltr'><strong>ad</strong></span> <span class='ocrx_word' id='word_1_294' title='bbox 1749 4765 1907 4838; x_wconf 84' lang='lat' dir='ltr'><strong>nuturn</strong></span> <span class='ocrx_word' id='word_1_295' title='bbox 1932 4747 2034 4854; x_wconf 82' lang='lat' dir='ltr'><strong>sint,</strong></span> 
     </span>
     <span class='ocr_line' id='line_1_38' title="bbox 552 4865 2039 4984; baseline 0.01 -36"><span class='ocrx_word' id='word_1_296' title='bbox 552 4865 699 4978; x_wconf 88' lang='lat' dir='ltr'><strong>prouti</strong></span> <span class='ocrx_word' id='word_1_297' title='bbox 739 4867 894 4954; x_wconf 86' lang='lat' dir='ltr'><strong>evinci·</strong></span> <span class='ocrx_word' id='word_1_298' title='bbox 925 4885 1069 4984; x_wconf 85' lang='lat' dir='ltr'><strong>posset</strong></span> <span class='ocrx_word' id='word_1_299' title='bbox 1113 4885 1201 4960; x_wconf 87' lang='lat' dir='ltr'><strong>tarn</strong></span> <span class='ocrx_word' id='word_1_300' title='bbox 1254 4901 1308 4959; x_wconf 84' lang='lat' dir='ltr'><strong>ex</strong></span> <span class='ocrx_word' id='word_1_301' title='bbox 1346 4869 1607 4963; x_wconf 87' lang='lat' dir='ltr'><strong>Tridentino</strong></span> <span class='ocrx_word' id='word_1_302' title='bbox 1656 4870 1957 4960; x_wconf 85' lang='lat' dir='ltr'><strong>demandante</strong></span> <span class='ocrx_word' id='word_1_303' title='bbox 1993 4872 2039 4963; x_wconf 88' lang='lat' dir='ltr'><strong>iu</strong></span> 
     </span>
    </p>
   </div>
   <div class='ocr_carea' id='block_1_2' title="bbox 552 4987 2175 5112">
    <p class='ocr_par' dir='ltr' id='par_1_2' title="bbox 552 4987 2175 5112">
     <span class='ocr_line' id='line_1_39' title="bbox 552 4987 2175 5112; baseline 0.01 -40"><span class='ocrx_word' id='word_1_304' title='bbox 552 5013 648 5074; x_wconf 80' lang='lat' dir='ltr'><strong>rear.</strong></span> <span class='ocrx_word' id='word_1_305' title='bbox 688 4987 749 5074; x_wconf 82' lang='grc'><strong>21</strong></span> <span class='ocrx_word' id='word_1_306' title='bbox 782 5020 877 5104; x_wconf 84' lang='lat' dir='ltr'><strong>cup.</strong></span> <span class='ocrx_word' id='word_1_307' title='bbox 914 4991 973 5078; x_wconf 87' lang='grc'>13</span> <span class='ocrx_word' id='word_1_308' title='bbox 1018 4992 1257 5112; x_wconf 88' lang='lat' dir='ltr'><strong>uuicuique</strong></span> <span class='ocrx_word' id='word_1_309' title='bbox 1289 4995 1518 5110; x_wconf 83' lang='lat' dir='ltr'><strong>paroeciae</strong></span> <span class='ocrx_word' id='word_1_310' title='bbox 1538 4991 1851 5112; x_wconf 77' lang='lat' dir='ltr'><strong>assignandum</strong></span> <span class='ocrx_word' id='word_1_311' title='bbox 1890 5025 2043 5110; x_wconf 85' lang='lat' dir='ltr'><strong>perpe·</strong></span> <span class='ocrx_word' id='word_1_312' title='bbox 2172 5028 2175 5032; x_wconf 77' lang='grc'>’</span> 
     </span>
    </p>
   </div>
   <div class='ocr_carea' id='block_1_3' title="bbox 551 5115 2039 5476">
    <p class='ocr_par' dir='ltr' id='par_1_3' title="bbox 551 5115 2039 5476">
     <span class='ocr_line' id='line_1_40' title="bbox 553 5115 2030 5232; baseline 0.007 -36"><span class='ocrx_word' id='word_1_313' title='bbox 553 5122 679 5196; x_wconf 86' lang='lat' dir='ltr'><strong>tunm</strong></span> <span class='ocrx_word' id='word_1_314' title='bbox 714 5127 950 5214; x_wconf 84' lang='lat' dir='ltr'><strong>rectorem,</strong></span> <span class='ocrx_word' id='word_1_315' title='bbox 981 5143 1111 5232; x_wconf 77' lang='lat' dir='ltr'><strong>quarn</strong></span> <span class='ocrx_word' id='word_1_316' title='bbox 1137 5145 1192 5206; x_wconf 83' lang='lat' dir='ltr'><strong>ex</strong></span> <span class='ocrx_word' id='word_1_317' title='bbox 1214 5116 1393 5204; x_wconf 84' lang='lat' dir='ltr'><strong>Coastil.</strong></span> <span class='ocrx_word' id='word_1_318' title='bbox 1420 5115 1493 5202; x_wconf 87' lang='lat' dir='ltr'><strong>Ad</strong></span> <span class='ocrx_word' id='word_1_319' title='bbox 1518 5115 1794 5232; x_wconf 75' lang='lat' dir='ltr'><strong>exequendam</strong></span> <span class='ocrx_word' id='word_1_320' title='bbox 1818 5120 1866 5210; x_wconf 89' lang='lat' dir='ltr'><strong>S.</strong></span> <span class='ocrx_word' id='word_1_321' title='bbox 1884 5117 1952 5206; x_wconf 93' lang='lat' dir='ltr'><strong>Pii</strong></span> <span class='ocrx_word' id='word_1_322' title='bbox 1977 5119 2030 5206; x_wconf 89' lang='lat' dir='ltr'><strong>V.</strong></span> 
     </span>
     <span class='ocr_line' id='line_1_41' title="bbox 552 5235 2039 5356; baseline 0.011 -42"><span class='ocrx_word' id='word_1_323' title='bbox 552 5246 729 5318; x_wconf 86' lang='lat' dir='ltr'><strong>vetante</strong></span> <span class='ocrx_word' id='word_1_324' title='bbox 764 5235 1024 5326; x_wconf 85' lang='lat' dir='ltr'><strong>amoribiles</strong></span> <span class='ocrx_word' id='word_1_325' title='bbox 1067 5238 1268 5328; x_wconf 88' lang='lat' dir='ltr'><strong>constitui</strong></span> <span class='ocrx_word' id='word_1_326' title='bbox 1304 5237 1521 5342; x_wconf 69' lang='lat' dir='ltr'><strong>alcano,</strong></span> <span class='ocrx_word' id='word_1_327' title='bbox 1565 5255 1697 5356; x_wconf 87' lang='lat' dir='ltr'><strong>atque</strong></span> <span class='ocrx_word' id='word_1_328' title='bbox 1744 5267 1799 5330; x_wconf 83' lang='lat' dir='ltr'><strong>ex</strong></span> <span class='ocrx_word' id='word_1_329' title='bbox 1834 5239 2039 5330; x_wconf 84' lang='lat' dir='ltr'><strong>doctrina</strong></span> 
     </span>
     <span class='ocr_line' id='line_1_42' title="bbox 551 5349 2036 5476; baseline 0.013 -41"><span class='ocrx_word' id='word_1_330' title='bbox 551 5349 687 5466; x_wconf 88' lang='lat' dir='ltr'><strong>ipsius</strong></span> <span class='ocrx_word' id='word_1_331' title='bbox 701 5354 748 5444; x_wconf 92' lang='lat' dir='ltr'><strong>S.</strong></span> <span class='ocrx_word' id='word_1_332' title='bbox 779 5356 1205 5476; x_wconf 71' lang='lat' dir='ltr'><strong>congregationis-in</strong></span> <span class='ocrx_word' id='word_1_333' title='bbox 1228 5362 1500 5451; x_wconf 77' lang='lat' dir='ltr'><strong>Praenestina</strong></span> <span class='ocrx_word' id='word_1_334' title='bbox 1518 5359 1826 5450; x_wconf 83' lang='lat' dir='ltr'><strong>Admiairlrot.</strong></span> <span class='ocrx_word' id='word_1_335' title='bbox 1846 5361 2036 5455; x_wconf 77' lang='lat' dir='ltr'><strong>Sacram.</strong></span> 
     </span>
    </p>
   </div>
   <div class='ocr_carea' id='block_1_4' title="bbox 550 5471 2028 5724">
    <p class='ocr_par' dir='ltr' id='par_1_4' title="bbox 550 5471 2028 5724">
     <span class='ocr_line' id='line_1_43' title="bbox 550 5471 2028 5690; baseline 0.006 -128"><span class='ocrx_word' id='word_1_336' title='bbox 550 5472 614 5562; x_wconf 78' lang='grc'><strong>22</strong></span> <span class='ocrx_word' id='word_1_337' title='bbox 627 5471 945 5690; x_wconf 39' lang='grc' dir='ltr'>111151823ιῖ</span> <span class='ocrx_word' id='word_1_338' title='bbox 976 5483 1129 5622; x_wconf 60' lang='lat' dir='ltr'><strong>lJlura,</strong></span> <span class='ocrx_word' id='word_1_339' title='bbox 1164 5484 1405 5601; x_wconf 73' lang='lat' dir='ltr'><strong>Giapulcna</strong></span> <span class='ocrx_word' id='word_1_340' title='bbox 1434 5483 1793 5577; x_wconf 63' lang='lat' dir='ltr'><strong>mammeldal.</strong></span> <span class='ocrx_word' id='word_1_341' title='bbox 1835 5486 1897 5574; x_wconf 82' lang='lat' dir='ltr'><strong>lt</strong></span> <span class='ocrx_word' id='word_1_342' title='bbox 1933 5485 2028 5573; x_wconf 84' lang='lat' dir='ltr'><strong>Iun.</strong></span> 
     </span>
     <span class='ocr_line' id='line_1_44' title="bbox 554 5593 1072 5724; baseline 0.019 -41"><span class='ocrx_word' id='word_1_343' title='bbox 554 5594 679 5724; x_wconf 69' lang='grc'>1823</span> <span class='ocrx_word' id='word_1_344' title='bbox 712 5593 758 5718; x_wconf 73' lang='lat' dir='ltr'><strong>S.</strong></span> <span class='ocrx_word' id='word_1_345' title='bbox 805 5601 877 5688; x_wconf 74' lang='lat' dir='ltr'><strong>Tra</strong></span> <span class='ocrx_word' id='word_1_346' title='bbox 915 5621 1072 5693; x_wconf 75' lang='lat' dir='ltr'><strong>eatena.</strong></span> 
     </span>
    </p>
   </div>
   <div class='ocr_carea' id='block_1_5' title="bbox 0 0 2284 6340">
    <p class='ocr_par' dir='ltr' id='par_1_5' title="bbox 0 0 2284 6340">
     <span class='ocr_line' id='line_1_45' title="bbox 0 0 2284 6340; baseline 0 1"><span class='ocrx_word' id='word_1_347' title='bbox 0 0 2284 6340; x_wconf 95' lang='lat' dir='ltr'><strong> </strong></span> 
     </span>
    </p>
   </div>
  </div>
 </body>
</html>
