<?xml version="1.0" encoding="UTF-8"?>
<!DOCTYPE html PUBLIC "-//W3C//DTD XHTML 1.0 Transitional//EN"
    "http://www.w3.org/TR/xhtml1/DTD/xhtml1-transitional.dtd">
<html xmlns="http://www.w3.org/1999/xhtml" xml:lang="en" lang="en">
 <head>
  <title>
</title>
<meta http-equiv="Content-Type" content="text/html;charset=utf-8" />
  <meta name='ocr-system' content='tesseract 3.04.00' />
  <meta name='ocr-capabilities' content='ocr_page ocr_carea ocr_par ocr_line ocrx_word'/>
</head>
<body>
  <div class='ocr_page' id='page_1' title='image "./thesaurusresolu00churgoog_0119.png"; bbox 0 0 4516 6318; ppageno 0'>
   <div class='ocr_carea' id='block_1_1' title="bbox 567 349 1618 448">
    <p class='ocr_par' dir='ltr' id='par_1_1' title="bbox 567 349 1618 448">
     <span class='ocr_line' id='line_1_1' title="bbox 567 349 1618 448; baseline 0.013 -16"><span class='ocrx_word' id='word_1_1' title='bbox 567 359 662 448; x_wconf 71' lang='lat'>³108</span> <span class='ocrx_word' id='word_1_2' title='bbox 1005 353 1097 440; x_wconf 70' lang='lat' dir='ltr'>nte</span> <span class='ocrx_word' id='word_1_3' title='bbox 1130 349 1189 438; x_wconf 87' lang='lat' dir='ltr'>t5</span> <span class='ocrx_word' id='word_1_4' title='bbox 1221 349 1447 442; x_wconf 62' lang='lat' dir='ltr'>nutrierit</span> <span class='ocrx_word' id='word_1_5' title='bbox 1478 355 1618 446; x_wconf 71' lang='lat'>4879..</span> 
     </span>
    </p>
   </div>
   <div class='ocr_carea' id='block_1_2' title="bbox 148 618 2083 5649">
    <p class='ocr_par' dir='ltr' id='par_1_2' title="bbox 148 618 2083 5649">
     <span class='ocr_line' id='line_1_2' title="bbox 148 618 2070 826; baseline 0.001 -2"><span class='ocrx_word' id='word_1_6' title='bbox 148 733 254 824; x_wconf 74' lang='lat' dir='ltr'>seu.</span> <span class='ocrx_word' id='word_1_7' title='bbox 279 733 341 822; x_wconf 76' lang='lat'>22</span> <span class='ocrx_word' id='word_1_8' title='bbox 366 731 534 822; x_wconf 86' lang='lat' dir='ltr'>Decret.</span> <span class='ocrx_word' id='word_1_9' title='bbox 701 618 1069 819; x_wconf 75' lang='lat' dir='ltr'>VlTERBIEN.</span> <span class='ocrx_word' id='word_1_10' title='bbox 1098 721 1295 812; x_wconf 83' lang='lat' dir='ltr'><strong>MISSAE</strong></span> <span class='ocrx_word' id='word_1_11' title='bbox 1318 723 1768 819; x_wconf 82' lang='lat' dir='ltr'>CONVENTUALlS.</span> <span class='ocrx_word' id='word_1_12' title='bbox 1790 771 1822 802; x_wconf 90' lang='lat'>=</span> <span class='ocrx_word' id='word_1_13' title='bbox 1839 731 1886 814; x_wconf 91' lang='lat' dir='ltr'>ln</span> <span class='ocrx_word' id='word_1_14' title='bbox 1911 729 2070 826; x_wconf 88' lang='lat' dir='ltr'>Cathe-</span> 
     </span>
     <span class='ocr_line' id='line_1_3' title="bbox 151 845 2068 967; baseline 0 -22"><span class='ocrx_word' id='word_1_15' title='bbox 151 857 204 944; x_wconf 80' lang='lat' dir='ltr'>‹le</span> <span class='ocrx_word' id='word_1_16' title='bbox 237 855 469 944; x_wconf 75' lang='lat' dir='ltr'>observant.</span> <span class='ocrx_word' id='word_1_17' title='bbox 496 869 534 942; x_wconf 87' lang='lat' dir='ltr'>ct</span> <span class='ocrx_word' id='word_1_18' title='bbox 564 853 678 942; x_wconf 89' lang='lat' dir='ltr'>drali</span> <span class='ocrx_word' id='word_1_19' title='bbox 713 851 903 939; x_wconf 80' lang='lat' dir='ltr'>Ecclesia</span> <span class='ocrx_word' id='word_1_20' title='bbox 929 846 1176 935; x_wconf 90' lang='lat' dir='ltr'>Viterbien.</span> <span class='ocrx_word' id='word_1_21' title='bbox 1202 845 1291 934; x_wconf 90' lang='lat' dir='ltr'>duo</span> <span class='ocrx_word' id='word_1_22' title='bbox 1314 846 1573 935; x_wconf 89' lang='lat' dir='ltr'>clericorum</span> <span class='ocrx_word' id='word_1_23' title='bbox 1599 849 1792 967; x_wconf 82' lang='lat' dir='ltr'>Collegia</span> <span class='ocrx_word' id='word_1_24' title='bbox 1820 868 1972 942; x_wconf 83' lang='lat' dir='ltr'>extant</span> <span class='ocrx_word' id='word_1_25' title='bbox 2008 862 2068 950; x_wconf 90' lang='lat' dir='ltr'>ad</span> 
     </span>
     <span class='ocr_line' id='line_1_4' title="bbox 153 969 2069 1098; baseline 0 -28"><span class='ocrx_word' id='word_1_26' title='bbox 153 981 253 1070; x_wconf 82' lang='lat' dir='ltr'>evit.</span> <span class='ocrx_word' id='word_1_27' title='bbox 316 981 362 1067; x_wconf 87' lang='lat' dir='ltr'>in</span> <span class='ocrx_word' id='word_1_28' title='bbox 408 977 529 1070; x_wconf 83' lang='lat' dir='ltr'><strong><em>celeb.</em></strong></span> <span class='ocrx_word' id='word_1_29' title='bbox 566 973 822 1094; x_wconf 83' lang='lat' dir='ltr'>quotidiana</span> <span class='ocrx_word' id='word_1_30' title='bbox 845 971 983 1059; x_wconf 90' lang='lat' dir='ltr'>divini</span> <span class='ocrx_word' id='word_1_31' title='bbox 1008 973 1151 1058; x_wconf 88' lang='lat' dir='ltr'>cultus</span> <span class='ocrx_word' id='word_1_32' title='bbox 1174 969 1379 1058; x_wconf 90' lang='lat' dir='ltr'>obeunda</span> <span class='ocrx_word' id='word_1_33' title='bbox 1403 1000 1603 1075; x_wconf 89' lang='lat' dir='ltr'>munera,</span> <span class='ocrx_word' id='word_1_34' title='bbox 1635 973 1956 1063; x_wconf 90' lang='lat' dir='ltr'>Canonicorum</span> <span class='ocrx_word' id='word_1_35' title='bbox 1979 983 2069 1098; x_wconf 90' lang='lat' dir='ltr'>pri-</span> 
     </span>
     <span class='ocr_line' id='line_1_5' title="bbox 151 1091 1720 1213; baseline -0.006 -20"><span class='ocrx_word' id='word_1_36' title='bbox 151 1103 272 1193; x_wconf 75' lang='lat' dir='ltr'>Min.</span> <span class='ocrx_word' id='word_1_37' title='bbox 570 1128 709 1198; x_wconf 91' lang='lat' dir='ltr'>mum,</span> <span class='ocrx_word' id='word_1_38' title='bbox 746 1095 1082 1213; x_wconf 89' lang='lat' dir='ltr'>Capellanornm</span> <span class='ocrx_word' id='word_1_39' title='bbox 1118 1091 1484 1180; x_wconf 86' lang='lat' dir='ltr'>beneficiatorum</span> <span class='ocrx_word' id='word_1_40' title='bbox 1516 1095 1720 1184; x_wconf 90' lang='lat' dir='ltr'>alterum.</span> 
     </span>
     <span class='ocr_line' id='line_1_6' title="bbox 585 1215 2066 1336; baseline 0.009 -30"><span class='ocrx_word' id='word_1_41' title='bbox 585 1271 589 1282; x_wconf 90' lang='lat'><strong>·</strong></span> <span class='ocrx_word' id='word_1_42' title='bbox 697 1220 813 1307; x_wconf 86' lang='lat' dir='ltr'>Licet</span> <span class='ocrx_word' id='word_1_43' title='bbox 832 1217 1069 1335; x_wconf 91' lang='lat' dir='ltr'>unicuique</span> <span class='ocrx_word' id='word_1_44' title='bbox 1087 1247 1139 1302; x_wconf 85' lang='lat' dir='ltr'>ex</span> <span class='ocrx_word' id='word_1_45' title='bbox 1165 1215 1371 1330; x_wconf 87' lang='lat' dir='ltr'>praelatis</span> <span class='ocrx_word' id='word_1_46' title='bbox 1388 1218 1595 1334; x_wconf 79' lang='lat' dir='ltr'>Collegiis</span> <span class='ocrx_word' id='word_1_47' title='bbox 1626 1219 1743 1307; x_wconf 93' lang='lat' dir='ltr'>idem</span> <span class='ocrx_word' id='word_1_48' title='bbox 1780 1225 2066 1336; x_wconf 87' lang='lat' dir='ltr'>praestitutus</span> 
     </span>
     <span class='ocr_line' id='line_1_7' title="bbox 571 1339 2066 1467; baseline 0.003 -35"><span class='ocrx_word' id='word_1_49' title='bbox 571 1343 625 1432; x_wconf 92' lang='lat' dir='ltr'>sit</span> <span class='ocrx_word' id='word_1_50' title='bbox 648 1343 761 1444; x_wconf 85' lang='lat' dir='ltr'>linis,</span> <span class='ocrx_word' id='word_1_51' title='bbox 801 1343 916 1430; x_wconf 89' lang='lat' dir='ltr'>idest</span> <span class='ocrx_word' id='word_1_52' title='bbox 939 1342 1084 1427; x_wconf 91' lang='lat' dir='ltr'>Deum</span> <span class='ocrx_word' id='word_1_53' title='bbox 1111 1339 1271 1453; x_wconf 82' lang='lat' dir='ltr'>iugiter</span> <span class='ocrx_word' id='word_1_54' title='bbox 1293 1339 1335 1424; x_wconf 93' lang='lat' dir='ltr'>in</span> <span class='ocrx_word' id='word_1_55' title='bbox 1363 1339 1455 1428; x_wconf 90' lang='lat' dir='ltr'>loco</span> <span class='ocrx_word' id='word_1_56' title='bbox 1479 1361 1627 1431; x_wconf 89' lang='lat' dir='ltr'>sancto</span> <span class='ocrx_word' id='word_1_57' title='bbox 1645 1341 1912 1448; x_wconf 83' lang='lat' dir='ltr'>collaudare,</span> <span class='ocrx_word' id='word_1_58' title='bbox 1935 1349 2066 1467; x_wconf 87' lang='lat' dir='ltr'>eique</span> 
     </span>
     <span class='ocr_line' id='line_1_8' title="bbox 570 1461 2063 1587; baseline 0.005 -33"><span class='ocrx_word' id='word_1_59' title='bbox 570 1467 693 1554; x_wconf 90' lang='lat' dir='ltr'>statis</span> <span class='ocrx_word' id='word_1_60' title='bbox 728 1467 844 1554; x_wconf 89' lang='lat' dir='ltr'>horis</span> <span class='ocrx_word' id='word_1_61' title='bbox 882 1466 923 1551; x_wconf 93' lang='lat' dir='ltr'>in</span> <span class='ocrx_word' id='word_1_62' title='bbox 958 1463 1122 1578; x_wconf 83' lang='lat' dir='ltr'>templo</span> <span class='ocrx_word' id='word_1_63' title='bbox 1141 1461 1288 1548; x_wconf 78' lang='lat' dir='ltr'>dicere</span> <span class='ocrx_word' id='word_1_64' title='bbox 1312 1461 1514 1577; x_wconf 78' lang='lat' dir='ltr'>gloriam,</span> <span class='ocrx_word' id='word_1_65' title='bbox 1538 1465 1887 1587; x_wconf 89' lang='lat' dir='ltr'>unumquodque</span> <span class='ocrx_word' id='word_1_66' title='bbox 1914 1488 2063 1562; x_wconf 88' lang='lat' dir='ltr'>tamen</span> 
     </span>
     <span class='ocr_line' id='line_1_9' title="bbox 572 1581 2065 1711; baseline 0.003 -32"><span class='ocrx_word' id='word_1_67' title='bbox 572 1591 735 1679; x_wconf 87' lang='lat' dir='ltr'>nedum</span> <span class='ocrx_word' id='word_1_68' title='bbox 762 1590 887 1676; x_wconf 90' lang='lat' dir='ltr'>bonis</span> <span class='ocrx_word' id='word_1_69' title='bbox 909 1605 1039 1703; x_wconf 91' lang='lat' dir='ltr'>atque</span> <span class='ocrx_word' id='word_1_70' title='bbox 1063 1584 1458 1682; x_wconf 66' lang='lat' dir='ltr'>administratione,</span> <span class='ocrx_word' id='word_1_71' title='bbox 1486 1587 1563 1676; x_wconf 91' lang='lat' dir='ltr'>sed</span> <span class='ocrx_word' id='word_1_72' title='bbox 1587 1592 1903 1679; x_wconf 85' lang='lat' dir='ltr'>etrnuueribus</span> <span class='ocrx_word' id='word_1_73' title='bbox 1921 1626 1945 1694; x_wconf 87' lang='lat' dir='ltr'>a</span> <span class='ocrx_word' id='word_1_74' title='bbox 1964 1581 2065 1711; x_wconf 79' lang='lat' dir='ltr'>pri-</span> 
     </span>
     <span class='ocr_line' id='line_1_10' title="bbox 571 1707 1920 1830; baseline 0.001 -30"><span class='ocrx_word' id='word_1_75' title='bbox 571 1745 640 1800; x_wconf 87' lang='lat' dir='ltr'>mu</span> <span class='ocrx_word' id='word_1_76' title='bbox 667 1715 760 1828; x_wconf 82' lang='lat' dir='ltr'>ipsa</span> <span class='ocrx_word' id='word_1_77' title='bbox 789 1711 1050 1798; x_wconf 84' lang='lat' dir='ltr'>institutione</span> <span class='ocrx_word' id='word_1_78' title='bbox 1081 1707 1258 1824; x_wconf 88' lang='lat' dir='ltr'>penitus</span> <span class='ocrx_word' id='word_1_79' title='bbox 1289 1707 1572 1827; x_wconf 69' lang='lat' dir='ltr'>distinguitur</span> <span class='ocrx_word' id='word_1_80' title='bbox 1598 1742 1647 1799; x_wconf 87' lang='lat' dir='ltr'>ac</span> <span class='ocrx_word' id='word_1_81' title='bbox 1677 1730 1920 1830; x_wconf 88' lang='lat' dir='ltr'>separatur.</span> 
     </span>
     <span class='ocr_line' id='line_1_11' title="bbox 696 1831 2065 1948; baseline 0.007 -27"><span class='ocrx_word' id='word_1_82' title='bbox 696 1835 852 1948; x_wconf 85' lang='lat' dir='ltr'>Quoad</span> <span class='ocrx_word' id='word_1_83' title='bbox 879 1865 981 1920; x_wconf 91' lang='lat' dir='ltr'>vero</span> <span class='ocrx_word' id='word_1_84' title='bbox 1010 1831 1161 1919; x_wconf 86' lang='lat' dir='ltr'>Missae</span> <span class='ocrx_word' id='word_1_85' title='bbox 1186 1831 1501 1921; x_wconf 86' lang='lat' dir='ltr'>Conventualis</span> <span class='ocrx_word' id='word_1_86' title='bbox 1524 1866 1632 1923; x_wconf 91' lang='lat' dir='ltr'>onus</span> <span class='ocrx_word' id='word_1_87' title='bbox 1654 1836 1879 1924; x_wconf 90' lang='lat' dir='ltr'>sciendum</span> <span class='ocrx_word' id='word_1_88' title='bbox 1916 1860 1982 1928; x_wconf 84' lang='lat' dir='ltr'>est</span> <span class='ocrx_word' id='word_1_89' title='bbox 2005 1844 2065 1931; x_wconf 89' lang='lat' dir='ltr'>ab</span> 
     </span>
     <span class='ocr_line' id='line_1_12' title="bbox 572 1954 2064 2076; baseline 0.005 -30"><span class='ocrx_word' id='word_1_90' title='bbox 572 1957 949 2076; x_wconf 84' lang='lat' dir='ltr'>ipsuCatbcdralis</span> <span class='ocrx_word' id='word_1_91' title='bbox 983 1954 1242 2042; x_wconf 83' lang='lat' dir='ltr'>fundatione</span> <span class='ocrx_word' id='word_1_92' title='bbox 1260 1954 1627 2046; x_wconf 88' lang='lat' dir='ltr'>solosCanonicos</span> <span class='ocrx_word' id='word_1_93' title='bbox 1649 1959 1930 2074; x_wconf 79' lang='lat' dir='ltr'>presbyteros</span> <span class='ocrx_word' id='word_1_94' title='bbox 1952 1965 2064 2054; x_wconf 94' lang='lat' dir='ltr'>illud</span> 
     </span>
     <span class='ocr_line' id='line_1_13' title="bbox 572 2078 2066 2202; baseline 0.007 -34"><span class='ocrx_word' id='word_1_95' title='bbox 572 2115 787 2202; x_wconf 81' lang='lat' dir='ltr'>gravasse.</span> <span class='ocrx_word' id='word_1_96' title='bbox 820 2078 1044 2197; x_wconf 80' lang='lat' dir='ltr'>Capeliani</span> <span class='ocrx_word' id='word_1_97' title='bbox 1078 2078 1194 2166; x_wconf 90' lang='lat' dir='ltr'>cuim</span> <span class='ocrx_word' id='word_1_98' title='bbox 1224 2079 1368 2166; x_wconf 91' lang='lat' dir='ltr'>Missas</span> <span class='ocrx_word' id='word_1_99' title='bbox 1390 2095 1549 2166; x_wconf 91' lang='lat' dir='ltr'>statuta</span> <span class='ocrx_word' id='word_1_100' title='bbox 1578 2081 1758 2168; x_wconf 84' lang='lat' dir='ltr'>cuilibet¹</span> <span class='ocrx_word' id='word_1_101' title='bbox 1783 2083 2066 2178; x_wconf 87' lang='lat' dir='ltr'>hebdomada</span> 
     </span>
     <span class='ocr_line' id='line_1_14' title="bbox 572 2199 2064 2323; baseline 0.006 -31"><span class='ocrx_word' id='word_1_102' title='bbox 572 2207 952 2304; x_wconf 88' lang='lat' dir='ltr'>modulabantur,</span> <span class='ocrx_word' id='word_1_103' title='bbox 990 2219 1033 2289; x_wconf 92' lang='lat' dir='ltr'>et</span> <span class='ocrx_word' id='word_1_104' title='bbox 1066 2201 1110 2287; x_wconf 92' lang='lat' dir='ltr'>in</span> <span class='ocrx_word' id='word_1_105' title='bbox 1147 2201 1392 2288; x_wconf 88' lang='lat' dir='ltr'>minoribus</span> <span class='ocrx_word' id='word_1_106' title='bbox 1423 2199 1733 2292; x_wconf 82' lang='lat' dir='ltr'>festivitatibus</span> <span class='ocrx_word' id='word_1_107' title='bbox 1757 2207 1994 2323; x_wconf 86' lang='lat' dir='ltr'>Epistolum</span> <span class='ocrx_word' id='word_1_108' title='bbox 2020 2231 2064 2300; x_wconf 92' lang='lat' dir='ltr'>et</span> 
     </span>
     <span class='ocr_line' id='line_1_15' title="bbox 571 2323 2060 2445; baseline 0.004 -28"><span class='ocrx_word' id='word_1_109' title='bbox 571 2328 864 2445; x_wconf 81' lang='lat' dir='ltr'>Evangelium</span> <span class='ocrx_word' id='word_1_110' title='bbox 897 2324 1111 2415; x_wconf 86' lang='lat' dir='ltr'>cantaturi</span> <span class='ocrx_word' id='word_1_111' title='bbox 1146 2323 1376 2412; x_wconf 89' lang='lat' dir='ltr'>Canonicis</span> <span class='ocrx_word' id='word_1_112' title='bbox 1408 2327 1735 2416; x_wconf 88' lang='lat' dir='ltr'>celebrantibus</span> <span class='ocrx_word' id='word_1_113' title='bbox 1770 2330 2060 2423; x_wconf 88' lang='lat' dir='ltr'>adsistebant.</span> 
     </span>
     <span class='ocr_line' id='line_1_16' title="bbox 571 2447 2064 2576; baseline 0.005 -37"><span class='ocrx_word' id='word_1_114' title='bbox 571 2456 698 2540; x_wconf 90' lang='lat' dir='ltr'>Patet</span> <span class='ocrx_word' id='word_1_115' title='bbox 734 2451 777 2538; x_wconf 91' lang='lat' dir='ltr'>id</span> <span class='ocrx_word' id='word_1_116' title='bbox 813 2481 866 2538; x_wconf 85' lang='lat' dir='ltr'>ex</span> <span class='ocrx_word' id='word_1_117' title='bbox 901 2447 1203 2538; x_wconf 86' lang='lat' dir='ltr'>vetustissimis</span> <span class='ocrx_word' id='word_1_118' title='bbox 1237 2449 1534 2536; x_wconf 90' lang='lat' dir='ltr'>monumentis</span> <span class='ocrx_word' id='word_1_119' title='bbox 1557 2469 1600 2539; x_wconf 95' lang='lat' dir='ltr'>et</span> <span class='ocrx_word' id='word_1_120' title='bbox 1626 2454 1881 2568; x_wconf 87' lang='lat' dir='ltr'>praesertim</span> <span class='ocrx_word' id='word_1_121' title='bbox 1907 2485 1964 2543; x_wconf 83' lang='lat' dir='ltr'>ex</span> <span class='ocrx_word' id='word_1_122' title='bbox 1987 2461 2064 2576; x_wconf 86' lang='lat' dir='ltr'>Sy·</span> 
     </span>
     <span class='ocr_line' id='line_1_17' title="bbox 570 2571 2064 2690; baseline 0.005 -30"><span class='ocrx_word' id='word_1_123' title='bbox 570 2575 686 2662; x_wconf 91' lang='lat' dir='ltr'>uodo</span> <span class='ocrx_word' id='word_1_124' title='bbox 735 2576 831 2660; x_wconf 75' lang='lat' dir='ltr'>Emi</span> <span class='ocrx_word' id='word_1_125' title='bbox 882 2571 1082 2690; x_wconf 85' lang='lat' dir='ltr'>Episcopi</span> <span class='ocrx_word' id='word_1_126' title='bbox 1132 2572 1242 2657; x_wconf 92' lang='lat' dir='ltr'>Muti</span> <span class='ocrx_word' id='word_1_127' title='bbox 1293 2603 1408 2658; x_wconf 77' lang='lat' dir='ltr'>aurio</span> <span class='ocrx_word' id='word_1_128' title='bbox 1460 2573 1581 2660; x_wconf 77' lang='lat' dir='ltr'>tsstt</span> <span class='ocrx_word' id='word_1_129' title='bbox 1621 2575 1856 2678; x_wconf 86' lang='lat' dir='ltr'>celebrata,</span> <span class='ocrx_word' id='word_1_130' title='bbox 1898 2580 1974 2667; x_wconf 93' lang='lat' dir='ltr'>ubi</span> <span class='ocrx_word' id='word_1_131' title='bbox 2017 2584 2064 2667; x_wconf 90' lang='lat' dir='ltr'>in</span> 
     </span>
     <span class='ocr_line' id='line_1_18' title="bbox 567 2695 2068 2814; baseline 0.003 -29"><span class='ocrx_word' id='word_1_132' title='bbox 567 2698 676 2814; x_wconf 88' lang='lat' dir='ltr'>Cap.</span> <span class='ocrx_word' id='word_1_133' title='bbox 716 2699 842 2783; x_wconf 84' lang='lat' dir='ltr'>XXV</span> <span class='ocrx_word' id='word_1_134' title='bbox 878 2697 982 2783; x_wconf 88' lang='lat' dir='ltr'>baec</span> <span class='ocrx_word' id='word_1_135' title='bbox 1016 2696 1234 2810; x_wconf 78' lang='lat' dir='ltr'>leguntur:</span> <span class='ocrx_word' id='word_1_136' title='bbox 1265 2733 1282 2770; x_wconf 73' lang='lat' dir='ltr'>r</span> <span class='ocrx_word' id='word_1_137' title='bbox 1314 2695 1384 2782; x_wconf 84' lang='lat' dir='ltr'>Ad</span> <span class='ocrx_word' id='word_1_138' title='bbox 1422 2695 1704 2812; x_wconf 82' lang='lat' dir='ltr'>presbyteros</span> <span class='ocrx_word' id='word_1_139' title='bbox 1749 2700 1896 2788; x_wconf 86' lang='lat' dir='ltr'>Missas</span> <span class='ocrx_word' id='word_1_140' title='bbox 1944 2707 2068 2794; x_wconf 90' lang='lat' dir='ltr'>Con-</span> 
     </span>
     <span class='ocr_line' id='line_1_19' title="bbox 573 2817 2067 2926; baseline 0.009 -26"><span class='ocrx_word' id='word_1_141' title='bbox 573 2860 590 2900; x_wconf 78' lang='lat'><strong>«</strong></span> <span class='ocrx_word' id='word_1_142' title='bbox 631 2822 874 2920; x_wconf 77' lang='lat' dir='ltr'>ventualeS,</span> <span class='ocrx_word' id='word_1_143' title='bbox 913 2817 969 2906; x_wconf 91' lang='lat' dir='ltr'>ad</span> <span class='ocrx_word' id='word_1_144' title='bbox 1003 2819 1218 2906; x_wconf 89' lang='lat' dir='ltr'>Diaconos</span> <span class='ocrx_word' id='word_1_145' title='bbox 1250 2833 1294 2902; x_wconf 92' lang='lat' dir='ltr'>et</span> <span class='ocrx_word' id='word_1_146' title='bbox 1334 2817 1636 2908; x_wconf 83' lang='lat' dir='ltr'>Subdiaconns</span> <span class='ocrx_word' id='word_1_147' title='bbox 1670 2821 1931 2926; x_wconf 90' lang='lat' dir='ltr'>Canonicos,</span> <span class='ocrx_word' id='word_1_148' title='bbox 1972 2858 2067 2915; x_wconf 85' lang='lat' dir='ltr'>no-</span> 
     </span>
     <span class='ocr_line' id='line_1_20' title="bbox 574 2939 2064 3062; baseline 0.005 -31"><span class='ocrx_word' id='word_1_149' title='bbox 574 2986 591 3022; x_wconf 82' lang='grc' dir='ltr'>ι</span> <span class='ocrx_word' id='word_1_150' title='bbox 631 2945 700 3032; x_wconf 92' lang='lat' dir='ltr'>bis</span> <span class='ocrx_word' id='word_1_151' title='bbox 733 2941 1091 3042; x_wconf 82' lang='lat' dir='ltr'>celebrantibuS,</span> <span class='ocrx_word' id='word_1_152' title='bbox 1130 2971 1179 3028; x_wconf 89' lang='lat' dir='ltr'>ac</span> <span class='ocrx_word' id='word_1_153' title='bbox 1214 2941 1255 3025; x_wconf 92' lang='lat' dir='ltr'>in</span> <span class='ocrx_word' id='word_1_154' title='bbox 1293 2939 1556 3028; x_wconf 87' lang='lat' dir='ltr'>Prioralibus</span> <span class='ocrx_word' id='word_1_155' title='bbox 1591 2941 1706 3031; x_wconf 88' lang='lat' dir='ltr'>lestis</span> <span class='ocrx_word' id='word_1_156' title='bbox 1742 2946 1979 3062; x_wconf 85' lang='lat' dir='ltr'>Epistolum</span> <span class='ocrx_word' id='word_1_157' title='bbox 2019 2965 2064 3038; x_wconf 90' lang='lat' dir='ltr'>et</span> 
     </span>
     <span class='ocr_line' id='line_1_21' title="bbox 573 3064 2064 3184; baseline 0.011 -37"><span class='ocrx_word' id='word_1_158' title='bbox 573 3107 591 3147; x_wconf 82' lang='lat'><em>‹</em></span> <span class='ocrx_word' id='word_1_159' title='bbox 632 3067 917 3184; x_wconf 78' lang='lat' dir='ltr'>Evangeliurn</span> <span class='ocrx_word' id='word_1_160' title='bbox 952 3064 1155 3152; x_wconf 86' lang='lat' dir='ltr'>cantandi</span> <span class='ocrx_word' id='word_1_161' title='bbox 1190 3093 1353 3150; x_wconf 89' lang='lat' dir='ltr'>munus</span> <span class='ocrx_word' id='word_1_162' title='bbox 1388 3065 1619 3153; x_wconf 84' lang='lat' dir='ltr'>incumbit.</span> <span class='ocrx_word' id='word_1_163' title='bbox 1657 3068 1885 3184; x_wconf 87' lang='lat' dir='ltr'>Capellani</span> <span class='ocrx_word' id='word_1_164' title='bbox 1912 3073 2064 3162; x_wconf 89' lang='lat' dir='ltr'>Missas</span> 
     </span>
     <span class='ocr_line' id='line_1_22' title="bbox 572 3186 2059 3293; baseline 0.003 -15"><span class='ocrx_word' id='word_1_165' title='bbox 572 3229 589 3269; x_wconf 72' lang='grc' dir='ltr'><strong><em>ι</em></strong></span> <span class='ocrx_word' id='word_1_166' title='bbox 632 3191 736 3278; x_wconf 90' lang='lat' dir='ltr'>item</span> <span class='ocrx_word' id='word_1_167' title='bbox 772 3203 928 3277; x_wconf 88' lang='lat' dir='ltr'>statuta</span> <span class='ocrx_word' id='word_1_168' title='bbox 961 3187 1142 3276; x_wconf 86' lang='lat' dir='ltr'>cuilibet</span> <span class='ocrx_word' id='word_1_169' title='bbox 1180 3186 1462 3276; x_wconf 87' lang='lat' dir='ltr'>bebdomada</span> <span class='ocrx_word' id='word_1_170' title='bbox 1489 3189 1788 3293; x_wconf 89' lang='lat' dir='ltr'>modulentur,</span> <span class='ocrx_word' id='word_1_171' title='bbox 1835 3210 1880 3280; x_wconf 90' lang='lat' dir='ltr'>et</span> <span class='ocrx_word' id='word_1_172' title='bbox 1912 3196 2059 3283; x_wconf 86' lang='lat' dir='ltr'>Cano-</span> 
     </span>
     <span class='ocr_line' id='line_1_23' title="bbox 574 3309 2060 3408; baseline 0.005 -8"><span class='ocrx_word' id='word_1_173' title='bbox 574 3355 590 3390; x_wconf 78' lang='lat'><strong>«</strong></span> <span class='ocrx_word' id='word_1_174' title='bbox 633 3313 739 3400; x_wconf 90' lang='lat' dir='ltr'>uicis</span> <span class='ocrx_word' id='word_1_175' title='bbox 774 3313 817 3398; x_wconf 93' lang='lat' dir='ltr'>in</span> <span class='ocrx_word' id='word_1_176' title='bbox 854 3309 1096 3398; x_wconf 88' lang='lat' dir='ltr'>minoribus</span> <span class='ocrx_word' id='word_1_177' title='bbox 1131 3309 1432 3397; x_wconf 80' lang='lat' dir='ltr'>festivitatibus</span> <span class='ocrx_word' id='word_1_178' title='bbox 1453 3311 1676 3400; x_wconf 82' lang='lat' dir='ltr'>Missurum</span> <span class='ocrx_word' id='word_1_179' title='bbox 1697 3313 1908 3402; x_wconf 91' lang='lat' dir='ltr'>solemnia</span> <span class='ocrx_word' id='word_1_180' title='bbox 1942 3320 2060 3408; x_wconf 82' lang='lat' dir='ltr'>cele-</span> 
     </span>
     <span class='ocr_line' id='line_1_24' title="bbox 573 3435 2061 3551; baseline 0.003 -28"><span class='ocrx_word' id='word_1_181' title='bbox 573 3478 590 3514; x_wconf 80' lang='lat'><strong>«</strong></span> <span class='ocrx_word' id='word_1_182' title='bbox 630 3435 859 3523; x_wconf 87' lang='lat' dir='ltr'>brantibus</span> <span class='ocrx_word' id='word_1_183' title='bbox 892 3435 1128 3551; x_wconf 86' lang='lat' dir='ltr'>Epistulam</span> <span class='ocrx_word' id='word_1_184' title='bbox 1164 3449 1207 3522; x_wconf 93' lang='lat' dir='ltr'>et</span> <span class='ocrx_word' id='word_1_185' title='bbox 1241 3435 1527 3551; x_wconf 79' lang='lat' dir='ltr'>Evangelium</span> <span class='ocrx_word' id='word_1_186' title='bbox 1564 3437 1780 3526; x_wconf 85' lang='lat' dir='ltr'>cantaturi</span> <span class='ocrx_word' id='word_1_187' title='bbox 1821 3439 1964 3530; x_wconf 89' lang='lat' dir='ltr'>tunica</span> <span class='ocrx_word' id='word_1_188' title='bbox 2018 3457 2061 3530; x_wconf 93' lang='lat' dir='ltr'>et</span> 
     </span>
     <span class='ocr_line' id='line_1_25' title="bbox 570 3555 2059 3675; baseline 0.004 -30"><span class='ocrx_word' id='word_1_189' title='bbox 570 3598 588 3640; x_wconf 70' lang='grc' dir='ltr'><strong><em>ι</em></strong></span> <span class='ocrx_word' id='word_1_190' title='bbox 627 3560 872 3647; x_wconf 86' lang='lat' dir='ltr'>Dalmatica</span> <span class='ocrx_word' id='word_1_191' title='bbox 905 3558 1115 3645; x_wconf 83' lang='lat' dir='ltr'>adsistant</span> <span class='ocrx_word' id='word_1_192' title='bbox 1150 3555 1306 3643; x_wconf 91' lang='lat' dir='ltr'>induti.</span> <span class='ocrx_word' id='word_1_193' title='bbox 1350 3599 1366 3634; x_wconf 85' lang='lat'><strong>»</strong></span> <span class='ocrx_word' id='word_1_194' title='bbox 1406 3559 1585 3675; x_wconf 90' lang='lat' dir='ltr'>Synodo</span> <span class='ocrx_word' id='word_1_195' title='bbox 1620 3577 1766 3648; x_wconf 86' lang='lat' dir='ltr'>autern</span> <span class='ocrx_word' id='word_1_196' title='bbox 1805 3563 1905 3647; x_wconf 92' lang='lat' dir='ltr'>Muti</span> <span class='ocrx_word' id='word_1_197' title='bbox 1941 3596 2059 3651; x_wconf 90' lang='lat' dir='ltr'>con-</span> 
     </span>
     <span class='ocr_line' id='line_1_26' title="bbox 563 3680 2053 3797; baseline 0.003 -24"><span class='ocrx_word' id='word_1_198' title='bbox 563 3683 670 3773; x_wconf 90' lang='lat' dir='ltr'>cinit</span> <span class='ocrx_word' id='word_1_199' title='bbox 702 3701 746 3770; x_wconf 89' lang='lat' dir='ltr'>et</span> <span class='ocrx_word' id='word_1_200' title='bbox 790 3683 924 3770; x_wconf 88' lang='lat' dir='ltr'>altera</span> <span class='ocrx_word' id='word_1_201' title='bbox 948 3681 1153 3796; x_wconf 88' lang='lat' dir='ltr'>Synodus</span> <span class='ocrx_word' id='word_1_202' title='bbox 1186 3680 1282 3766; x_wconf 77' lang='lat' dir='ltr'>Erbi</span> <span class='ocrx_word' id='word_1_203' title='bbox 1322 3681 1522 3797; x_wconf 88' lang='lat' dir='ltr'>Episcopi</span> <span class='ocrx_word' id='word_1_204' title='bbox 1547 3683 1766 3774; x_wconf 78' lang='lat' dir='ltr'>Branmtii</span> <span class='ocrx_word' id='word_1_205' title='bbox 1790 3685 1892 3771; x_wconf 88' lang='lat' dir='ltr'>anni</span> <span class='ocrx_word' id='word_1_206' title='bbox 1914 3687 2053 3776; x_wconf 85' lang='lat' dir='ltr'>l659.</span> 
     </span>
     <span class='ocr_line' id='line_1_27' title="bbox 688 3805 2055 3928; baseline 0.005 -35"><span class='ocrx_word' id='word_1_207' title='bbox 688 3809 774 3894; x_wconf 87' lang='lat' dir='ltr'>Nec</span> <span class='ocrx_word' id='word_1_208' title='bbox 806 3807 947 3893; x_wconf 90' lang='lat' dir='ltr'>solum</span> <span class='ocrx_word' id='word_1_209' title='bbox 1005 3823 1150 3890; x_wconf 90' lang='lat' dir='ltr'>vetera</span> <span class='ocrx_word' id='word_1_210' title='bbox 1204 3821 1493 3892; x_wconf 88' lang='lat' dir='ltr'>monumenta</span> <span class='ocrx_word' id='word_1_211' title='bbox 1539 3825 1754 3896; x_wconf 87' lang='lat' dir='ltr'>testentur</span> <span class='ocrx_word' id='word_1_212' title='bbox 1794 3805 1852 3894; x_wconf 84' lang='lat' dir='ltr'>ad</span> <span class='ocrx_word' id='word_1_213' title='bbox 1896 3811 2055 3928; x_wconf 85' lang='lat' dir='ltr'>Capel-</span> 
     </span>
     <span class='ocr_line' id='line_1_28' title="bbox 563 3927 2056 4048; baseline 0.005 -32"><span class='ocrx_word' id='word_1_214' title='bbox 563 3929 684 4018; x_wconf 90' lang='lat' dir='ltr'>lanos</span> <span class='ocrx_word' id='word_1_215' title='bbox 717 3929 942 4016; x_wconf 87' lang='lat' dir='ltr'>Missurum</span> <span class='ocrx_word' id='word_1_216' title='bbox 983 3927 1348 4015; x_wconf 88' lang='lat' dir='ltr'>Conventualium</span> <span class='ocrx_word' id='word_1_217' title='bbox 1389 3959 1500 4016; x_wconf 91' lang='lat' dir='ltr'>onus</span> <span class='ocrx_word' id='word_1_218' title='bbox 1532 3929 1653 4018; x_wconf 90' lang='lat' dir='ltr'>haud</span> <span class='ocrx_word' id='word_1_219' title='bbox 1692 3948 1937 4048; x_wconf 87' lang='lat' dir='ltr'>spectasse,</span> <span class='ocrx_word' id='word_1_220' title='bbox 1977 3935 2056 4024; x_wconf 89' lang='lat' dir='ltr'>scd</span> 
     </span>
     <span class='ocr_line' id='line_1_29' title="bbox 562 4049 2057 4165; baseline 0.005 -25"><span class='ocrx_word' id='word_1_221' title='bbox 562 4051 694 4140; x_wconf 86' lang='lat' dir='ltr'>etium</span> <span class='ocrx_word' id='word_1_222' title='bbox 725 4051 963 4140; x_wconf 88' lang='lat' dir='ltr'>clarissime</span> <span class='ocrx_word' id='word_1_223' title='bbox 998 4049 1231 4165; x_wconf 88' lang='lat' dir='ltr'>perhibent</span> <span class='ocrx_word' id='word_1_224' title='bbox 1264 4081 1339 4138; x_wconf 90' lang='lat' dir='ltr'>eos</span> <span class='ocrx_word' id='word_1_225' title='bbox 1374 4081 1454 4137; x_wconf 88' lang='lat' dir='ltr'>nec</span> <span class='ocrx_word' id='word_1_226' title='bbox 1484 4049 1541 4138; x_wconf 88' lang='lat' dir='ltr'>ad</span> <span class='ocrx_word' id='word_1_227' title='bbox 1573 4053 1718 4141; x_wconf 90' lang='lat' dir='ltr'>Missas</span> <span class='ocrx_word' id='word_1_228' title='bbox 1752 4054 1803 4141; x_wconf 85' lang='lat' dir='ltr'>de</span> <span class='ocrx_word' id='word_1_229' title='bbox 1826 4055 1953 4142; x_wconf 77' lang='lat' dir='ltr'>Faria</span> <span class='ocrx_word' id='word_1_230' title='bbox 1976 4088 2057 4147; x_wconf 86' lang='lat' dir='ltr'>nec</span> 
     </span>
     <span class='ocr_line' id='line_1_30' title="bbox 564 4173 2056 4294; baseline 0.003 -31"><span class='ocrx_word' id='word_1_231' title='bbox 564 4176 620 4264; x_wconf 91' lang='lat' dir='ltr'>ad</span> <span class='ocrx_word' id='word_1_232' title='bbox 649 4175 791 4262; x_wconf 90' lang='lat' dir='ltr'>Missas</span> <span class='ocrx_word' id='word_1_233' title='bbox 825 4173 876 4260; x_wconf 86' lang='lat' dir='ltr'>de</span> <span class='ocrx_word' id='word_1_234' title='bbox 912 4173 1086 4288; x_wconf 83' lang='lat' dir='ltr'>Vipilio</span> <span class='ocrx_word' id='word_1_235' title='bbox 1135 4173 1349 4289; x_wconf 74' lang='lat' dir='ltr'>obligatos</span> <span class='ocrx_word' id='word_1_236' title='bbox 1400 4173 1548 4262; x_wconf 88' lang='lat' dir='ltr'>luisse.</span> <span class='ocrx_word' id='word_1_237' title='bbox 1589 4176 1735 4265; x_wconf 86' lang='lat' dir='ltr'>Scatet</span> <span class='ocrx_word' id='word_1_238' title='bbox 1776 4178 1858 4264; x_wconf 89' lang='lat' dir='ltr'>hoc</span> <span class='ocrx_word' id='word_1_239' title='bbox 1890 4180 2056 4294; x_wconf 88' lang='lat' dir='ltr'>pariter</span> 
     </span>
     <span class='ocr_line' id='line_1_31' title="bbox 563 4295 2054 4418; baseline 0.002 -31"><span class='ocrx_word' id='word_1_240' title='bbox 563 4329 588 4387; x_wconf 89' lang='lat' dir='ltr'>e</span> <span class='ocrx_word' id='word_1_241' title='bbox 622 4295 799 4414; x_wconf 80' lang='lat' dir='ltr'>synodo</span> <span class='ocrx_word' id='word_1_242' title='bbox 833 4295 1245 4412; x_wconf 82' lang='lat' dir='ltr'>Erancatii31egitur</span> <span class='ocrx_word' id='word_1_243' title='bbox 1278 4298 1396 4385; x_wconf 88' lang='lat' dir='ltr'>enirn</span> <span class='ocrx_word' id='word_1_244' title='bbox 1433 4298 1475 4384; x_wconf 93' lang='lat' dir='ltr'>in</span> <span class='ocrx_word' id='word_1_245' title='bbox 1512 4299 1602 4417; x_wconf 90' lang='lat' dir='ltr'>ipsa</span> <span class='ocrx_word' id='word_1_246' title='bbox 1635 4301 1783 4418; x_wconf 79' lang='lat' dir='ltr'>pagio.</span> <span class='ocrx_word' id='word_1_247' title='bbox 1811 4301 1857 4388; x_wconf 87' lang='lat'>6:</span> <span class='ocrx_word' id='word_1_248' title='bbox 1885 4341 1905 4376; x_wconf 65' lang='grc' dir='ltr'>ι</span> <span class='ocrx_word' id='word_1_249' title='bbox 1935 4303 2054 4412; x_wconf 87' lang='lat' dir='ltr'>Quo·</span> 
     </span>
     <span class='ocr_line' id='line_1_32' title="bbox 569 4418 2053 4515; baseline 0.009 -13"><span class='ocrx_word' id='word_1_250' title='bbox 569 4463 585 4502; x_wconf 65' lang='lat' dir='ltr'>a</span> <span class='ocrx_word' id='word_1_251' title='bbox 623 4421 707 4508; x_wconf 88' lang='lat' dir='ltr'>ties</span> <span class='ocrx_word' id='word_1_252' title='bbox 746 4420 788 4507; x_wconf 83' lang='lat' dir='ltr'>in</span> <span class='ocrx_word' id='word_1_253' title='bbox 836 4419 1021 4507; x_wconf 86' lang='lat' dir='ltr'>Ecclesia</span> <span class='ocrx_word' id='word_1_254' title='bbox 1056 4437 1200 4506; x_wconf 88' lang='lat' dir='ltr'>nostra</span> <span class='ocrx_word' id='word_1_255' title='bbox 1233 4418 1481 4508; x_wconf 82' lang='lat' dir='ltr'>Vitcrbien.</span> <span class='ocrx_word' id='word_1_256' title='bbox 1530 4453 1583 4508; x_wconf 87' lang='lat' dir='ltr'>ex</span> <span class='ocrx_word' id='word_1_257' title='bbox 1618 4424 1833 4512; x_wconf 81' lang='lat' dir='ltr'>llubricae</span> <span class='ocrx_word' id='word_1_258' title='bbox 1872 4424 2053 4515; x_wconf 79' lang='lat' dir='ltr'>Misaalis</span> 
     </span>
     <span class='ocr_line' id='line_1_33' title="bbox 572 4540 2054 4663; baseline 0.01 -39"><span class='ocrx_word' id='word_1_259' title='bbox 572 4585 588 4624; x_wconf 73' lang='grc' dir='ltr'>ι</span> <span class='ocrx_word' id='word_1_260' title='bbox 628 4543 813 4631; x_wconf 85' lang='lat' dir='ltr'>Romani</span> <span class='ocrx_word' id='word_1_261' title='bbox 856 4541 1123 4660; x_wconf 90' lang='lat' dir='ltr'>praescripto</span> <span class='ocrx_word' id='word_1_262' title='bbox 1148 4540 1271 4646; x_wconf 80' lang='lat' dir='ltr'>(luas,</span> <span class='ocrx_word' id='word_1_263' title='bbox 1298 4543 1390 4632; x_wconf 88' lang='lat' dir='ltr'>sive</span> <span class='ocrx_word' id='word_1_264' title='bbox 1414 4545 1560 4663; x_wconf 90' lang='lat' dir='ltr'>plures</span> <span class='ocrx_word' id='word_1_265' title='bbox 1594 4547 1739 4634; x_wconf 88' lang='lat' dir='ltr'>Missas</span> <span class='ocrx_word' id='word_1_266' title='bbox 1772 4549 2054 4638; x_wconf 85' lang='lat' dir='ltr'>Conventua·</span> 
     </span>
     <span class='ocr_line' id='line_1_34' title="bbox 490 4663 2052 4785; baseline 0.008 -37"><span class='ocrx_word' id='word_1_267' title='bbox 490 4703 497 4714; x_wconf 88' lang='lat'><em>·</em></span> <span class='ocrx_word' id='word_1_268' title='bbox 566 4707 584 4748; x_wconf 73' lang='grc' dir='ltr'><strong><em>ι</em></strong></span> <span class='ocrx_word' id='word_1_269' title='bbox 624 4667 686 4755; x_wconf 87' lang='lat' dir='ltr'>les</span> <span class='ocrx_word' id='word_1_270' title='bbox 715 4665 942 4755; x_wconf 90' lang='lat' dir='ltr'>decantari</span> <span class='ocrx_word' id='word_1_271' title='bbox 965 4663 1238 4782; x_wconf 73' lang='lat' dir='ltr'>eontigerit,</span> <span class='ocrx_word' id='word_1_272' title='bbox 1271 4665 1547 4756; x_wconf 88' lang='lat' dir='ltr'>Camerarius</span> <span class='ocrx_word' id='word_1_273' title='bbox 1583 4669 1771 4785; x_wconf 89' lang='lat' dir='ltr'>Capituli</span> <span class='ocrx_word' id='word_1_274' title='bbox 1811 4671 2052 4760; x_wconf 88' lang='lat' dir='ltr'>Canonico-</span> 
     </span>
     <span class='ocr_line' id='line_1_35' title="bbox 569 4789 2048 4909; baseline 0.009 -37"><span class='ocrx_word' id='word_1_275' title='bbox 569 4831 586 4872; x_wconf 78' lang='grc' dir='ltr'>ι</span> <span class='ocrx_word' id='word_1_276' title='bbox 627 4821 726 4878; x_wconf 86' lang='lat' dir='ltr'>rum</span> <span class='ocrx_word' id='word_1_277' title='bbox 760 4791 932 4877; x_wconf 89' lang='lat' dir='ltr'>solitam</span> <span class='ocrx_word' id='word_1_278' title='bbox 961 4789 1285 4906; x_wconf 87' lang='lat' dir='ltr'>eleemosynam</span> <span class='ocrx_word' id='word_1_279' title='bbox 1307 4789 1435 4877; x_wconf 92' lang='lat' dir='ltr'>alicui</span> <span class='ocrx_word' id='word_1_280' title='bbox 1461 4793 1723 4909; x_wconf 84' lang='lat' dir='ltr'>Presbytero</span> <span class='ocrx_word' id='word_1_281' title='bbox 1750 4791 1953 4882; x_wconf 81' lang='lat' dir='ltr'>eiusdem</span> <span class='ocrx_word' id='word_1_282' title='bbox 1973 4799 2048 4885; x_wconf 83' lang='lat' dir='ltr'>Ec·</span> 
     </span>
     <span class='ocr_line' id='line_1_36' title="bbox 568 4913 2052 5036; baseline 0.007 -41"><span class='ocrx_word' id='word_1_283' title='bbox 568 4955 585 4995; x_wconf 80' lang='lat'><strong>«</strong></span> <span class='ocrx_word' id='word_1_284' title='bbox 625 4913 782 5003; x_wconf 89' lang='lat' dir='ltr'>clesiae</span> <span class='ocrx_word' id='word_1_285' title='bbox 814 4913 910 5001; x_wconf 89' lang='lat' dir='ltr'>aliis</span> <span class='ocrx_word' id='word_1_286' title='bbox 953 4913 1161 5000; x_wconf 89' lang='lat' dir='ltr'>oneribus</span> <span class='ocrx_word' id='word_1_287' title='bbox 1203 4943 1291 5000; x_wconf 91' lang='lat' dir='ltr'>non</span> <span class='ocrx_word' id='word_1_288' title='bbox 1333 4914 1589 5031; x_wconf 88' lang='lat' dir='ltr'>praepedito</span> <span class='ocrx_word' id='word_1_289' title='bbox 1632 4917 1820 5020; x_wconf 89' lang='lat' dir='ltr'>tribuat,</span> <span class='ocrx_word' id='word_1_290' title='bbox 1860 4917 1939 5036; x_wconf 89' lang='lat' dir='ltr'>qui</span> <span class='ocrx_word' id='word_1_291' title='bbox 1983 4920 2052 5007; x_wconf 89' lang='lat' dir='ltr'>al-</span> 
     </span>
     <span class='ocr_line' id='line_1_37' title="bbox 563 5035 2051 5158; baseline 0 -32"><span class='ocrx_word' id='word_1_292' title='bbox 563 5079 584 5118; x_wconf 77' lang='lat'><strong>«</strong></span> <span class='ocrx_word' id='word_1_293' title='bbox 626 5055 763 5128; x_wconf 89' lang='lat' dir='ltr'>teram</span> <span class='ocrx_word' id='word_1_294' title='bbox 817 5063 873 5124; x_wconf 80' lang='lat' dir='ltr'>ex</span> <span class='ocrx_word' id='word_1_295' title='bbox 921 5035 1173 5125; x_wconf 85' lang='lat' dir='ltr'>huiusmodi</span> <span class='ocrx_word' id='word_1_296' title='bbox 1218 5035 1354 5125; x_wconf 83' lang='lat' dir='ltr'>Missis</span> <span class='ocrx_word' id='word_1_297' title='bbox 1386 5056 1525 5126; x_wconf 89' lang='lat' dir='ltr'>canat.</span> <span class='ocrx_word' id='word_1_298' title='bbox 1587 5075 1607 5118; x_wconf 72' lang='lat' dir='ltr'>s</span> <span class='ocrx_word' id='word_1_299' title='bbox 1666 5039 1715 5128; x_wconf 91' lang='lat' dir='ltr'>ld</span> <span class='ocrx_word' id='word_1_300' title='bbox 1759 5056 1913 5128; x_wconf 87' lang='lat' dir='ltr'>antem</span> <span class='ocrx_word' id='word_1_301' title='bbox 1960 5073 2051 5158; x_wconf 86' lang='lat' dir='ltr'>po-</span> 
     </span>
     <span class='ocr_line' id='line_1_38' title="bbox 561 5161 2049 5280; baseline 0.001 -29"><span class='ocrx_word' id='word_1_302' title='bbox 561 5162 730 5252; x_wconf 86' lang='lat' dir='ltr'>steriori</span> <span class='ocrx_word' id='word_1_303' title='bbox 768 5176 964 5277; x_wconf 89' lang='lat' dir='ltr'>tempore</span> <span class='ocrx_word' id='word_1_304' title='bbox 998 5191 1085 5280; x_wconf 90' lang='lat' dir='ltr'>quo</span> <span class='ocrx_word' id='word_1_305' title='bbox 1118 5161 1175 5249; x_wconf 91' lang='lat' dir='ltr'>de</span> <span class='ocrx_word' id='word_1_306' title='bbox 1218 5191 1347 5250; x_wconf 80' lang='lat' dir='ltr'>causa</span> <span class='ocrx_word' id='word_1_307' title='bbox 1393 5164 1620 5265; x_wconf 82' lang='lat' dir='ltr'>nescitur,</span> <span class='ocrx_word' id='word_1_308' title='bbox 1679 5180 1893 5252; x_wconf 85' lang='lat' dir='ltr'>mutatum</span> <span class='ocrx_word' id='word_1_309' title='bbox 1919 5163 2049 5253; x_wconf 85' lang='lat' dir='ltr'>luisse</span> 
     </span>
     <span class='ocr_line' id='line_1_39' title="bbox 559 5282 2048 5406; baseline 0.005 -35"><span class='ocrx_word' id='word_1_310' title='bbox 559 5301 697 5406; x_wconf 87' lang='lat' dir='ltr'>patet,</span> <span class='ocrx_word' id='word_1_311' title='bbox 745 5283 963 5404; x_wconf 83' lang='lat' dir='ltr'>siquidem</span> <span class='ocrx_word' id='word_1_312' title='bbox 1015 5285 1059 5370; x_wconf 92' lang='lat' dir='ltr'>in</span> <span class='ocrx_word' id='word_1_313' title='bbox 1113 5282 1225 5371; x_wconf 90' lang='lat' dir='ltr'>lacto</span> <span class='ocrx_word' id='word_1_314' title='bbox 1258 5301 1324 5372; x_wconf 88' lang='lat' dir='ltr'>est</span> <span class='ocrx_word' id='word_1_315' title='bbox 1358 5287 1615 5401; x_wconf 85' lang='lat' dir='ltr'>Capellanos</span> <span class='ocrx_word' id='word_1_316' title='bbox 1663 5299 1866 5375; x_wconf 82' lang='lat' dir='ltr'>oneratos</span> <span class='ocrx_word' id='word_1_317' title='bbox 1913 5287 2048 5377; x_wconf 81' lang='lat' dir='ltr'>luisse</span> 
     </span>
     <span class='ocr_line' id='line_1_40' title="bbox 557 5407 2083 5500; baseline 0.001 -3"><span class='ocrx_word' id='word_1_318' title='bbox 557 5407 854 5497; x_wconf 81' lang='lat' dir='ltr'>celebratione</span> <span class='ocrx_word' id='word_1_319' title='bbox 910 5425 953 5496; x_wconf 92' lang='lat' dir='ltr'>et</span> <span class='ocrx_word' id='word_1_320' title='bbox 997 5423 1127 5494; x_wconf 91' lang='lat' dir='ltr'>cautu</span> <span class='ocrx_word' id='word_1_321' title='bbox 1170 5409 1482 5500; x_wconf 82' lang='lat' dir='ltr'>Conventualis</span> <span class='ocrx_word' id='word_1_322' title='bbox 1523 5411 1674 5499; x_wconf 85' lang='lat' dir='ltr'>Missae</span> <span class='ocrx_word' id='word_1_323' title='bbox 1708 5409 1882 5498; x_wconf 87' lang='lat' dir='ltr'>dierum</span> <span class='ocrx_word' id='word_1_324' title='bbox 1919 5410 2083 5500; x_wconf 77' lang='lat' dir='ltr'>feria-r</span> 
     </span>
     <span class='ocr_line' id='line_1_41' title="bbox 556 5529 2040 5649; baseline 0.001 -29"><span class='ocrx_word' id='word_1_325' title='bbox 556 5530 665 5620; x_wconf 91' lang='lat' dir='ltr'>lium</span> <span class='ocrx_word' id='word_1_326' title='bbox 708 5561 788 5649; x_wconf 91' lang='lat' dir='ltr'>per</span> <span class='ocrx_word' id='word_1_327' title='bbox 829 5529 1133 5619; x_wconf 88' lang='lat' dir='ltr'>hebdomadas</span> <span class='ocrx_word' id='word_1_328' title='bbox 1165 5529 1320 5620; x_wconf 91' lang='lat' dir='ltr'>decem</span> <span class='ocrx_word' id='word_1_329' title='bbox 1370 5551 1413 5622; x_wconf 90' lang='lat' dir='ltr'>et</span> <span class='ocrx_word' id='word_1_330' title='bbox 1466 5551 1578 5622; x_wconf 89' lang='lat' dir='ltr'>octo.</span> <span class='ocrx_word' id='word_1_331' title='bbox 1624 5537 1716 5621; x_wconf 93' lang='lat' dir='ltr'>lmo</span> <span class='ocrx_word' id='word_1_332' title='bbox 1759 5533 2040 5625; x_wconf 89' lang='lat' dir='ltr'>volventibus</span> 
     </span>
    </p>
   </div>
   <div class='ocr_carea' id='block_1_3' title="bbox 0 0 2262 6311">
    <p class='ocr_par' dir='ltr' id='par_1_3' title="bbox 0 0 2262 6311">
     <span class='ocr_line' id='line_1_42' title="bbox 0 0 2262 6311; baseline 0 0"><span class='ocrx_word' id='word_1_333' title='bbox 0 0 2262 6311; x_wconf 95' lang='lat' dir='ltr'> </span> 
     </span>
    </p>
   </div>
  </div>
 </body>
</html>
