4460 6332
501 339 593 428 132
968 339 1051 424 Die
1081 337 1141 426 23
1177 337 1359 456 Augusti
1392 337 1529 428 1879.

501 463 589 552 bus
622 493 670 551 ac
702 460 962 581 praesertim
997 459 1040 546 iu
1078 459 1249 548 Nullius
1295 457 1514 551 Sublccan.
1550 459 1713 546 larium
1748 455 1997 546 Paracata-
2171 404 2179 555 1

502 583 701 708 1111129
734 583 929 670 Ianuarii
965 583 1086 672 1825
1120 581 1166 704 S.
1204 581 1503 672 Rationalilis.

630 707 744 822 Quin
781 707 943 795 relevet
980 706 1235 824 perlegam
1269 707 1674 795 ammortizzotionis
1704 737 1730 794 a
1763 705 1982 824 gubernio

508 839 639 926 latam
675 861 789 919 anno
823 829 945 916 1770
977 857 1251 945 suppressam
1286 829 1446 936 fuisse;
1486 829 1731 950 suppressio
1763 827 1991 917 1111111111-

503 955 696 1047 iusmodi
730 952 852 1040 nihill
887 951 1080 1040 facienda
1120 971 1199 1054 est,
1254 967 1404 1070 utpote
1451 985 1566 1072 quae
1600 984 1622 1040 a
1655 981 1743 1040 uon
1793 951 1989 1040 habente

503 1092 826 1196 competentem
863 1075 1163 1164 auctoritatem
1201 1075 1424 1193 processit,
1465 1076 1653 1194 ideoque
1688 1071 1869 1162 iuridica
1891 1072 1994 1162 exi-

502 1203 659 1292 stentia
694 1197 1072 1290 Confraternitatis
1106 1201 1150 1290 8.
1189 1197 1347 1286 Mariae
1379 1198 1623 1288 nullimode
1654 1201 1903 1315 interrupta
1925 1193 1993 1286 di·

502 1325 643 1416 cenda
690 1321 879 1422 videtur,
917 1319 1118 1438 quamvis
1151 1351 1231 1440 per
1263 1321 1506 1440 praefatam
1541 1321 1694 1410 laicam
1730 1319 1871 1436 legem
1894 1350 1992 1409 coa·-

503 1467 570 1537 cta
605 1443 737 1536 fuerit
769 1443 936 1560 regium
973 1471 1192 1532 assensum
1227 1473 1485 1560 exposcere,
1523 1461 1567 1532 et
1600 1442 1722 1532 illum
1759 1473 1844 1532 non
1868 1443 1992 1531 obti-

506 1569 654 1659 nuerit
686 1565 768 1654 nisi
804 1563 875 1653 die
909 1567 1149 1654 7111111111
1176 1567 1312 1656 1777.

630 1695 705 1779 Ast
738 1689 840 1777 dato
886 1705 930 1776 et
974 1717 1201 1806 nunquam
1249 1719 1480 1792 concesso,
1517 1688 1639 1807 quod
1673 1687 1755 1776 rite
1794 1705 1838 1776 et
1871 1705 1988 1779 recte

505 1843 733 1933 suppressa
766 1811 914 1913 fuerit,
941 1841 1071 1899 causa
1104 1831 1148 1899 et
1179 1811 1371 1901 conditio
1404 1809 1778 1902 confraternitatis
1809 1813 1885 1904 88.
1915 1816 1990 1906 81·

503 1936 716 2027 crementi
743 1934 910 2022 nnllam
936 1936 1189 2051 persentiret
1223 1935 1442 2040 levamen,
1468 1963 1567 2024 cum
1601 1933 1796 2023 eiusdem
1830 1937 1990 2024 erectio

503 2057 735 2150 obvenerit
769 2072 936 2146 tantum
978 2055 1051 2144 die
1083 2059 1113 2146 8
1146 2058 1327 2176 Augusti
1372 2061 1473 2146 anni
1510 2059 1653 2160 1777,
1692 2055 1854 2145 scilicet
1892 2073 1990 2174 post

503 2183 645 2271 varios
668 2210 839 2268 menses
872 2211 896 2268 a
934 2180 1203 2268 restitutione
1237 2179 1350 2268 illius
1388 2183 1547 2270 Beatae
1602 2177 1791 2298 Virginis
1845 2178 1992 2268 Addo·

504 2307 702 2409 loratae,
744 2333 857 2420 quae
891 2301 1051 2390 iterum
1087 2302 1270 2392 excitata
1321 2301 1405 2392 fuit
1440 2302 1564 2394 Reali
1598 2302 1776 2392 decreto
1809 2299 1882 2390 die
1932 2305 1990 2392 17

503 2425 767 2515 Novembris
792 2425 912 2512 1776
933 2423 1070 2528 edito,
1090 2427 1170 2514 etsi
1205 2425 1429 2544 publicato
1461 2423 1535 2514 die
1567 2422 1809 2514 7111111111
1845 2425 1981 2514 1777.

504 2575 604 2638 cum
640 2550 681 2635 in
718 2547 895 2636 decreto
930 2547 1058 2635 luerit
1093 2549 1316 2665 provisum
1352 2566 1399 2636 ut
1432 2547 1522 2666 ipsa
1547 2547 1777 2637 iuridicam
1801 2546 1991 2636 existen-

505 2669 610 2759 tiam
658 2671 819 2760 habere
866 2669 1109 2760 debereta
1159 2672 1232 2760 die
1280 2671 1569 2760 emanationis
1611 2671 1741 2759 realis
1772 2699 1986 2760 assensus.

503 2795 706 2883 lamvcro
738 2794 985 2882 canonistas
1019 2822 1173 2882 amnes
1207 2795 1405 2882 unanimi
1447 2793 1584 2882 ferme
1614 2792 1898 2882 consensione
1932 2811 1994 2881 te-

504 2933 611 3005 nent
645 2915 1001 3036 praecedentiam
1025 2915 1182 3006 deberi
1215 2918 1281 3006 cui
1320 2915 1458 3004 maior
1479 2915 1827 3036 praeeminentia
1848 2915 1992 3034 digni-

496 3038 605 3128 tatis
629 3039 879 3158 velstgradus
900 3040 1128 3158 competit3
1151 3039 1306 3130 deberi
1332 3039 1379 3126 ei
1413 3043 1481 3129 cui
1506 3038 1623 3130 favet
1647 3036 1853 3156 prioritas
1887 3056 1991 3126 tem·

479 3163 622 3282 'poris
655 3161 768 3250 inter
800 3161 971 3281 aequali
996 3163 1211 3279 dignitate
1245 3165 1317 3251 vel
1350 3162 1488 3278 gradu
1531 3159 1855 3250 condecoratas.
1878 3161 1991 3250 Cum

507 3287 640 3405 igitur
671 3285 1011 3376 Confratemitas
1042 3289 1088 3376 S.
1121 3285 1282 3375 Mariae
1313 3286 1473 3374 habeat
1506 3285 1848 3374 anterioritatem
1887 3299 1996 3372 tem·

503 3411 624 3528 poris
657 3407 750 3496 sive
781 3407 930 3526 quoad
967 3409 1234 3498 erectionem
1266 3410 1357 3497 sive
1390 3407 1537 3526 quoad
1572 3405 1989 3524 repristinationem,

505 3531 648 3620 eidem
684 3531 865 3618 omnino
897 3531 1108 3650 competit
1143 3530 1449 3649 praecedentia
1470 3559 1603 3648 super
1624 3527 1994 3622 Confraternitate

504 3655 582 3746 SS.
604 3653 889 3744 Sacramenti.
909 3657 970 3742 Eo
994 3653 1063 3740 vel
1096 3653 1233 3772 magis
1256 3654 1360 3774 quia
1393 3669 1538 3743 eamet
1571 3680 1799 3772 suppressa
1834 3653 1992 3742 mansit
2070 3721 2076 3738 .
2221 3659 2222 3690 ¹

504 3777 563 3866 de
595 3807 709 3864 anno
743 3775 941 3865 181611
975 3807 1058 3862 noa
1091 3807 1172 3894 per
1205 3777 1346 3894 legem
1368 3778 1636 3896 generalem,
1664 3775 1740 3865 s'ed
1755 3805 1839 3900 per
1871 3775 1992 3864 inde-

474 3899 643 3986 ·hitam
677 3899 891 4017 pecuniae
927 3899 1357 4018 appropriationem,
1408 3901 1577 4019 fuitque
1625 3897 1902 3988 solummodo
1951 3897 1994 3984 in

491 4019 740 4140 *pristinum
776 4021 971 4110 restituta
1004 4053 1118 4112 anno
1153 4023 1290 4112 1851.
1390 4091 1392 4094 -

630 4141 859 4261 Quidquid
894 4161 1037 4234 autem
1075 4145 1153 4232 hac
1185 4145 1242 4234 de
1275 4177 1323 4235 11
1356 4145 1436 4250 111,
1472 4143 1691 4265 quidquid
1728 4145 1785 4234 de
1818 4141 1989 4248 1111111,

497 4289 618 4386 'quae
652 4267 694 4353 in
737 4267 978 4385 diplomate
1020 4267 1304 4358 restitutionis
1343 4269 1721 4360 Confraternitatis
1752 4268 1799 4360 S.
1837 4265 1994 4358 Mariae

506 4387 815 4478 inveniuntur:
854 4389 961 4480 illud
995 4421 1129 4480 unum
1163 4407 1333 4480 certum
1367 4421 1460 4480 esse
1493 4389 1615 4496 dicit,
1653 4391 1775 4512 quod
1809 4391 1892 4478 hae
1926 4417 1991 4476 ra·

500 4543 632 4602 surae
663 4509 846 4602 minime
879 4512 923 4602 in
956 4531 1083 4634 parte
1106 4513 1360 4635 dispositiva
1398 4515 1667 4632 diplomatis,
1692 4513 1771 4603 sad
1807 4512 1852 4599 in
1884 4511 1991 4602 acei-

507 4633 673 4724 dentali
706 4633 1015 4744 inveniuntar3
1041 4633 1100 4727 eu¹
1119 4667 1208 4757 quo
1241 4633 1291 4724 lit
1326 4654 1371 4724 ut
1404 4635 1547 4754 ipsum
1571 4637 1766 4756 diploma
1797 4633 1996 4724 falsitatis

507 4773 613 4847 nota
647 4759 770 4876 argui
795 4777 1000 4878 nequeat.
1027 4762 1129 4850 Pars
1150 4777 1297 4848 autem
1321 4759 1616 4849 substantialis
1638 4775 1702 4848 est
1724 4775 1996 4876 postremum

510 4879 662 4992 datum
696 4879 964 5000 diplomatis,
990 4881 1310 5003 quodquidam
1335 4883 1645 5002 praecaeteris
1678 4879 1996 4971 attendendum

509 5017 598 5109 est3
635 5001 700 5090 ibi
733 5003 849 5090 enim
883 5007 1072 5094 extensis
1105 5022 1149 5095 et
1191 5003 1343 5094 nitidis
1390 5005 1544 5097 litteris
1592 5005 1751 5122 legitur
1786 5043 1803 5082 ι
1843 5003 1997 5090 aarum

506 5125 690 5241 Neapoli
724 5127 767 5210 in
802 5127 931 5243 Rapio
965 5129 1137 5218 Palatio
1170 5128 1240 5216 die
1271 5127 1518 5244 supradicta
1540 5129 1717 5246 septima
1742 5125 1893 5216 Mensis
1925 5123 1996 5210 lu-

504 5249 652 5338 111111
687 5245 911 5336 Mille-simo
943 5253 1299 5368 septingentesimo
1334 5253 1630 5372 scptunpesimo
1659 5249 1842 5368 'septimo
1866 5287 1906 5333 ο.
1932 5249 1994 5334 Ex

503 5403 592 5491 qun
615 5369 832 5459 concludit
850 5391 994 5462 orator
1028 5373 1150 5464 nihili
1191 5375 1445 5470 faciendum
1490 5405 1583 5465 esse
1620 5369 1899 5464 datumdiei
1932 5393 1995 5458 ae·

502 5495 670 5614 ptimae
702 5495 887 5583 Ianuarii
921 5497 1022 5586 anni
1055 5497 1274 5588 millesimi
1307 5499 1682 5618 septingentesimi
1729 5491 1994 5614 septuagesi-
