4446 6330
649 359 733 445 Dic
764 361 826 450 25
857 359 1053 451 Ianuarii
1087 359 1223 454 t879.
1617 365 1677 456 l9

185 488 313 582 unica
345 485 418 576 die
456 483 724 600 dispensavit
756 514 857 572 cum
889 484 1122 589 undecim,
1166 502 1276 576 teste
1304 481 1489 572 &aclea
1520 483 1571 572 de
1592 490 1681 578 Mo·

116 615 121 632 ’
186 610 389 702 trimonic
415 606 492 695 lib.
518 605 680 722 adep.
710 608 770 694 ll
790 639 904 696 aum.
930 609 975 712 2,
1001 639 1110 730 quos
1127 639 1282 698 omnes
1310 635 1596 729 nequaquam
1622 629 1685 704 est

184 732 442 825 verosimile
464 729 597 820 luisse
630 733 869 848 Magnetes,
914 731 1027 822 adeo
1065 749 1113 823 ut
1148 732 1190 821 in
1225 732 1310 821 illis
1342 759 1471 820 causa
1500 733 1684 850 publica

183 855 563 976 dispensationem
598 853 810 971 exigeret.

308 983 357 1068 ln
392 1007 492 1065 casu
528 991 677 1092 autem
713 976 770 1066 de
803 1007 893 1095 quo
915 979 1076 1098 agitur,
1104 979 1318 1069 habemus
1341 1007 1490 1068 causas
1513 997 1557 1069 et
1580 983 1684 1098 qui-

182 1106 287 1197 dem
324 1099 603 1218 gravissimas
637 1129 716 1214 pro
751 1100 1034 1190 concedenda
1069 1101 1426 1221 dispensatione,
1468 1119 1511 1190 et
1534 1103 1680 1195 huius-

181 1226 306 1316 modi
339 1251 495 1315 musae
528 1253 615 1310 non
632 1223 773 1310 solum
797 1239 896 1312 sunt
918 1225 1134 1342 privatae,
1172 1225 1248 1314 sed
1281 1225 1414 1312 ctiam
1437 1224 1683 1343 aliquosal·

184 1367 277 1438 tem
313 1346 449 1436 modo
483 1362 583 1434 sunt
617 1345 836 1460 publicae.

309 1475 430 1558 luter
467 1497 633 1572 causas,
671 1499 752 1587 pro
785 1469 1066 1560 coracedenda
1100 1469 1440 1590 dispensatione,
1470 1472 1514 1558 in
1549 1505 1685 1590 prae-

188 1596 304 1684 senti
337 1624 455 1694 casu,
492 1591 598 1680 mihi
635 1589 809 1682 videtur
842 1595 1049 1711 ponenda
1091 1598 1233 1711 primo
1271 1593 1382 1696 loco,
1423 1595 1681 1710 gravissima

184 1721 440 1806 animorum
472 1714 678 1802 alienatio
708 1715 821 1804 inter
853 1745 1033 1834 sponsos
1059 1717 1263 1806 existens.
1304 1717 1419 1803 llatec
1452 1716 1678 1824 alienatio,

185 1841 426 1958 praecipue
463 1869 517 1926 ex
557 1853 678 1955 parte
711 1869 895 1955 sponsae
942 1842 1037 1930 talis
1071 1871 1119 1929 ac
1167 1857 1286 1929 tanta
1319 1855 1419 1939 est,
1470 1855 1517 1927 ut
1560 1841 1681 1930 nulla

184 1991 285 2080 spes
319 1960 680 2050 reconciliationis
718 1961 951 2078 allulgeat,
990 1981 1033 2052 et
1067 1965 1148 2052 hec
1181 1961 1448 2052 unanimiter
1486 1961 1681 2052 latentur

185 2101 318 2175 testes
351 2083 428 2206 qui
464 2084 506 2172 in
540 2081 814 2178 conficiendo
847 2115 1050 2202 processu
1075 2087 1141 2176 ad
1176 2116 1359 2175 examen
1411 2085 1551 2174 vocati
1585 2083 1682 2175 lue·

181 2225 302 2296 runt.
336 2211 388 2296 Et
421 2205 542 2324 qued
574 2210 634 2296 ita
678 2238 832 2298 revera
865 2237 934 2298 res
970 2239 1017 2296 se
1059 2211 1236 2312 habeat,
1272 2209 1506 2298 deducitur
1548 2212 1685 2300 etiam

182 2361 235 2419 ex
270 2361 324 2420 eo
366 2331 487 2450 quod
513 2363 540 2416 a
560 2331 773 2454 principio
807 2332 850 2418 iu
883 2333 1157 2450 expositione
1191 2332 1288 2421 lacti
1329 2333 1508 2421 notavi:
1548 2332 1681 2450 siqui·

183 2453 289 2542 dem
326 2455 408 2544 hoc
440 2453 770 2542 matrimonium
807 2484 893 2544 neu
930 2455 988 2543 oh
1020 2473 1224 2564 mutuum
1267 2455 1383 2544 inter
1415 2483 1681 2572 neosponsos

182 2607 383 2666 amorem
418 2575 688 2664 celebratum
720 2575 820 2681 luit,
842 2579 918 2668 sed
952 2580 1011 2667 ob
1045 2579 1151 2668 alias
1169 2607 1317 2688 causas
1339 2578 1519 2666 omnino
1538 2577 1675 2666 amori

182 2699 402 2818 coniugali
436 2715 682 2788 extraneas.
720 2683 862 2805 llinc,
901 2702 1068 2790 utiam
1103 2703 1265 2818 pariter
1301 2702 1465 2802 notavi,
1503 2699 1681 2788 Violan-

184 2823 276 2911 tina
308 2855 485 2940 sponsa,
524 2822 776 2941 paulopost
809 2825 1078 2914 celebratum
1103 2823 1449 2928 lllatrimonium,
1471 2824 1673 2912 animum

182 2963 226 3034 ct
259 2948 533 3036 voluntatem
566 2947 766 3052 mutarit,
805 2949 914 3037 etsi
950 2949 1068 3066 prius
1101 2947 1357 3038 indillereus
1380 2962 1489 3052 crat,
1526 2962 1678 3062 postea

181 3065 291 3158 lacta
325 3087 391 3158 est
424 3103 449 3158 a
483 3071 713 3159 Francisco
748 3099 904 3190 sponso
938 3073 1118 3160 omuino
1152 3101 1319 3159 aversa.

206 3197 210 3207 '
311 3193 528 3283 Alienatio
552 3208 701 3282 autem
724 3197 973 3284 animorum
989 3195 1286 3284 communiter
1306 3193 1482 3312 ponitur
1496 3223 1520 3280 a
1536 3192 1677 3282 Theo·

183 3312 314 3431 logis,
350 3317 472 3435 qued
500 3319 555 3404 sit
588 3347 733 3420 causa,
762 3317 847 3406 iam
877 3351 901 3406 a
929 3317 1068 3435 seipsa
1105 3315 1318 3407 sufficiens
1341 3317 1677 3434 prodispensa·

184 3435 305 3526 tione
342 3440 641 3530 concedenda.
667 3440 739 3532 Sic
758 3435 1034 3532 doctissimus
1051 3442 1274 3530 Ccictnaas
1302 3439 1416 3528 Tem.
1450 3440 1496 3525 l⁰
1516 3440 1671 3554 Opasc.

186 3559 314 3648 Troct
347 3563 577 3652 28habet:
620 3604 637 3644 r
677 3565 834 3656 Utrum
866 3583 1016 3656 autent
1053 3562 1272 3672 discordia
1309 3582 1404 3651 erte
1439 3555 1551 3650 inter
1573 3592 1673 3650 con-

187 3723 203 3756 ι
243 3683 367 3803 iuges
398 3685 496 3775 sine
528 3717 606 3804 spe
640 3687 842 3792 remedii,
869 3689 923 3777 sit
956 3687 1229 3796 rationabilis
1261 3716 1387 3776 causa
1421 3685 1677 3800 dispensan-

184 3845 201 3884 ι
243 3806 326 3895 di‘t
362 3809 627 3901 crediderim
661 3811 785 3928 quod
804 3813 880 3917 sic,
907 3841 1120 3901 consensa
1148 3810 1382 3928 coniugum
1411 3807 1666 3898 accedente.
1707 3824 1713 3838 '

188 3967 204 4004 ι
246 3931 361 4018 Tum
412 3934 455 4020 in
501 3935 693 4023 lavarem
727 3937 975 4025 animarum
1009 3965 1064 4022 ne
1096 3933 1258 4025 scilicet
1291 3932 1591 4022 adolescentes
1626 3928 1670 4016 in

190 4090 206 4147 s
249 4051 465 4143 adulteria
499 4075 643 4164 ruant,
674 4074 749 4146 aut
773 4089 1031 4176 permanere
1072 4057 1195 4177 quasi
1229 4071 1453 4174 cogantur,
1481 4049 1587 4142 dum
1611 4083 1675 4142 se·

189 4213 207 4249 ι
248 4179 389 4292 parati
423 4195 636 4297 perpetuo
670 4199 916 4284 manerent,
954 4197 1046 4270 tum
1067 4179 1073 4188 ’
1096 4179 1154 4270 ad
1201 4178 1405 4268 evitanda
1437 4174 1675 4266 homicidia

191 4338 206 4372 ι
247 4327 365 4416 quae
397 4335 423 4390 a
454 4303 698 4420 desperatis
732 4303 991 4422 coniugibus
1031 4303 1156 4394 facile
1205 4303 1429 4421 procurari
1474 4314 1669 4420 possunt.

191 4458 207 4496 ι
248 4423 365 4512 Tum
399 4426 457 4516 ad
490 4428 656 4514 honum
705 4431 823 4547 pacis
869 4427 1187 4518 restituendum
1231 4426 1346 4514 inter
1383 4427 1472 4526 ees,
1510 4423 1681 4510 sublato

193 4583 210 4618 ι
252 4544 334 4635 lroc
369 4549 558 4656 vinculo,
595 4553 716 4670 quod
748 4585 876 4642 causa
907 4549 1154 4640 discordiae
1189 4565 1267 4652 cst,
1293 4545 1548 4665 praesertim
1572 4541 1677 4661 quia

185 4704 208 4739 ι
248 4669 441 4790 coniugii
477 4671 576 4786 finis
613 4675 756 4764 unitas
790 4695 920 4764 est.»
963 4737 966 4748 Α
1137 4701 1139 4708 ⁴

308 4793 457 4884 Aliam
493 4828 666 4888 causam
711 4800 869 4890 iustam
901 4831 981 4919 pro
1025 4793 1305 4886 concedenda
1350 4787 1676 4909 dispensatione

180 4915 371 5028 agnoscit
402 4920 609 5010 Sanchez.
646 4921 711 5010 De
745 4923 1016 5014 Matrimonia
1056 4920 1130 5009 tit.
1167 4921 1197 5008 a
1231 4917 1363 5036 disp,
1384 4917 1443 5006 te
1471 4913 1563 5004 ubi
1598 4910 1672 4996 lta*

184 5032 263 5123 bct
293 5071 408 5127 num.
434 5045 480 5131 3.
511 5085 535 5132 ι.
557 5046 757 5156 δφειιηάε
789 5061 1018 5136 causaest
1048 5043 1195 5163 gravis
1220 5042 1353 5130 timor
1376 5033 1570 5130 scandali
1594 5035 1685 5122 ula·

192 5196 210 5233 ¹
248 5161 323 5278 gni
359 5163 512 5272 luituri,
549 5167 651 5288 quia
684 5169 731 5258 id
762 5169 880 5267 cedit
913 5168 957 5256 in
990 5165 1453 5287 magnumdamnum
1483 5187 1682 5264 commu·
1748 5174 1756 5185 “

190 5318 206 5356 ι
246 5313 317 5390 ne,
347 5289 542 5410 indeque
560 5292 682 5382 rixae
705 5323 859 5411 graves
881 5308 926 5378 et
959 5317 1084 5381 neces
1118 5288 1220 5382 oriri
1255 5288 1396 5377 solent
1426 5286 1515 5376 Sir.
1538 5280 1679 5374 Folia.

195 5441 213 5480 ·
252 5405 376 5500 Cous.
412 5413 474 5502 26
505 5445 622 5504 uam.
658 5417 746 5515 l9,·
769 5416 951 5505 Portica.
977 5445 1086 5504 enas.
1124 5413 1217 5500 tat
1248 5443 1292 5499 n.
1318 5412 1379 5500 22
1408 5427 1467 5498 et*
1490 5411 1568 5506 2l‚
1598 5401 1682 5492 Me·

197 5563 215 5600 ⁸
252 5531 372 5624 nott.
409 5535 459 5624 d.
488 5557 749 5656 praesumpt.
786 5541 848 5628 ll]
868 5569 982 5628 anm.
1008 5539 1087 5638 42,
1121 5553 1161 5626 et
1182 5535 1232 5625 dc
1254 5529 1364 5624 cons.
1392 5531 1483 5624 385
1505 5563 1619 5622 aum.
1647 5525 1676 5612 7
