4350 6326
552 345 645 438 532
989 343 1072 428 Die
1102 343 1164 430 20
1194 341 1433 430 Decembris
1467 343 1604 432 1879.

558 511 575 554 ι
615 497 787 558 annuus
843 495 946 552 vere
993 481 1037 552 et
1085 464 1266 585 proprie
1306 463 1561 583 praebenda
1608 465 1803 565 luisset,
1857 461 2042 556 itanum

560 638 577 678 ι
618 593 769 710 pensio
803 587 1041 678 Guberuii.

653 756 701 792 ·«
742 717 974 802 Praeterea
1008 713 1042 800 si
1077 711 1198 833 quod
1232 712 1420 802 dubium
1455 713 1513 802 de
1546 713 1626 800 hac
1647 743 1696 800 re
1714 739 1957 800 occurrere
1977 744 2043 798 an-

562 885 577 920 .
620 859 686 928 tea
720 853 910 958 poterat,
948 835 1034 924 iam
1074 867 1152 954 per
1184 835 1372 924 Sanctae
1415 835 1540 927 Sedis
1575 833 1934 926 declarationem
1967 865 2041 924 cer·

561 1005 576 1045 ι
619 980 659 1052 ta
710 959 890 1050 omniuo
925 959 1080 1046 evasit.
1117 962 1291 1048 Factam
1327 977 1480 1050 autem
1515 960 1646 1052 luisse
1684 957 1951 1047 huiusmodi
1979 959 2043 1046 do-

560 1130 577 1168 «
617 1085 899 1176 olarationem
935 1099 1123 1171 testatur
1155 1113 1342 1201 sequens
1388 1112 1644 1201 responsum
1688 1087 1865 1174 Sacrae
1901 1085 2041 1168 Poeni·
2106 1187 2107 1198 Ν

563 1255 578 1289 ι
620 1208 848 1300 tentiariae
881 1205 970 1294 diei
1012 1207 1070 1294 19
1120 1207 1308 1296 Ianuarii
1344 1207 1466 1296 1819
1507 1207 1687 1294 relative
1733 1204 1798 1294 ad
1841 1205 2038 1322 Belgium.
2106 1199 2107 1290 l

561 1375 578 1415 ι
619 1331 878 1448 Quaesitum
914 1330 1071 1418 luerat.
1117 1373 1133 1408 ι
1172 1329 1245 1418 Aa.
1278 1331 1442 1420 salaria
1480 1364 1583 1448 qrcrtc
1617 1333 1661 1416 ia
1699 1329 1865 1444 Belpio
1899 1329 2042 1416 solvem-

561 1499 579 1538 ι
621 1476 689 1546 tur
715 1453 961 1541 Pectoribus
994 1469 1033 1540 et
1065 1455 1289 1541 Caaonr'ois
1314 1453 1494 1542 induant
1525 1471 1720 1540 naturam
1762 1451 2036 1571 beneficiorum

562 1619 580 1662 e
619 1613 687 1667 seu
723 1578 921 1665 bonoram
956 1575 1341 1676 ecclesiasticorum,
1384 1594 1424 1666 et
1472 1609 1673 1664 annexam
1727 1573 1916 1662 habeant
1956 1575 2040 1662 olli·
2106 1643 2107 1648 a

565 1745 581 1782 ι
620 1704 825 1820 potionem
862 1700 1157 1820 c'alraereatem‘
1197 1701 1262 1788 lois
1301 1701 1436 1799 bouis,
1474 1701 1631 1789 scilicet
1654 1701 1856 1786 strictam
1880 1713 1918 1783 et
1941 1730 2040 1784 cauo·

561 1869 578 1905 ι
619 1827 812 1914 aoaieam
845 1823 1146 1946 oblipatioaem
1179 1823 1443 1940 rependendi
1460 1823 1673 1945 superflua
1694 1820 1961 1938 pauperibus
1988 1854 2039 1906 seu

561 1992 578 2031 ι
616 1949 704 2067 piis
731 1949 882 2046 causis,
921 1963 958 2034 et
993 1947 1211 2034 residendi
1256 1947 1329 2034 sub
1374 1979 1626 2063 paccanoa
1657 1945 1861 2067 faciendi
1898 1943 2035 2062 fricatus

561 2115 577 2153 ι
617 2084 710 2160 suos
742 2121 771 2136 -
804 2074 934 2162 Sacra
971 2071 1313 2160 Poenit.entiaria
1349 2073 1570 2188 rescripsit
1605 2075 1688 2161 iam
1727 2070 1843 2158 alias
1866 2068 2037 2156 aSancta

562 2241 577 2276 ι
618 2197 733 2292 Sede
769 2223 1028 2312 responsum
1066 2194 1198 2282 luisse
1233 2192 1502 2318 Affirmatioc
1541 2237 1582 2282 ..

683 2324 882 2408 lamvero
915 2319 1049 2406 semel
1085 2317 1276 2408 admisso
1311 2320 1392 2406 boc
1425 2319 1646 2436 principio
1678 2343 2033 2434 supervacaneum

558 2476 651 2536 esse
687 2441 863 2530 videtur
895 2440 1119 2530 contrario
1154 2460 1416 2558 argumento
1450 2444 1790 2560 responsionem
1825 2437 1946 2529 dare.
1964 2437 2033 2522 Etsi

557 2571 675 2657 enim
711 2567 855 2656 verior
888 2566 940 2654 sit
965 2565 1183 2653 sententia
1222 2563 1385 2654 docens
1428 2566 1685 2686 pensionem
1718 2561 2027 2654 ecclesiasticam

557 2692 602 2782 in
648 2691 810 2779 odiosis
845 2720 930 2775 non
968 2691 1119 2777 venire
1152 2687 1357 2778 beneficii
1395 2689 1607 2792 nomine,
1659 2707 1814 2777 tamen
1848 2685 1948 2773 haec
1974 2683 2031 2769 ob·

557 2814 688 2906 iectio
722 2812 832 2900 nihil
862 2809 1038 2929 prolicit
1073 2813 1115 2899 in
1152 2842 1271 2902 casu.
1310 2817 1500 2902 Eatenus
1533 2816 1653 2900 enim
1685 2815 1905 2899 Doctores
1935 2807 1985 2892 illi
1999 2805 2029 2892 id

558 2939 734 3040 docent,
773 2953 992 3054 quatenus
1025 2953 1178 3026 teuent
1212 2939 1470 3053 pensionem
1509 2934 1848 3028 eeclesiasticam
1873 2961 1956 3020 esse
1984 2931 2028 3014 ius

558 3061 802 3178 temporale
836 3075 1091 3178 separatum
1127 3076 1171 3150 et
1203 3061 1457 3149 distinctum
1495 3094 1519 3150 a
1552 3059 1794 3160 beneficio,
1834 3053 1945 3175 quod
1973 3049 2028 3138 mi·
2106 3149 2107 3178 ζ

558 3186 680 3274 nime
715 3186 756 3272 in
794 3186 988 3274 themate
1021 3184 1230 3302 contingit
1267 3215 1368 3273 com
1403 3185 1525 3303 ipsae
1561 3185 1601 3271 in
1648 3181 1859 3272 beneficii
1907 3179 2019 3263 locun

558 3309 765 3398 suffectae
798 3309 980 3396 luerint.
1019 3307 1147 3398 Unde
1182 3307 1229 3394 lit
1257 3309 1375 3425 quod
1415 3312 1625 3397 Doctores
1666 3308 1751 3424 ipsi
1774 3327 1887 3411 [una
1921 3300 2023 3386 lernc
2106 3337 2107 3352 ¹

558 3433 665 3522 echo
709 3431 958 3522 concedunt
993 3433 1249 3546 pensionem
1286 3461 1379 3521 esse
1414 3431 1590 3548 proprie
1623 3431 1895 3519 beneficium
1925 3423 1960 3508 in
1985 3449 2021 3504 eo
2106 3515 2107 3520 Ν

562 3573 733 3646 tantum
773 3589 874 3646 casu
910 3556 952 3642 in
993 3587 1081 3674 quo
1109 3555 1262 3672 pensio
1298 3555 1545 3672 assignatur
1568 3555 1612 3644 in
1641 3555 1822 3642 titulum
1856 3539 2020 3636 benolicii

560 3711 638 3768 ceu
676 3696 825 3767 monet
853 3681 1043 3796 Fapaaa.
1075 3679 1153 3765 loc.
1180 3680 1256 3765 cit.
1283 3711 1325 3766 a.
1353 3679 1430 3764 at.

685 3804 899 3916 Quamvis
917 3821 1066 3894 autem
1083 3832 1198 3920 quae
1212 3801 1436 3920 hucusque
1451 3801 1568 3910 dicta
1585 3797 1876 3920 suntproprie
1889 3789 2015 3911 pertin-

560 3943 663 4046 gant
686 3927 991 4028 Cenomanos,
1020 3925 1268 4025 Paroclrios,
1296 3927 1577 4046 Vicariasque
1597 3939 1832 4042 perpetuas
1854 3911 2013 4036 quaele*

561 4047 717 4138 nelieio
742 4049 980 4165 parochiali
999 4047 1312 4168 aequiparatae
1330 4065 1432 4140 sunt
1456 4081 1510 4139 ex
1533 4081 1628 4166 cap.
1666 4037 1955 4135 Posttclastr‘2l
1981 4028 2016 4165 tle

563 4173 774 4287 llcscrip„
813 4175 1011 4261 Ferraria
1043 4171 1161 4262 Bitt.
1197 4171 1354 4264 Eccles.
1390 4173 1506 4262 oerb.
1549 4176 1595 4262 V
1594 4175 1753 4262 icarios
1785 4153 2015 4256 Paraclialrs

559 4329 675 4384 aura.
711 4296 763 4387 m
809 4315 955 4388 tamen
991 4296 1108 4386 idem
1140 4299 1457 4388 consectarium
1496 4297 1738 4386 tenendum
1775 4293 1933 4393 videtur
1960 4303 2014 4394 pt⁰

561 4420 745 4539 reliquis
779 4420 930 4511 officiis
960 4423 1092 4510 etiam
1122 4420 1178 4508 ad
1200 4435 1354 4510 nutum
1376 4421 1707 4510 amoribilibus.
1739 4421 1830 4505 Hoc
1847 4409 1946 4500 enim
1972 4397 2011 4532 tlt

562 4541 702 4632 <afficio
735 4546 993 4650 Oeconomi,
1023 4541 1318 4650 Vicedomini,
1355 4544 1651 4646 'thesaurarii
1687 4541 1894 4634 Sacristae
1920 4543 1956 4615 et
1979 4549 2015 4606 u·

562 4667 734 4756 milium
772 4669 907 4758 tradit
939 4669 1068 4791 Reiff.
1108 4670 1150 4756 in
1187 4667 1257 4754 Ias
1291 4702 1382 4757 aaa.
1429 4671 1547 4756 auio.
1591 4665 1670 4755 tit.
1707 4665 1736 4754 5
1776 4665 1841 4752 tit.
1877 4639 2025 4779 3822.-
2106 4721 2107 4726 a

560 4821 678 4880 aum.
716 4793 777 4882 25
809 4847 838 4862 -
871 4792 937 4882 ibi
968 4847 997 4864 ··
1035 4832 1052 4872 ο
1092 4791 1213 4882 Talis
1232 4792 1335 4880 item
1378 4793 1566 4881 simonia
1616 4792 1729 4878 luris
1767 4777 2011 4876 Ecclesiaste
2106 4817 2107 4842 ÷

566 4954 583 4995 ι
624 4933 704 5020 est,
725 4914 907 5038 quaudo
927 4917 1179 5008 venduntur
1197 4913 1606 5020 officiaOeeonomi,
1627 4905 1910 5004 vicedomini.
1927 4889 2010 4978 111·

568 5079 586 5118 ι
624 5040 827 5143 scutarii,
865 5041 1096 5144 Sacristae,
1133 5057 1175 5130 et
1210 5041 1293 5128 alia
1327 5041 1487 5128 similia
1532 5036 1670 5147 officia
1704 5037 1763 5126 ad
1799 5048 1928 5122 rerum
1953 5012 2007 5099 Et·

565 5201 583 5240 ι
624 5163 782 5254 clesiae
814 5163 1125 5284 temporalium
1161 5164 1611 5268 administrationem,
1645 5125 2007 5270 defensionemrlfl

566 5323 584 5368 s
624 5287 869 5378 custodiam
911 5289 1144 5392 ordinata3
1184 5287 1285 5376 licet
1333 5288 1454 5377 enim
1489 5289 1595 5376 haec
1628 5283 1771 5375 'officia
1811 5280 1889 5370 sint
1926 5285 1982 5400 qu}

568 5449 587 5494 s
625 5441 749 5504 mero
783 5413 1042 5538 temporale,
1078 5427 1401 5533 cousequenter
1440 5411 1485 5500 in
1537 5409 1798 5500 eorumdem
1836 5387 2005 5488 vendita·

567 5571 586 5610 ε
625 5565 683 5628 ne
715 5536 847 5626 detur
879 5535 1160 5627 solummodo
1196 5535 1437 5653 temporale
1486 5565 1569 5654 pro
1603 5529 1863 5654 temporali,
1896 5521 2002 5602 111111
