4558 6340
724 304 808 394 Dic
839 303 899 394 26
933 306 1107 424 Aprilis
1142 309 1279 401 1879.
1657 316 1751 417 213

255 429 383 522 alicui
419 457 474 514 ex
516 423 623 543 ipsis
658 427 927 546 Collegiatae
970 431 1184 522 Ecclesiae
1217 430 1445 522 Canouieis
1476 435 1632 552 collata
1665 439 1748 532 luit

255 586 355 644 euru
391 549 571 668 proprio
594 550 850 640 canonicatu
869 571 910 640 et
935 555 1192 671 praebenda
1214 557 1382 674 absque
1407 559 1658 676 Apostolica
1684 564 1755 652 di·

254 675 532 795 spensatione
564 704 645 761 ceu
669 689 821 792 aperte
852 679 1084 794 perhibent
1126 695 1236 780 acta,
1273 709 1443 770 necnon
1478 682 1632 774 llullae
1664 686 1750 776 col·

255 799 431 888 lationis
459 829 484 884 a
520 796 698 886 Dataria
733 800 979 913 Apostolica
1011 800 1260 916 evulgatae.
1748 895 1754 906 ,

378 925 559 1008 Praeter
589 919 845 1008 exercitium
879 953 1100 1016 saciacum
1134 921 1408 1018 functionum
1444 925 1485 1012 in
1520 927 1751 1020 solemnio·

255 1045 379 1134 ribus
411 1044 513 1131 anni
546 1040 870 1142 festivitatibus,
898 1047 1152 1162 Praeposito
1178 1077 1288 1136 onus
1312 1046 1525 1139 incumbit
1555 1053 1753 1146 eumiis-

255 1169 358 1256 dem
392 1185 483 1255 tum
503 1167 726 1254 nonnullis
748 1168 843 1256 aliis
865 1167 1036 1270 diebus,
1065 1200 1177 1288 quae
1206 1169 1363 1284 plenae
1389 1173 1456 1260 vel
1480 1172 1755 1288 semiplenae

254 1291 592 1409 Praepositurae
614 1289 839 1392 dicuntur,
866 1291 996 1378 choro
1020 1291 1357 1394 interveniendi3
1385 1323 1526 1410 eoque
1551 1313 1750 1412 tempore

257 1415 323 1503 ius
362 1413 509 1502 eidem
564 1413 776 1532 competit
822 1413 1017 1532 primum
1057 1415 1232 1504 stallum
1284 1414 1627 1506 Hebdomadarii
1677 1421 1750 1508 lo·-

256 1571 307 1627 co
362 1535 621 1652 occupandi.
675 1539 766 1622 lam
814 1539 873 1627 ab
905 1569 1022 1626 anno
1057 1539 1177 1626 l769
1226 1539 1381 1625 oborto
1422 1538 1603 1628 dissidio
1638 1541 1751 1638 inter

256 1661 526 1750 Canonicnm
564 1659 866 1774 Praepositum
902 1663 1111 1750 Cravazza
1144 1679 1187 1750 et
1222 1661 1465 1749 Canonicos
1488 1661 1747 1752 dictaeCol·

258 1785 444 1902 legistae
478 1780 610 1870 etiem
644 1781 756 1870 cirea
788 1785 963 1874 stallum
987 1784 1135 1872 cidem
1181 1783 1223 1868 in
1256 1783 1386 1870 choro
1420 1782 1624 1872 debitum
1659 1804 1748 1879 tam

255 1907 299 1994 in
334 1925 432 1992 actu
468 1903 747 2020 possessionis
770 1939 901 2026 quam
929 1908 971 1992 in
994 1905 1091 1995 aliis
1107 1905 1315 1994 omnibus
1338 1905 1637 1997 functionibus
1655 1910 1750 2026 qui·

255 2031 572 2144 boscumque,
610 2045 741 2142 atque
785 2030 1038 2148 quaestione
1077 2029 1134 2118 ad
1158 2029 1418 2148 Episcopum
1454 2031 1644 2120 Bertone
1677 2031 1751 2125 de·

258 2155 361 2252 lata,
417 2151 487 2238 laic
542 2149 739 2263 partibus
787 2152 947 2242 auditis
977 2153 1244 2268 respondere
1291 2153 1529 2244 arbitratus
1572 2168 1636 2240 est
1666 2187 1752 2242 ns-

259 2272 508 2389 siqncndurn
528 2272 777 2387 Praeposito
790 2275 957 2364 stallum
971 2275 1150 2362 medium
1166 2293 1247 2362 tani
1261 2275 1306 2360 in
1319 2277 1571 2389 possessione
1587 2278 1752 2394 capien-

257 2397 330 2495 dn,
349 2429 472 2513 quam
489 2395 534 2480 in
553 2395 737 2482 omnibus
755 2400 974 2486 successive
996 2397 1297 2516 functionibus.
1323 2397 1404 2487 Cui
1423 2396 1618 2513 Episcopi
1652 2398 1750 2514 opi-

261 2521 382 2608 nioni
405 2551 489 2606 nou
522 2519 655 2606 modo
673 2518 860 2635 delegati
890 2554 912 2610 a
950 2521 1152 2638 Capitulo
1185 2520 1553 2637 subscripserunt,
1592 2551 1749 2610 verum

259 2645 393 2730 etiam
444 2641 648 2729 eamdem
683 2644 999 2732 confirmarunt
1047 2643 1252 2733 Canonici
1294 2673 1407 2732 aiano
1442 2643 1554 2732 1811
1591 2643 1750 2732 arnica-

263 2765 344 2856 bili
380 2765 485 2852 inita
519 2767 811 2856 conventione
844 2799 943 2856 cum
987 2767 1206 2859 Canonico
1249 2765 1389 2854 Diana
1412 2777 1514 2856 tunc
1539 2763 1581 2850 in
1618 2767 1748 2856 Prae·

263 2889 452 3008 positum
486 2889 640 2992 clecto;
678 2919 776 2978 curn
812 2893 893 2980 lrac
925 2907 1072 2978 tamen
1094 2889 1346 2978 conditione
1367 2919 1525 2976 ameno
1565 2885 1637 2976 clrc
1656 2920 1752 2976 cen·

260 3045 315 3126 qo
348 3044 432 3098 urin
465 3011 669 3098 decisione
701 3015 917 3102 eorrtrorin
949 3013 1070 3100 dallo
1102 3013 1232 3101 Senta
1261 3011 1381 3100 Sede.
1436 3015 1748 3098 Verumtamen

266 3137 383 3225 haud
416 3135 594 3254 pacifice
628 3167 695 3222 res
730 3137 771 3224 in
800 3156 1019 3254 posterum
1039 3151 1362 3255 processerunt;
1388 3132 1752 3254 quandoquidem

264 3273 431 3346 constat
452 3257 751 3378 quaestionem
787 3262 898 3350 hanc
913 3291 1060 3348 rursus
1078 3259 1309 3347 excitatam
1334 3257 1464 3346 luisse
1495 3287 1609 3344 anno
1628 3257 1749 3348 1815

264 3397 396 3498 atque
432 3415 456 3470 a
499 3383 718 3471 Canopico
743 3383 996 3501 Praeposito
1022 3383 1159 3470 Diana
1183 3381 1235 3469 nd
1262 3379 1457 3469 tribunal
1480 3378 1599 3496 quod
1621 3381 1751 3496 vulgo

266 3503 387 3590 audit
419 3507 566 3593 Secuto
600 3505 648 3592 di
680 3507 828 3594 Gesnlc
860 3507 1069 3608 delatam,
1095 3505 1302 3626 quodque
1337 3523 1438 3592 tunc
1464 3501 1671 3618 temporis
1694 3533 1749 3589 ex

262 3629 552 3716 conventione
584 3630 693 3718 inita
724 3661 825 3718 cum
860 3631 1104 3748 Subalpino
1136 3628 1352 3747 gubernio
1380 3640 1637 3714 auctorante
1669 3627 1754 3716 Be·

263 3751 439 3838 nedictn
473 3755 573 3840 XlV
618 3753 692 3842 lel.
740 3763 827 3842 roc.
878 3772 1130 3868 competens
1178 3767 1273 3840 crat
1319 3781 1452 3866 super
1487 3747 1749 3866 possessorio

261 3901 492 3961 causarum
516 3871 628 3964 statu
661 3876 930 3965 definiendo.
956 3875 1222 3988 Quaestione
1247 3873 1376 3992 igitur
1398 3872 1588 3960 discussa
1619 3899 1747 3986 prae-

259 3993 398 4082 latum
435 3997 629 4086 tribunal
663 4001 750 4088 sub
783 4001 857 4090 die
889 4001 919 4088 5
952 3999 1114 4116 Aprilis
1142 3999 1259 4085 1815
1281 4013 1537 4116 sequentem
1562 3991 1746 4112 protulit

261 4121 525 4208 sententiam
566 4162 584 4199 ε
622 4121 690 4210 Hc
723 4122 964 4210 dielsicrato
998 4157 1018 4208 e
1049 4119 1249 4208 diclsiarc
1296 4119 1463 4207 daversi
1497 4131 1745 4213 montencrc,

261 4271 371 4328 corice
403 4247 606 4332 montione
638 4245 674 4332 it
705 4247 906 4336 Precosto
940 4247 1081 4332 Diana
1108 4243 1175 4330 nel
1194 4273 1378 4360 possesso
1411 4241 1462 4330 di
1497 4269 1618 4328 overe
1665 4270 1745 4325 eno

263 4365 389 4451 stello
424 4367 601 4456 distinto
636 4369 680 4455 in
713 4403 854 4458 mezzo
885 4370 932 4456 cl
964 4369 1075 4456 Coro
1115 4409 1154 4456 ι.

390 4491 625 4580 Posteriori
662 4509 859 4611 tempore
892 4522 1008 4580 anno
1041 4521 1203 4608 nempe
1236 4488 1355 4579 1855
1377 4513 1478 4575 cum
1509 4479 1753 4574 Canonicus

266 4608 400 4696 lulius
433 4614 733 4734 Gnglielmetti
768 4617 823 4705 ad
857 4615 1189 4732 Praepositurac
1212 4611 1473 4728 dignitatem
1497 4605 1625 4694 luerit
1645 4631 1752 4690 ere·

264 4749 385 4848 ctus,
417 4767 501 4853 ope
522 4757 640 4828 aetus
660 4740 911 4857 capitularis
945 4739 1032 4828 diei
1060 4739 1116 4826 15
1141 4735 1280 4825 Martii
1306 4726 1635 4830 eiusdemanni
1658 4725 1752 4844 ipso

260 4879 494 4971 praesente
517 4882 559 4950 et
583 4879 837 4982 acceptante
865 4863 1116 4978 Praeposito
1140 4874 1351 4948 statutum
1382 4855 1465 4944 luit
1489 4867 1536 4942 ut
1557 4853 1752 4988 prinum

266 4977 444 5074 stallum
480 4985 524 5073 in
562 4986 753 5074 chorea
805 4985 1058 5103 Praeposito
1101 4981 1305 5099 occupari
1358 5009 1448 5066 uon
1488 4993 1635 5094 posset
1668 4971 1753 5062 nisi

261 5099 310 5186 iu
347 5105 396 5190 iis
427 5107 619 5212 diebus,
665 5107 710 5195 in
756 5109 920 5227 quibas
963 5107 1018 5196 ad
1051 5105 1355 5222 Praepositum
1386 5111 1623 5219 spectasset
1655 5095 1753 5186 lun-

263 5225 434 5317 ctioncs
465 5262 694 5350 peragere,
721 5231 764 5319 in
786 5231 969 5348 reliquis
1003 5225 1385 5320 remordendum
1434 5237 1547 5312 essct
1587 5220 1632 5312 ol
1663 5214 1754 5308 solo

263 5351 509 5470 principale
538 5356 813 5477 [cricionnrrtc
844 5355 909 5440 sic
949 5355 1149 5441 Prenosto
1182 5385 1205 5440 o
1238 5347 1450 5438 Cancrticn
1485 5339 1758 5436 Eddcmndo-

265 5472 354 5578 rio,
381 5478 497 5568 oclu'
526 5479 706 5598 peremi
727 5476 897 5600 nesarci
931 5477 968 5564 ln
997 5478 1086 5564 occi
1108 5477 1154 5564 in
1186 5507 1278 5562 rosc
1312 5471 1361 5562 di
1393 5501 1579 5570 nsscnzc,
1606 5465 1757 5574 malul-
