<?xml version="1.0" encoding="UTF-8"?>
<!DOCTYPE html PUBLIC "-//W3C//DTD XHTML 1.0 Transitional//EN"
    "http://www.w3.org/TR/xhtml1/DTD/xhtml1-transitional.dtd">
<html xmlns="http://www.w3.org/1999/xhtml" xml:lang="en" lang="en">
 <head>
  <title>
</title>
<meta http-equiv="Content-Type" content="text/html;charset=utf-8" />
  <meta name='ocr-system' content='tesseract 3.04.00' />
  <meta name='ocr-capabilities' content='ocr_page ocr_carea ocr_par ocr_line ocrx_word'/>
</head>
<body>
  <div class='ocr_page' id='page_1' title='image "./thesaurusresolu00churgoog_0562.png"; bbox 0 0 4350 6326; ppageno 0'>
   <div class='ocr_carea' id='block_1_1' title="bbox 619 356 1662 450">
    <p class='ocr_par' dir='ltr' id='par_1_1' title="bbox 619 356 1662 450">
     <span class='ocr_line' id='line_1_1' title="bbox 619 356 1662 450; baseline 0.007 -8"><span class='ocrx_word' id='word_1_1' title='bbox 619 356 793 446; x_wconf 75' lang='lat' dir='ltr'><strong>Dicae</strong></span> <span class='ocrx_word' id='word_1_2' title='bbox 824 357 1061 446; x_wconf 78' lang='lat' dir='ltr'><strong><em>Decembris</em></strong></span> <span class='ocrx_word' id='word_1_3' title='bbox 1095 357 1232 450; x_wconf 85' lang='grc'><strong>1879.</strong></span> <span class='ocrx_word' id='word_1_4' title='bbox 1578 361 1662 450; x_wconf 84' lang='lat' dir='ltr'><strong>55t</strong></span> 
     </span>
    </p>
   </div>
   <div class='ocr_carea' id='block_1_2' title="bbox 164 478 1667 5654">
    <p class='ocr_par' dir='ltr' id='par_1_2' title="bbox 175 478 1667 1706">
     <span class='ocr_line' id='line_1_2' title="bbox 180 478 1665 600; baseline -0.001 -26"><span class='ocrx_word' id='word_1_5' title='bbox 180 478 418 574; x_wconf 82' lang='lat' dir='ltr'><strong>servantia.</strong></span> <span class='ocrx_word' id='word_1_6' title='bbox 455 483 502 568; x_wconf 95' lang='lat' dir='ltr'><strong>ln</strong></span> <span class='ocrx_word' id='word_1_7' title='bbox 536 511 625 600; x_wconf 93' lang='lat' dir='ltr'><strong>quo</strong></span> <span class='ocrx_word' id='word_1_8' title='bbox 659 481 1021 572; x_wconf 80' lang='lat' dir='ltr'><strong>immemorabilis</strong></span> <span class='ocrx_word' id='word_1_9' title='bbox 1069 481 1360 588; x_wconf 88' lang='lat' dir='ltr'><strong>observantia,</strong></span> <span class='ocrx_word' id='word_1_10' title='bbox 1411 482 1533 572; x_wconf 89' lang='lat' dir='ltr'><strong>cuius</strong></span> <span class='ocrx_word' id='word_1_11' title='bbox 1584 486 1665 572; x_wconf 83' lang='lat' dir='ltr'><strong>ini·</strong></span> 
     </span>
     <span class='ocr_line' id='line_1_3' title="bbox 179 603 1664 721; baseline -0.001 -26"><span class='ocrx_word' id='word_1_12' title='bbox 179 606 296 695; x_wconf 89' lang='lat' dir='ltr'><strong>tium</strong></span> <span class='ocrx_word' id='word_1_13' title='bbox 330 635 416 692; x_wconf 95' lang='lat' dir='ltr'><strong>non</strong></span> <span class='ocrx_word' id='word_1_14' title='bbox 451 603 713 721; x_wconf 74' lang='lat' dir='ltr'><strong>agnoscitur,</strong></span> <span class='ocrx_word' id='word_1_15' title='bbox 742 635 827 692; x_wconf 94' lang='lat' dir='ltr'><strong>non</strong></span> <span class='ocrx_word' id='word_1_16' title='bbox 851 604 1109 694; x_wconf 70' lang='lat' dir='ltr'><strong>contradicit</strong></span> <span class='ocrx_word' id='word_1_17' title='bbox 1143 605 1566 695; x_wconf 89' lang='lat' dir='ltr'><strong>reiiudicataeortac</strong></span> <span class='ocrx_word' id='word_1_18' title='bbox 1601 607 1664 694; x_wconf 93' lang='lat' dir='ltr'><strong>in·</strong></span> 
     </span>
     <span class='ocr_line' id='line_1_4' title="bbox 180 726 1667 846; baseline 0.004 -32"><span class='ocrx_word' id='word_1_19' title='bbox 180 743 249 816; x_wconf 92' lang='lat' dir='ltr'><strong>ter</strong></span> <span class='ocrx_word' id='word_1_20' title='bbox 284 741 428 846; x_wconf 86' lang='lat' dir='ltr'><strong>partes</strong></span> <span class='ocrx_word' id='word_1_21' title='bbox 477 757 530 813; x_wconf 91' lang='lat' dir='ltr'><strong>ex</strong></span> <span class='ocrx_word' id='word_1_22' title='bbox 583 726 674 844; x_wconf 91' lang='lat' dir='ltr'><strong>ipso</strong></span> <span class='ocrx_word' id='word_1_23' title='bbox 723 728 950 844; x_wconf 85' lang='lat' dir='ltr'><strong>Rescripto</strong></span> <span class='ocrx_word' id='word_1_24' title='bbox 1002 731 1048 820; x_wconf 90' lang='lat' dir='ltr'><strong>S.</strong></span> <span class='ocrx_word' id='word_1_25' title='bbox 1084 729 1441 846; x_wconf 87' lang='lat' dir='ltr'><strong>Congregationis</strong></span> <span class='ocrx_word' id='word_1_26' title='bbox 1487 729 1667 820; x_wconf 86' lang='lat' dir='ltr'><strong>Rituum</strong></span> 
     </span>
     <span class='ocr_line' id='line_1_5' title="bbox 178 851 1667 972; baseline 0.001 -32"><span class='ocrx_word' id='word_1_27' title='bbox 178 851 289 940; x_wconf 90' lang='lat' dir='ltr'><strong>anni</strong></span> <span class='ocrx_word' id='word_1_28' title='bbox 326 851 460 950; x_wconf 89' lang='grc'><strong>1636,</strong></span> <span class='ocrx_word' id='word_1_29' title='bbox 499 880 613 967; x_wconf 86' lang='lat' dir='ltr'><strong>quae</strong></span> <span class='ocrx_word' id='word_1_30' title='bbox 647 867 807 939; x_wconf 88' lang='lat' dir='ltr'><strong>certam</strong></span> <span class='ocrx_word' id='word_1_31' title='bbox 845 851 976 938; x_wconf 87' lang='lat' dir='ltr'><strong>babet</strong></span> <span class='ocrx_word' id='word_1_32' title='bbox 1008 851 1242 970; x_wconf 79' lang='lat' dir='ltr'><strong>originem,</strong></span> <span class='ocrx_word' id='word_1_33' title='bbox 1270 883 1368 940; x_wconf 92' lang='lat' dir='ltr'><strong>nam</strong></span> <span class='ocrx_word' id='word_1_34' title='bbox 1396 852 1667 972; x_wconf 88' lang='lat' dir='ltr'><strong>ritequoque</strong></span> 
     </span>
     <span class='ocr_line' id='line_1_6' title="bbox 176 972 1666 1068; baseline 0 -6"><span class='ocrx_word' id='word_1_35' title='bbox 176 1004 280 1062; x_wconf 88' lang='lat' dir='ltr'><strong>eum</strong></span> <span class='ocrx_word' id='word_1_36' title='bbox 319 973 411 1068; x_wconf 90' lang='lat' dir='ltr'><strong>aliis</strong></span> <span class='ocrx_word' id='word_1_37' title='bbox 448 972 582 1062; x_wconf 91' lang='lat' dir='ltr'><strong>titulis</strong></span> <span class='ocrx_word' id='word_1_38' title='bbox 614 973 740 1061; x_wconf 86' lang='lat' dir='ltr'><strong>certis</strong></span> <span class='ocrx_word' id='word_1_39' title='bbox 773 973 1054 1062; x_wconf 87' lang='lat' dir='ltr'><strong>observantia</strong></span> <span class='ocrx_word' id='word_1_40' title='bbox 1087 974 1452 1064; x_wconf 77' lang='lat' dir='ltr'><strong>immemorabilis</strong></span> <span class='ocrx_word' id='word_1_41' title='bbox 1487 975 1529 1062; x_wconf 92' lang='lat' dir='ltr'><strong>iu</strong></span> <span class='ocrx_word' id='word_1_42' title='bbox 1550 975 1666 1064; x_wconf 90' lang='lat' dir='ltr'><strong>iudi·</strong></span> 
     </span>
     <span class='ocr_line' id='line_1_7' title="bbox 178 1095 1666 1216; baseline 0.002 -32"><span class='ocrx_word' id='word_1_43' title='bbox 178 1095 248 1184; x_wconf 91' lang='lat' dir='ltr'><strong>cio</strong></span> <span class='ocrx_word' id='word_1_44' title='bbox 283 1097 549 1200; x_wconf 88' lang='lat' dir='ltr'><strong>cumulatur,</strong></span> <span class='ocrx_word' id='word_1_45' title='bbox 586 1126 723 1214; x_wconf 91' lang='lat' dir='ltr'><strong>quum</strong></span> <span class='ocrx_word' id='word_1_46' title='bbox 748 1097 791 1184; x_wconf 90' lang='lat' dir='ltr'><strong>bi</strong></span> <span class='ocrx_word' id='word_1_47' title='bbox 815 1097 899 1184; x_wconf 88' lang='lat' dir='ltr'><strong>sint</strong></span> <span class='ocrx_word' id='word_1_48' title='bbox 933 1097 1193 1216; x_wconf 90' lang='lat' dir='ltr'><strong>posteriores</strong></span> <span class='ocrx_word' id='word_1_49' title='bbox 1216 1097 1296 1216; x_wconf 91' lang='lat' dir='ltr'><strong>ipsi</strong></span> <span class='ocrx_word' id='word_1_50' title='bbox 1323 1099 1666 1188; x_wconf 78' lang='lat' dir='ltr'><strong>immemorabili</strong></span> 
     </span>
     <span class='ocr_line' id='line_1_8' title="bbox 179 1217 1667 1341; baseline 0.003 -36"><span class='ocrx_word' id='word_1_51' title='bbox 179 1217 393 1341; x_wconf 88' lang='lat' dir='ltr'><strong>illamque</strong></span> <span class='ocrx_word' id='word_1_52' title='bbox 406 1217 769 1320; x_wconf 66' lang='lat' dir='ltr'><strong>confirmarant</strong></span> <span class='ocrx_word' id='word_1_53' title='bbox 798 1220 947 1322; x_wconf 86' lang='lat' dir='ltr'><strong>ctiam,</strong></span> <span class='ocrx_word' id='word_1_54' title='bbox 982 1221 1276 1309; x_wconf 73' lang='lat' dir='ltr'><strong>anterioribus</strong></span> <span class='ocrx_word' id='word_1_55' title='bbox 1325 1220 1407 1308; x_wconf 91' lang='lat' dir='ltr'><strong>illis</strong></span> <span class='ocrx_word' id='word_1_56' title='bbox 1438 1221 1667 1310; x_wconf 88' lang='lat' dir='ltr'><strong>existenti-</strong></span> 
     </span>
     <span class='ocr_line' id='line_1_9' title="bbox 176 1341 1664 1448; baseline 0.005 -20"><span class='ocrx_word' id='word_1_57' title='bbox 176 1341 283 1448; x_wconf 89' lang='lat' dir='ltr'><strong>bus,</strong></span> <span class='ocrx_word' id='word_1_58' title='bbox 326 1341 549 1431; x_wconf 89' lang='lat' dir='ltr'><strong>deducens</strong></span> <span class='ocrx_word' id='word_1_59' title='bbox 604 1343 1017 1448; x_wconf 88' lang='lat' dir='ltr'><strong>immemorabilem,</strong></span> <span class='ocrx_word' id='word_1_60' title='bbox 1057 1343 1105 1431; x_wconf 90' lang='lat' dir='ltr'><strong>iis</strong></span> <span class='ocrx_word' id='word_1_61' title='bbox 1139 1343 1357 1432; x_wconf 89' lang='lat' dir='ltr'><strong>exclusive</strong></span> <span class='ocrx_word' id='word_1_62' title='bbox 1395 1363 1438 1434; x_wconf 91' lang='lat' dir='ltr'><strong>ct</strong></span> <span class='ocrx_word' id='word_1_63' title='bbox 1474 1345 1664 1435; x_wconf 88' lang='lat' dir='ltr'><strong>taxative</strong></span> 
     </span>
     <span class='ocr_line' id='line_1_10' title="bbox 178 1463 1666 1587; baseline 0.003 -35"><span class='ocrx_word' id='word_1_64' title='bbox 178 1496 269 1553; x_wconf 92' lang='lat' dir='ltr'><strong>non</strong></span> <span class='ocrx_word' id='word_1_65' title='bbox 309 1463 545 1554; x_wconf 90' lang='lat' dir='ltr'><strong>adhaereat</strong></span> <span class='ocrx_word' id='word_1_66' title='bbox 580 1465 725 1554; x_wconf 88' lang='lat' dir='ltr'><strong>Piton.</strong></span> <span class='ocrx_word' id='word_1_67' title='bbox 764 1465 868 1552; x_wconf 85' lang='lat' dir='ltr'><strong>disc.</strong></span> <span class='ocrx_word' id='word_1_68' title='bbox 904 1466 1124 1554; x_wconf 81' lang='lat' dir='ltr'><strong>ecclesiast.</strong></span> <span class='ocrx_word' id='word_1_69' title='bbox 1164 1465 1268 1554; x_wconf 80' lang='lat' dir='ltr'><strong>disc.</strong></span> <span class='ocrx_word' id='word_1_70' title='bbox 1306 1470 1365 1556; x_wconf 79' lang='lat'><strong>23</strong></span> <span class='ocrx_word' id='word_1_71' title='bbox 1400 1465 1445 1587; x_wconf 75' lang='lat' dir='ltr'><strong>S.</strong></span> <span class='ocrx_word' id='word_1_72' title='bbox 1471 1469 1532 1557; x_wconf 79' lang='lat'><strong>26</strong></span> <span class='ocrx_word' id='word_1_73' title='bbox 1555 1467 1666 1556; x_wconf 91' lang='lat' dir='ltr'><strong>etde</strong></span> 
     </span>
     <span class='ocr_line' id='line_1_11' title="bbox 175 1587 1176 1706; baseline 0.001 -30"><span class='ocrx_word' id='word_1_74' title='bbox 175 1604 367 1676; x_wconf 86' lang='lat' dir='ltr'><strong>controv.</strong></span> <span class='ocrx_word' id='word_1_75' title='bbox 416 1606 585 1705; x_wconf 87' lang='lat' dir='ltr'><strong>patron.</strong></span> <span class='ocrx_word' id='word_1_76' title='bbox 642 1587 811 1706; x_wconf 81' lang='lat' dir='ltr'><strong>nllepot.</strong></span> <span class='ocrx_word' id='word_1_77' title='bbox 859 1589 919 1677; x_wconf 85' lang='lat'><strong>58</strong></span> <span class='ocrx_word' id='word_1_78' title='bbox 952 1589 1065 1678; x_wconf 86' lang='lat' dir='ltr'><strong>num.</strong></span> <span class='ocrx_word' id='word_1_79' title='bbox 1100 1591 1176 1680; x_wconf 80' lang='lat'><strong>28.</strong></span> 
     </span>
    </p>

    <p class='ocr_par' dir='ltr' id='par_1_3' title="bbox 166 1711 1665 3278">
     <span class='ocr_line' id='line_1_12' title="bbox 305 1711 1663 1833; baseline 0.002 -34"><span class='ocrx_word' id='word_1_80' title='bbox 305 1711 459 1824; x_wconf 82' lang='lat' dir='ltr'><strong>Quoad</strong></span> <span class='ocrx_word' id='word_1_81' title='bbox 483 1728 566 1800; x_wconf 84' lang='lat' dir='ltr'><strong>ort.</strong></span> <span class='ocrx_word' id='word_1_82' title='bbox 584 1713 627 1799; x_wconf 89' lang='lat'><strong>6.</strong></span> <span class='ocrx_word' id='word_1_83' title='bbox 646 1713 820 1802; x_wconf 89' lang='lat' dir='ltr'><strong>Decrcti</strong></span> <span class='ocrx_word' id='word_1_84' title='bbox 840 1712 886 1802; x_wconf 89' lang='lat' dir='ltr'><strong>S.</strong></span> <span class='ocrx_word' id='word_1_85' title='bbox 902 1711 971 1816; x_wconf 88' lang='lat' dir='ltr'><strong>C.,</strong></span> <span class='ocrx_word' id='word_1_86' title='bbox 993 1728 1143 1830; x_wconf 89' lang='lat' dir='ltr'><strong>aperte</strong></span> <span class='ocrx_word' id='word_1_87' title='bbox 1166 1711 1373 1802; x_wconf 89' lang='lat' dir='ltr'><strong>decernes</strong></span> <span class='ocrx_word' id='word_1_88' title='bbox 1411 1712 1663 1833; x_wconf 89' lang='lat' dir='ltr'><strong>Capitulum</strong></span> 
     </span>
     <span class='ocr_line' id='line_1_13' title="bbox 174 1833 1660 1954; baseline 0.003 -34"><span class='ocrx_word' id='word_1_89' title='bbox 174 1833 426 1924; x_wconf 78' lang='lat' dir='ltr'><strong>[unctiones</strong></span> <span class='ocrx_word' id='word_1_90' title='bbox 459 1845 591 1954; x_wconf 87' lang='lat' dir='ltr'><strong>agere</strong></span> <span class='ocrx_word' id='word_1_91' title='bbox 626 1867 751 1954; x_wconf 87' lang='lat' dir='ltr'><strong>posse</strong></span> <span class='ocrx_word' id='word_1_92' title='bbox 783 1865 882 1925; x_wconf 90' lang='lat' dir='ltr'><strong>cum</strong></span> <span class='ocrx_word' id='word_1_93' title='bbox 919 1837 1167 1954; x_wconf 79' lang='lat' dir='ltr'><strong>Praeposito</strong></span> <span class='ocrx_word' id='word_1_94' title='bbox 1193 1835 1234 1924; x_wconf 90' lang='lat' dir='ltr'><strong>in</strong></span> <span class='ocrx_word' id='word_1_95' title='bbox 1276 1835 1474 1934; x_wconf 88' lang='lat' dir='ltr'><strong>Ecclesiis</strong></span> <span class='ocrx_word' id='word_1_96' title='bbox 1524 1839 1660 1924; x_wconf 86' lang='lat' dir='ltr'><strong>Motu-</strong></span> 
     </span>
     <span class='ocr_line' id='line_1_14' title="bbox 172 1957 1665 2078; baseline 0.004 -32"><span class='ocrx_word' id='word_1_97' title='bbox 172 1989 269 2059; x_wconf 90' lang='lat' dir='ltr'><strong>cae,</strong></span> <span class='ocrx_word' id='word_1_98' title='bbox 308 1957 364 2046; x_wconf 92' lang='lat' dir='ltr'><strong>de</strong></span> <span class='ocrx_word' id='word_1_99' title='bbox 412 1991 498 2077; x_wconf 89' lang='lat' dir='ltr'><strong>quo</strong></span> <span class='ocrx_word' id='word_1_100' title='bbox 534 1960 575 2046; x_wconf 95' lang='lat' dir='ltr'><strong>in</strong></span> <span class='ocrx_word' id='word_1_101' title='bbox 613 1959 754 2078; x_wconf 90' lang='lat' dir='ltr'><strong>primo</strong></span> <span class='ocrx_word' id='word_1_102' title='bbox 788 1959 1064 2048; x_wconf 88' lang='lat' dir='ltr'><strong>Delensionis</strong></span> <span class='ocrx_word' id='word_1_103' title='bbox 1095 1959 1264 2078; x_wconf 84' lang='lat' dir='ltr'><strong>Capite,</strong></span> <span class='ocrx_word' id='word_1_104' title='bbox 1288 1959 1388 2047; x_wconf 88' lang='lat' dir='ltr'><strong>licet</strong></span> <span class='ocrx_word' id='word_1_105' title='bbox 1410 1960 1583 2046; x_wconf 90' lang='lat' dir='ltr'><strong>editum</strong></span> <span class='ocrx_word' id='word_1_106' title='bbox 1619 1959 1665 2053; x_wconf 89' lang='lat' dir='ltr'><strong>in</strong></span> 
     </span>
     <span class='ocr_line' id='line_1_15' title="bbox 167 2081 1662 2200; baseline -0.001 -30"><span class='ocrx_word' id='word_1_107' title='bbox 167 2082 432 2200; x_wconf 89' lang='lat' dir='ltr'><strong>quaestione</strong></span> <span class='ocrx_word' id='word_1_108' title='bbox 483 2081 750 2170; x_wconf 90' lang='lat' dir='ltr'><strong>matricitatis</strong></span> <span class='ocrx_word' id='word_1_109' title='bbox 783 2113 881 2170; x_wconf 91' lang='lat' dir='ltr'><strong>cum</strong></span> <span class='ocrx_word' id='word_1_110' title='bbox 913 2083 998 2171; x_wconf 90' lang='lat' dir='ltr'><strong>alia</strong></span> <span class='ocrx_word' id='word_1_111' title='bbox 1033 2083 1218 2172; x_wconf 87' lang='lat' dir='ltr'><strong>Ecclesia</strong></span> <span class='ocrx_word' id='word_1_112' title='bbox 1267 2083 1508 2171; x_wconf 84' lang='lat' dir='ltr'><strong>Perochiali</strong></span> <span class='ocrx_word' id='word_1_113' title='bbox 1536 2083 1662 2170; x_wconf 89' lang='lat' dir='ltr'><strong>item-</strong></span> 
     </span>
     <span class='ocr_line' id='line_1_16' title="bbox 167 2205 1661 2324; baseline 0.001 -34"><span class='ocrx_word' id='word_1_114' title='bbox 167 2234 258 2320; x_wconf 91' lang='lat' dir='ltr'><strong>que</strong></span> <span class='ocrx_word' id='word_1_115' title='bbox 283 2205 521 2324; x_wconf 80' lang='lat' dir='ltr'><strong>Collcgrata</strong></span> <span class='ocrx_word' id='word_1_116' title='bbox 545 2205 590 2294; x_wconf 93' lang='lat' dir='ltr'><strong>S</strong></span> <span class='ocrx_word' id='word_1_117' title='bbox 619 2206 748 2309; x_wconf 84' lang='lat' dir='ltr'><strong>Petri,</strong></span> <span class='ocrx_word' id='word_1_118' title='bbox 776 2206 856 2294; x_wconf 89' lang='lat' dir='ltr'><strong>rite</strong></span> <span class='ocrx_word' id='word_1_119' title='bbox 882 2221 1028 2294; x_wconf 88' lang='lat' dir='ltr'><strong>tamen</strong></span> <span class='ocrx_word' id='word_1_120' title='bbox 1052 2205 1247 2323; x_wconf 86' lang='lat' dir='ltr'><strong>percellit</strong></span> <span class='ocrx_word' id='word_1_121' title='bbox 1281 2208 1411 2294; x_wconf 90' lang='lat' dir='ltr'><strong>etiam</strong></span> <span class='ocrx_word' id='word_1_122' title='bbox 1432 2205 1661 2294; x_wconf 90' lang='lat' dir='ltr'><strong>Ecclesiam</strong></span> 
     </span>
     <span class='ocr_line' id='line_1_17' title="bbox 168 2327 1664 2450; baseline -0.003 -32"><span class='ocrx_word' id='word_1_123' title='bbox 168 2327 216 2418; x_wconf 91' lang='grc'><strong>8.</strong></span> <span class='ocrx_word' id='word_1_124' title='bbox 256 2327 448 2432; x_wconf 82' lang='grc' dir='ltr'>Ιοιιιιιίι,</span> <span class='ocrx_word' id='word_1_125' title='bbox 507 2327 611 2447; x_wconf 91' lang='lat' dir='ltr'><strong>quia</strong></span> <span class='ocrx_word' id='word_1_126' title='bbox 644 2360 742 2416; x_wconf 92' lang='lat' dir='ltr'><strong>cum</strong></span> <span class='ocrx_word' id='word_1_127' title='bbox 779 2327 822 2416; x_wconf 92' lang='lat' dir='ltr'><strong>in</strong></span> <span class='ocrx_word' id='word_1_128' title='bbox 859 2361 909 2417; x_wconf 87' lang='lat' dir='ltr'><strong>ea</strong></span> <span class='ocrx_word' id='word_1_129' title='bbox 946 2328 1019 2416; x_wconf 92' lang='lat' dir='ltr'><strong>lite</strong></span> <span class='ocrx_word' id='word_1_130' title='bbox 1072 2345 1275 2448; x_wconf 83' lang='lat' dir='ltr'><strong>ageretur</strong></span> <span class='ocrx_word' id='word_1_131' title='bbox 1319 2359 1536 2450; x_wconf 89' lang='lat' dir='ltr'><strong>quaenam</strong></span> <span class='ocrx_word' id='word_1_132' title='bbox 1578 2331 1664 2416; x_wconf 89' lang='lat' dir='ltr'><strong>Ec-</strong></span> 
     </span>
     <span class='ocr_line' id='line_1_18' title="bbox 166 2449 1661 2569; baseline -0.001 -31"><span class='ocrx_word' id='word_1_133' title='bbox 166 2449 301 2538; x_wconf 89' lang='lat' dir='ltr'><strong>clesia</strong></span> <span class='ocrx_word' id='word_1_134' title='bbox 351 2451 470 2567; x_wconf 90' lang='lat' dir='ltr'><strong>prior</strong></span> <span class='ocrx_word' id='word_1_135' title='bbox 518 2455 712 2541; x_wconf 88' lang='lat' dir='ltr'><strong>lllotucae</strong></span> <span class='ocrx_word' id='word_1_136' title='bbox 756 2451 931 2541; x_wconf 87' lang='lat' dir='ltr'><strong>condita</strong></span> <span class='ocrx_word' id='word_1_137' title='bbox 982 2471 1129 2558; x_wconf 91' lang='lat' dir='ltr'><strong>essct,</strong></span> <span class='ocrx_word' id='word_1_138' title='bbox 1180 2451 1247 2540; x_wconf 92' lang='lat' dir='ltr'><strong>cui</strong></span> <span class='ocrx_word' id='word_1_139' title='bbox 1298 2468 1531 2569; x_wconf 90' lang='lat' dir='ltr'><strong>propterea</strong></span> <span class='ocrx_word' id='word_1_140' title='bbox 1585 2449 1661 2537; x_wconf 92' lang='lat' dir='ltr'><strong>de·</strong></span> 
     </span>
     <span class='ocr_line' id='line_1_19' title="bbox 168 2570 1663 2693; baseline 0 -33"><span class='ocrx_word' id='word_1_141' title='bbox 168 2573 386 2662; x_wconf 89' lang='lat' dir='ltr'><strong>berentur</strong></span> <span class='ocrx_word' id='word_1_142' title='bbox 454 2575 826 2693; x_wconf 85' lang='lat' dir='ltr'><strong>praeeminentiae</strong></span> <span class='ocrx_word' id='word_1_143' title='bbox 898 2575 1168 2664; x_wconf 88' lang='lat' dir='ltr'><strong>matricitatis</strong></span> <span class='ocrx_word' id='word_1_144' title='bbox 1217 2592 1258 2664; x_wconf 90' lang='lat' dir='ltr'><strong>et</strong></span> <span class='ocrx_word' id='word_1_145' title='bbox 1313 2575 1546 2664; x_wconf 85' lang='lat' dir='ltr'><strong>delinitum</strong></span> <span class='ocrx_word' id='word_1_146' title='bbox 1605 2570 1663 2660; x_wconf 90' lang='lat' dir='ltr'><strong>sit</strong></span> 
     </span>
     <span class='ocr_line' id='line_1_20' title="bbox 167 2696 1662 2840; baseline 0 -58"><span class='ocrx_word' id='word_1_147' title='bbox 167 2725 268 2784; x_wconf 89' lang='lat' dir='ltr'><strong>eam</strong></span> <span class='ocrx_word' id='word_1_148' title='bbox 321 2698 509 2788; x_wconf 86' lang='lat' dir='ltr'><strong>existere</strong></span> <span class='ocrx_word' id='word_1_149' title='bbox 541 2697 792 2788; x_wconf 86' lang='lat' dir='ltr'><strong>Ecclesiam</strong></span> <span class='ocrx_word' id='word_1_150' title='bbox 844 2701 891 2791; x_wconf 92' lang='grc'><strong>8.</strong></span> <span class='ocrx_word' id='word_1_151' title='bbox 928 2699 1153 2840; x_wconf 87' lang='lat' dir='ltr'><strong>Georgii,</strong></span> <span class='ocrx_word' id='word_1_152' title='bbox 1214 2697 1382 2788; x_wconf 88' lang='lat' dir='ltr'><strong>traditis</strong></span> <span class='ocrx_word' id='word_1_153' title='bbox 1438 2696 1662 2814; x_wconf 89' lang='lat' dir='ltr'><strong>praeemi-</strong></span> 
     </span>
     <span class='ocr_line' id='line_1_21' title="bbox 168 2819 1660 2941; baseline 0.002 -38"><span class='ocrx_word' id='word_1_154' title='bbox 168 2820 347 2922; x_wconf 87' lang='lat' dir='ltr'><strong>nentiis,</strong></span> <span class='ocrx_word' id='word_1_155' title='bbox 401 2822 566 2941; x_wconf 93' lang='lat' dir='ltr'><strong>oppido</strong></span> <span class='ocrx_word' id='word_1_156' title='bbox 616 2821 816 2912; x_wconf 85' lang='lat' dir='ltr'><strong>definitio</strong></span> <span class='ocrx_word' id='word_1_157' title='bbox 867 2822 1087 2910; x_wconf 89' lang='lat' dir='ltr'><strong>universas</strong></span> <span class='ocrx_word' id='word_1_158' title='bbox 1137 2823 1240 2910; x_wconf 88' lang='lat' dir='ltr'><strong>alias</strong></span> <span class='ocrx_word' id='word_1_159' title='bbox 1287 2823 1494 2908; x_wconf 88' lang='lat' dir='ltr'><strong>Ecclesias</strong></span> <span class='ocrx_word' id='word_1_160' title='bbox 1542 2819 1660 2910; x_wconf 87' lang='lat' dir='ltr'><strong>Civi-</strong></span> 
     </span>
     <span class='ocr_line' id='line_1_22' title="bbox 168 2940 1659 3086; baseline 0.001 -59"><span class='ocrx_word' id='word_1_161' title='bbox 168 2940 268 3030; x_wconf 91' lang='lat' dir='ltr'><strong>tatis</strong></span> <span class='ocrx_word' id='word_1_162' title='bbox 302 2943 691 3086; x_wconf 85' lang='lat' dir='ltr'><strong>compraehendit.</strong></span> <span class='ocrx_word' id='word_1_163' title='bbox 724 2946 818 3032; x_wconf 87' lang='lat' dir='ltr'><strong>Una</strong></span> <span class='ocrx_word' id='word_1_164' title='bbox 863 2975 1053 3062; x_wconf 91' lang='lat' dir='ltr'><strong>namque</strong></span> <span class='ocrx_word' id='word_1_165' title='bbox 1109 2944 1292 3034; x_wconf 81' lang='lat' dir='ltr'><strong>Ecclesia</strong></span> <span class='ocrx_word' id='word_1_166' title='bbox 1348 2942 1505 3031; x_wconf 88' lang='lat' dir='ltr'><strong>eodem</strong></span> <span class='ocrx_word' id='word_1_167' title='bbox 1551 2960 1659 3029; x_wconf 89' lang='lat' dir='ltr'><strong>tem·</strong></span> 
     </span>
     <span class='ocr_line' id='line_1_23' title="bbox 168 3065 1659 3186; baseline 0 -36"><span class='ocrx_word' id='word_1_168' title='bbox 168 3096 278 3182; x_wconf 92' lang='lat' dir='ltr'><strong>pore</strong></span> <span class='ocrx_word' id='word_1_169' title='bbox 313 3097 406 3154; x_wconf 90' lang='lat' dir='ltr'><strong>esse</strong></span> <span class='ocrx_word' id='word_1_170' title='bbox 440 3067 591 3186; x_wconf 90' lang='lat' dir='ltr'><strong>nequit</strong></span> <span class='ocrx_word' id='word_1_171' title='bbox 627 3067 746 3185; x_wconf 89' lang='lat' dir='ltr'><strong>prior</strong></span> <span class='ocrx_word' id='word_1_172' title='bbox 779 3083 822 3156; x_wconf 90' lang='lat' dir='ltr'><strong>et</strong></span> <span class='ocrx_word' id='word_1_173' title='bbox 857 3098 942 3156; x_wconf 91' lang='lat' dir='ltr'><strong>non</strong></span> <span class='ocrx_word' id='word_1_174' title='bbox 975 3067 1109 3186; x_wconf 87' lang='lat' dir='ltr'><strong>prior,</strong></span> <span class='ocrx_word' id='word_1_175' title='bbox 1147 3069 1305 3157; x_wconf 86' lang='lat' dir='ltr'><strong>matrix</strong></span> <span class='ocrx_word' id='word_1_176' title='bbox 1326 3083 1368 3154; x_wconf 90' lang='lat' dir='ltr'><strong>ct</strong></span> <span class='ocrx_word' id='word_1_177' title='bbox 1394 3098 1479 3155; x_wconf 94' lang='lat' dir='ltr'><strong>non</strong></span> <span class='ocrx_word' id='word_1_178' title='bbox 1500 3065 1659 3154; x_wconf 82' lang='lat' dir='ltr'><strong>matrix</strong></span> 
     </span>
     <span class='ocr_line' id='line_1_24' title="bbox 167 3187 397 3280; baseline 0 -3"><span class='ocrx_word' id='word_1_179' title='bbox 167 3187 397 3280; x_wconf 85' lang='lat' dir='ltr'><strong>Civitatis.</strong></span> 
     </span>
    </p>

    <p class='ocr_par' dir='ltr' id='par_1_4' title="bbox 164 3308 1659 4267">
     <span class='ocr_line' id='line_1_25' title="bbox 298 3308 1659 3456; baseline -0.001 -54"><span class='ocrx_word' id='word_1_180' title='bbox 298 3308 386 3404; x_wconf 89' lang='lat' dir='ltr'><strong>Sed</strong></span> <span class='ocrx_word' id='word_1_181' title='bbox 400 3312 679 3403; x_wconf 81' lang='lat' dir='ltr'><strong>Defensores</strong></span> <span class='ocrx_word' id='word_1_182' title='bbox 670 3347 711 3402; x_wconf 92' lang='lat' dir='ltr'><strong>m</strong></span> <span class='ocrx_word' id='word_1_183' title='bbox 724 3313 915 3402; x_wconf 90' lang='lat' dir='ltr'><strong>secundo</strong></span> <span class='ocrx_word' id='word_1_184' title='bbox 927 3314 1069 3434; x_wconf 89' lang='lat' dir='ltr'><strong>capite</strong></span> <span class='ocrx_word' id='word_1_185' title='bbox 1083 3315 1220 3432; x_wconf 87' lang='lat' dir='ltr'><strong>magis</strong></span> <span class='ocrx_word' id='word_1_186' title='bbox 1232 3345 1408 3456; x_wconf 83' lang='lat' dir='ltr'><strong>quoque</strong></span> <span class='ocrx_word' id='word_1_187' title='bbox 1420 3315 1659 3402; x_wconf 89' lang='lat' dir='ltr'><strong>observan-</strong></span> 
     </span>
     <span class='ocr_line' id='line_1_26' title="bbox 168 3433 1657 3540; baseline 0.003 -21"><span class='ocrx_word' id='word_1_188' title='bbox 168 3433 257 3522; x_wconf 89' lang='lat' dir='ltr'><strong>tiae</strong></span> <span class='ocrx_word' id='word_1_189' title='bbox 283 3435 530 3526; x_wconf 88' lang='lat' dir='ltr'><strong>innituntur</strong></span> <span class='ocrx_word' id='word_1_190' title='bbox 546 3439 660 3527; x_wconf 81' lang='lat' dir='ltr'><strong>duor</strong></span> <span class='ocrx_word' id='word_1_191' title='bbox 663 3471 737 3528; x_wconf 92' lang='lat' dir='ltr'><strong>um</strong></span> <span class='ocrx_word' id='word_1_192' title='bbox 756 3453 797 3524; x_wconf 92' lang='lat' dir='ltr'><strong>et</strong></span> <span class='ocrx_word' id='word_1_193' title='bbox 824 3437 980 3524; x_wconf 84' lang='grc' dir='ltr'>ιιΙῑιι·ι</span> <span class='ocrx_word' id='word_1_194' title='bbox 952 3437 1279 3540; x_wconf 89' lang='lat' dir='ltr'><strong>saeculorum,</strong></span> <span class='ocrx_word' id='word_1_195' title='bbox 1269 3468 1357 3524; x_wconf 80' lang='lat' dir='ltr'><strong>xmo</strong></span> <span class='ocrx_word' id='word_1_196' title='bbox 1374 3435 1657 3524; x_wconf 89' lang='lat' dir='ltr'><strong>immemora-</strong></span> 
     </span>
     <span class='ocr_line' id='line_1_27' title="bbox 165 3531 1657 3680; baseline 0.003 -39"><span class='ocrx_word' id='word_1_197' title='bbox 165 3557 269 3662; x_wconf 92' lang='lat' dir='ltr'><strong>bili,</strong></span> <span class='ocrx_word' id='word_1_198' title='bbox 308 3593 410 3649; x_wconf 90' lang='lat' dir='ltr'><strong>cum</strong></span> <span class='ocrx_word' id='word_1_199' title='bbox 443 3531 653 3650; x_wconf 87' lang='lat' dir='ltr'><strong>Canonici</strong></span> <span class='ocrx_word' id='word_1_200' title='bbox 686 3563 730 3651; x_wconf 92' lang='lat' dir='ltr'><strong>S.</strong></span> <span class='ocrx_word' id='word_1_201' title='bbox 769 3559 944 3676; x_wconf 87' lang='lat' dir='ltr'><strong>Georgii</strong></span> <span class='ocrx_word' id='word_1_202' title='bbox 980 3559 1266 3650; x_wconf 63' lang='lat' dir='ltr'><strong>functiones.</strong></span> <span class='ocrx_word' id='word_1_203' title='bbox 1255 3591 1384 3680; x_wconf 89' lang='lat' dir='ltr'><strong>agere</strong></span> <span class='ocrx_word' id='word_1_204' title='bbox 1417 3589 1657 3649; x_wconf 89' lang='lat' dir='ltr'><strong>consueve-</strong></span> 
     </span>
     <span class='ocr_line' id='line_1_28' title="bbox 167 3679 1656 3804; baseline 0.002 -38"><span class='ocrx_word' id='word_1_205' title='bbox 167 3679 256 3767; x_wconf 91' lang='lat' dir='ltr'><strong>rint</strong></span> <span class='ocrx_word' id='word_1_206' title='bbox 295 3683 337 3770; x_wconf 93' lang='lat' dir='ltr'><strong>in</strong></span> <span class='ocrx_word' id='word_1_207' title='bbox 374 3685 581 3772; x_wconf 83' lang='lat' dir='ltr'><strong>onrnibus</strong></span> <span class='ocrx_word' id='word_1_208' title='bbox 616 3683 702 3772; x_wconf 89' lang='lat' dir='ltr'><strong>suis</strong></span> <span class='ocrx_word' id='word_1_209' title='bbox 724 3683 935 3772; x_wconf 84' lang='lat' dir='ltr'><strong>Ecclesiis</strong></span> <span class='ocrx_word' id='word_1_210' title='bbox 986 3681 1192 3771; x_wconf 85' lang='lat' dir='ltr'><strong>filialibus</strong></span> <span class='ocrx_word' id='word_1_211' title='bbox 1226 3702 1326 3772; x_wconf 89' lang='lat' dir='ltr'><strong>ante</strong></span> <span class='ocrx_word' id='word_1_212' title='bbox 1382 3681 1522 3804; x_wconf 91' lang='lat' dir='ltr'><strong>ipsum</strong></span> <span class='ocrx_word' id='word_1_213' title='bbox 1571 3685 1656 3770; x_wconf 83' lang='lat' dir='ltr'><strong>lle·</strong></span> 
     </span>
     <span class='ocr_line' id='line_1_29' title="bbox 171 3803 1655 3926; baseline 0.001 -36"><span class='ocrx_word' id='word_1_214' title='bbox 171 3804 387 3924; x_wconf 90' lang='lat' dir='ltr'><strong>scriptum</strong></span> <span class='ocrx_word' id='word_1_215' title='bbox 423 3809 468 3897; x_wconf 92' lang='grc'><strong>8.</strong></span> <span class='ocrx_word' id='word_1_216' title='bbox 498 3807 846 3926; x_wconf 85' lang='lat' dir='ltr'><strong>Congregatioue</strong></span> <span class='ocrx_word' id='word_1_217' title='bbox 881 3809 1079 3907; x_wconf 85' lang='lat' dir='ltr'><strong>Rituum,</strong></span> <span class='ocrx_word' id='word_1_218' title='bbox 1101 3805 1164 3894; x_wconf 90' lang='lat' dir='ltr'><strong>uti</strong></span> <span class='ocrx_word' id='word_1_219' title='bbox 1186 3807 1243 3894; x_wconf 90' lang='lat' dir='ltr'><strong>ab</strong></span> <span class='ocrx_word' id='word_1_220' title='bbox 1277 3837 1329 3895; x_wconf 91' lang='lat' dir='ltr'><strong>eo</strong></span> <span class='ocrx_word' id='word_1_221' title='bbox 1366 3807 1511 3923; x_wconf 88' lang='lat' dir='ltr'><strong>palam</strong></span> <span class='ocrx_word' id='word_1_222' title='bbox 1536 3803 1655 3892; x_wconf 88' lang='lat' dir='ltr'><strong>crui·</strong></span> 
     </span>
     <span class='ocr_line' id='line_1_30' title="bbox 169 3927 1657 4049; baseline 0.004 -39"><span class='ocrx_word' id='word_1_223' title='bbox 169 3939 258 4014; x_wconf 89' lang='lat' dir='ltr'><strong>tur.</strong></span> <span class='ocrx_word' id='word_1_224' title='bbox 297 3929 419 4018; x_wconf 91' lang='lat' dir='ltr'><strong>ldcm</strong></span> <span class='ocrx_word' id='word_1_225' title='bbox 456 3963 629 4048; x_wconf 88' lang='lat' dir='ltr'><strong>prorsus</strong></span> <span class='ocrx_word' id='word_1_226' title='bbox 655 3931 719 4018; x_wconf 87' lang='lat' dir='ltr'><strong>ius</strong></span> <span class='ocrx_word' id='word_1_227' title='bbox 739 3961 958 4049; x_wconf 88' lang='lat' dir='ltr'><strong>peraeque</strong></span> <span class='ocrx_word' id='word_1_228' title='bbox 989 3960 1164 4048; x_wconf 86' lang='lat' dir='ltr'><strong>semper</strong></span> <span class='ocrx_word' id='word_1_229' title='bbox 1196 3931 1389 4018; x_wconf 87' lang='lat' dir='ltr'><strong>exercuit</strong></span> <span class='ocrx_word' id='word_1_230' title='bbox 1411 3931 1481 4016; x_wconf 94' lang='lat' dir='ltr'><strong>in</strong></span> <span class='ocrx_word' id='word_1_231' title='bbox 1472 3927 1564 4017; x_wconf 88' lang='lat' dir='ltr'><strong>aliis</strong></span> <span class='ocrx_word' id='word_1_232' title='bbox 1583 3929 1657 4016; x_wconf 90' lang='lat' dir='ltr'><strong>Ee·</strong></span> 
     </span>
     <span class='ocr_line' id='line_1_31' title="bbox 168 4049 1657 4170; baseline 0.001 -35"><span class='ocrx_word' id='word_1_233' title='bbox 168 4049 312 4140; x_wconf 91' lang='lat' dir='ltr'><strong>clesiis</strong></span> <span class='ocrx_word' id='word_1_234' title='bbox 358 4053 564 4142; x_wconf 90' lang='lat' dir='ltr'><strong>filialibus</strong></span> <span class='ocrx_word' id='word_1_235' title='bbox 614 4071 656 4142; x_wconf 89' lang='lat' dir='ltr'><strong>et</strong></span> <span class='ocrx_word' id='word_1_236' title='bbox 685 4053 1050 4156; x_wconf 87' lang='lat' dir='ltr'><strong>Coadiutricibus,</strong></span> <span class='ocrx_word' id='word_1_237' title='bbox 1094 4052 1222 4142; x_wconf 90' lang='lat' dir='ltr'><strong>sicuti</strong></span> <span class='ocrx_word' id='word_1_238' title='bbox 1253 4053 1437 4142; x_wconf 83' lang='lat' dir='ltr'><strong>Ecclesia</strong></span> <span class='ocrx_word' id='word_1_239' title='bbox 1492 4053 1657 4170; x_wconf 88' lang='lat' dir='ltr'><strong>pariter</strong></span> 
     </span>
     <span class='ocr_line' id='line_1_32' title="bbox 164 4171 1651 4267; baseline -0.001 -5"><span class='ocrx_word' id='word_1_240' title='bbox 164 4171 211 4262; x_wconf 91' lang='grc'><strong>8.</strong></span> <span class='ocrx_word' id='word_1_241' title='bbox 241 4176 360 4264; x_wconf 90' lang='lat' dir='ltr'><strong>Petri</strong></span> <span class='ocrx_word' id='word_1_242' title='bbox 381 4178 587 4266; x_wconf 77' lang='lat' dir='ltr'><strong>observat</strong></span> <span class='ocrx_word' id='word_1_243' title='bbox 603 4179 645 4264; x_wconf 93' lang='lat' dir='ltr'><strong>in</strong></span> <span class='ocrx_word' id='word_1_244' title='bbox 672 4177 876 4264; x_wconf 88' lang='lat' dir='ltr'><strong>omnibus</strong></span> <span class='ocrx_word' id='word_1_245' title='bbox 893 4177 980 4264; x_wconf 89' lang='lat' dir='ltr'><strong>suis</strong></span> <span class='ocrx_word' id='word_1_246' title='bbox 1000 4175 1207 4266; x_wconf 86' lang='lat' dir='ltr'><strong>filialibus</strong></span> <span class='ocrx_word' id='word_1_247' title='bbox 1229 4174 1651 4267; x_wconf 87' lang='lat' dir='ltr'><strong>etCoadiutricibus.</strong></span> 
     </span>
    </p>

    <p class='ocr_par' dir='ltr' id='par_1_5' title="bbox 166 4295 1657 5654">
     <span class='ocr_line' id='line_1_33' title="bbox 296 4295 1657 4416; baseline -0.002 -30"><span class='ocrx_word' id='word_1_248' title='bbox 296 4302 410 4386; x_wconf 89' lang='lat' dir='ltr'><strong>llaec</strong></span> <span class='ocrx_word' id='word_1_249' title='bbox 443 4302 721 4390; x_wconf 84' lang='lat' dir='ltr'><strong>observantia</strong></span> <span class='ocrx_word' id='word_1_250' title='bbox 753 4330 884 4416; x_wconf 89' lang='lat' dir='ltr'><strong>super</strong></span> <span class='ocrx_word' id='word_1_251' title='bbox 918 4301 1011 4386; x_wconf 88' lang='lat' dir='ltr'><strong>iure</strong></span> <span class='ocrx_word' id='word_1_252' title='bbox 1031 4297 1327 4388; x_wconf 90' lang='lat' dir='ltr'><strong>lunctionandi</strong></span> <span class='ocrx_word' id='word_1_253' title='bbox 1355 4297 1532 4415; x_wconf 86' lang='lat' dir='ltr'><strong>pacifica</strong></span> <span class='ocrx_word' id='word_1_254' title='bbox 1550 4295 1657 4384; x_wconf 90' lang='lat' dir='ltr'><strong>exti-</strong></span> 
     </span>
     <span class='ocr_line' id='line_1_34' title="bbox 166 4419 1655 4540; baseline 0.003 -36"><span class='ocrx_word' id='word_1_255' title='bbox 166 4419 218 4508; x_wconf 91' lang='lat' dir='ltr'><strong>tit</strong></span> <span class='ocrx_word' id='word_1_256' title='bbox 265 4453 342 4539; x_wconf 87' lang='lat' dir='ltr'><strong>per</strong></span> <span class='ocrx_word' id='word_1_257' title='bbox 384 4422 473 4510; x_wconf 85' lang='lat' dir='ltr'><strong>lere</strong></span> <span class='ocrx_word' id='word_1_258' title='bbox 514 4427 601 4514; x_wconf 93' lang='lat' dir='ltr'><strong>duo</strong></span> <span class='ocrx_word' id='word_1_259' title='bbox 640 4423 824 4525; x_wconf 88' lang='lat' dir='ltr'><strong>saecula,</strong></span> <span class='ocrx_word' id='word_1_260' title='bbox 870 4422 1097 4540; x_wconf 89' lang='lat' dir='ltr'><strong>solumque</strong></span> <span class='ocrx_word' id='word_1_261' title='bbox 1120 4423 1446 4539; x_wconf 86' lang='lat' dir='ltr'><strong>PresbyteriS.</strong></span> <span class='ocrx_word' id='word_1_262' title='bbox 1485 4420 1655 4508; x_wconf 75' lang='lat' dir='ltr'><strong>toanis</strong></span> 
     </span>
     <span class='ocr_line' id='line_1_35' title="bbox 167 4541 1652 4687; baseline 0 -59"><span class='ocrx_word' id='word_1_263' title='bbox 167 4541 290 4632; x_wconf 78' lang='lat' dir='ltr'><strong>allam</strong></span> <span class='ocrx_word' id='word_1_264' title='bbox 314 4548 604 4636; x_wconf 89' lang='lat' dir='ltr'><strong>exturbarunt</strong></span> <span class='ocrx_word' id='word_1_265' title='bbox 655 4563 753 4666; x_wconf 91' lang='lat' dir='ltr'><strong>post</strong></span> <span class='ocrx_word' id='word_1_266' title='bbox 799 4577 961 4634; x_wconf 90' lang='lat' dir='ltr'><strong>annum</strong></span> <span class='ocrx_word' id='word_1_267' title='bbox 1013 4547 1163 4687; x_wconf 77' lang='grc'><strong>1820,</strong></span> <span class='ocrx_word' id='word_1_268' title='bbox 1200 4543 1394 4663; x_wconf 90' lang='lat' dir='ltr'><strong>quando,</strong></span> <span class='ocrx_word' id='word_1_269' title='bbox 1423 4545 1584 4630; x_wconf 77' lang='lat' dir='ltr'><strong>erectas</strong></span> <span class='ocrx_word' id='word_1_270' title='bbox 1611 4573 1652 4630; x_wconf 89' lang='grc' dir='ltr'><strong>ιιι</strong></span> 
     </span>
     <span class='ocr_line' id='line_1_36' title="bbox 167 4665 1648 4806; baseline 0.001 -54"><span class='ocrx_word' id='word_1_271' title='bbox 167 4667 345 4806; x_wconf 86' lang='lat' dir='ltr'><strong>propria</strong></span> <span class='ocrx_word' id='word_1_272' title='bbox 380 4671 568 4759; x_wconf 90' lang='lat' dir='ltr'><strong>Ecclesia</strong></span> <span class='ocrx_word' id='word_1_273' title='bbox 612 4669 859 4758; x_wconf 80' lang='lat' dir='ltr'><strong>choralibus</strong></span> <span class='ocrx_word' id='word_1_274' title='bbox 908 4667 1092 4758; x_wconf 90' lang='lat' dir='ltr'><strong>scamnis</strong></span> <span class='ocrx_word' id='word_1_275' title='bbox 1142 4670 1223 4756; x_wconf 89' lang='lat' dir='ltr'><strong>sub</strong></span> <span class='ocrx_word' id='word_1_276' title='bbox 1257 4665 1421 4785; x_wconf 91' lang='lat' dir='ltr'><strong>duplici</strong></span> <span class='ocrx_word' id='word_1_277' title='bbox 1470 4697 1648 4768; x_wconf 85' lang='lat' dir='ltr'><strong>corona,</strong></span> 
     </span>
     <span class='ocr_line' id='line_1_37' title="bbox 167 4772 1653 4909; baseline -0.001 -34"><span class='ocrx_word' id='word_1_278' title='bbox 167 4789 211 4877; x_wconf 92' lang='lat' dir='ltr'><strong>in</strong></span> <span class='ocrx_word' id='word_1_279' title='bbox 230 4790 612 4909; x_wconf 84' lang='lat' dir='ltr'><strong>primoctcelsiori</strong></span> <span class='ocrx_word' id='word_1_280' title='bbox 631 4772 950 4884; x_wconf 86' lang='lat' dir='ltr'><strong>Canonicorum</strong></span> <span class='ocrx_word' id='word_1_281' title='bbox 978 4793 1069 4880; x_wconf 91' lang='lat' dir='ltr'><strong>loco</strong></span> <span class='ocrx_word' id='word_1_282' title='bbox 1087 4790 1264 4909; x_wconf 92' lang='lat' dir='ltr'><strong>quando</strong></span> <span class='ocrx_word' id='word_1_283' title='bbox 1282 4789 1523 4878; x_wconf 82' lang='lat' dir='ltr'><strong>[unctiones</strong></span> <span class='ocrx_word' id='word_1_284' title='bbox 1541 4819 1653 4906; x_wconf 88' lang='lat' dir='ltr'><strong>age-</strong></span> 
     </span>
     <span class='ocr_line' id='line_1_38' title="bbox 166 4911 1649 5020; baseline 0 -21"><span class='ocrx_word' id='word_1_285' title='bbox 166 4929 283 5020; x_wconf 88' lang='lat' dir='ltr'><strong>rent,</strong></span> <span class='ocrx_word' id='word_1_286' title='bbox 322 4918 514 5005; x_wconf 87' lang='lat' dir='ltr'><strong>assidere</strong></span> <span class='ocrx_word' id='word_1_287' title='bbox 547 4919 753 5006; x_wconf 87' lang='lat' dir='ltr'><strong>volebant</strong></span> <span class='ocrx_word' id='word_1_288' title='bbox 788 4916 973 5005; x_wconf 89' lang='lat' dir='ltr'><strong>admixti</strong></span> <span class='ocrx_word' id='word_1_289' title='bbox 1008 4947 1108 5002; x_wconf 89' lang='lat' dir='ltr'><strong>cum</strong></span> <span class='ocrx_word' id='word_1_290' title='bbox 1158 4913 1403 5002; x_wconf 90' lang='lat' dir='ltr'><strong>Canonicis</strong></span> <span class='ocrx_word' id='word_1_291' title='bbox 1446 4911 1532 5002; x_wconf 90' lang='lat' dir='ltr'><strong>Sed</strong></span> <span class='ocrx_word' id='word_1_292' title='bbox 1566 4915 1649 5002; x_wconf 90' lang='lat' dir='ltr'><strong>Ca-</strong></span> 
     </span>
     <span class='ocr_line' id='line_1_39' title="bbox 166 5035 1641 5164; baseline -0.003 -39"><span class='ocrx_word' id='word_1_293' title='bbox 166 5037 401 5164; x_wconf 83' lang='lat' dir='ltr'><strong>pitulum</strong></span> <span class='ocrx_word' id='word_1_294' title='bbox 393 5073 433 5127; x_wconf 95' lang='grc' dir='ltr'><strong>ιιι</strong></span> <span class='ocrx_word' id='word_1_295' title='bbox 471 5041 572 5162; x_wconf 90' lang='lat' dir='ltr'><strong>ipsis</strong></span> <span class='ocrx_word' id='word_1_296' title='bbox 609 5041 835 5129; x_wconf 81' lang='lat' dir='ltr'><strong>turbativis</strong></span> <span class='ocrx_word' id='word_1_297' title='bbox 868 5069 1043 5158; x_wconf 87' lang='lat' dir='ltr'><strong>sempor</strong></span> <span class='ocrx_word' id='word_1_298' title='bbox 1079 5038 1397 5155; x_wconf 84' lang='lat' dir='ltr'><strong>possessionem</strong></span> <span class='ocrx_word' id='word_1_299' title='bbox 1447 5035 1641 5134; x_wconf 88' lang='lat' dir='ltr'><strong>retinuit,</strong></span> 
     </span>
     <span class='ocr_line' id='line_1_40' title="bbox 166 5158 1639 5280; baseline -0.002 -32"><span class='ocrx_word' id='word_1_300' title='bbox 166 5193 250 5279; x_wconf 91' lang='lat' dir='ltr'><strong>ope</strong></span> <span class='ocrx_word' id='word_1_301' title='bbox 284 5163 478 5280; x_wconf 88' lang='lat' dir='ltr'><strong>plurium</strong></span> <span class='ocrx_word' id='word_1_302' title='bbox 512 5166 788 5254; x_wconf 85' lang='lat' dir='ltr'><strong>decretorum</strong></span> <span class='ocrx_word' id='word_1_303' title='bbox 812 5161 1131 5280; x_wconf 89' lang='lat' dir='ltr'><strong>Episcopalium</strong></span> <span class='ocrx_word' id='word_1_304' title='bbox 1153 5159 1257 5249; x_wconf 92' lang='lat' dir='ltr'><strong>illud</strong></span> <span class='ocrx_word' id='word_1_305' title='bbox 1298 5158 1639 5258; x_wconf 77' lang='lat' dir='ltr'><strong>confovendum,</strong></span> 
     </span>
     <span class='ocr_line' id='line_1_41' title="bbox 167 5278 1653 5404; baseline -0.002 -34"><span class='ocrx_word' id='word_1_306' title='bbox 167 5315 306 5404; x_wconf 88' lang='lat' dir='ltr'><strong>usque</strong></span> <span class='ocrx_word' id='word_1_307' title='bbox 341 5286 398 5377; x_wconf 91' lang='lat' dir='ltr'><strong>ad</strong></span> <span class='ocrx_word' id='word_1_308' title='bbox 432 5287 550 5377; x_wconf 90' lang='lat' dir='ltr'><strong>diem</strong></span> <span class='ocrx_word' id='word_1_309' title='bbox 595 5291 654 5377; x_wconf 91' lang='lat'><strong>30</strong></span> <span class='ocrx_word' id='word_1_310' title='bbox 705 5285 961 5376; x_wconf 89' lang='lat' dir='ltr'><strong>Decembris</strong></span> <span class='ocrx_word' id='word_1_311' title='bbox 996 5285 1132 5387; x_wconf 85' lang='grc'><strong>1875,</strong></span> <span class='ocrx_word' id='word_1_312' title='bbox 1170 5284 1348 5403; x_wconf 93' lang='lat' dir='ltr'><strong>quando</strong></span> <span class='ocrx_word' id='word_1_313' title='bbox 1400 5283 1456 5370; x_wconf 93' lang='lat' dir='ltr'><strong>ab</strong></span> <span class='ocrx_word' id='word_1_314' title='bbox 1497 5278 1653 5369; x_wconf 90' lang='lat' dir='ltr'><strong>actuali</strong></span> 
     </span>
     <span class='ocr_line' id='line_1_42' title="bbox 166 5402 1654 5555; baseline -0.002 -62"><span class='ocrx_word' id='word_1_315' title='bbox 166 5405 381 5530; x_wconf 92' lang='lat' dir='ltr'><strong>Episcopo</strong></span> <span class='ocrx_word' id='word_1_316' title='bbox 417 5411 679 5555; x_wconf 82' lang='lat' dir='ltr'><strong>impeditum</strong></span> <span class='ocrx_word' id='word_1_317' title='bbox 712 5427 792 5500; x_wconf 91' lang='lat' dir='ltr'><strong>est.</strong></span> <span class='ocrx_word' id='word_1_318' title='bbox 832 5409 1011 5528; x_wconf 91' lang='lat' dir='ltr'><strong>ltaque</strong></span> <span class='ocrx_word' id='word_1_319' title='bbox 1001 5440 1093 5526; x_wconf 84' lang='lat' dir='ltr'><strong>rpsu</strong></span> <span class='ocrx_word' id='word_1_320' title='bbox 1117 5407 1412 5506; x_wconf 90' lang='lat' dir='ltr'><strong>observantia,</strong></span> <span class='ocrx_word' id='word_1_321' title='bbox 1441 5402 1654 5522; x_wconf 90' lang='lat' dir='ltr'><strong>posterior</strong></span> 
     </span>
     <span class='ocr_line' id='line_1_43' title="bbox 169 5527 1652 5654; baseline -0.003 -37"><span class='ocrx_word' id='word_1_322' title='bbox 169 5561 283 5622; x_wconf 92' lang='lat' dir='ltr'><strong>anno</strong></span> <span class='ocrx_word' id='word_1_323' title='bbox 319 5537 456 5644; x_wconf 78' lang='grc'><strong>1820,</strong></span> <span class='ocrx_word' id='word_1_324' title='bbox 495 5535 670 5625; x_wconf 90' lang='lat' dir='ltr'><strong>maioris</strong></span> <span class='ocrx_word' id='word_1_325' title='bbox 721 5533 928 5654; x_wconf 91' lang='lat' dir='ltr'><strong>ponderis</strong></span> <span class='ocrx_word' id='word_1_326' title='bbox 976 5549 1038 5620; x_wconf 89' lang='lat' dir='ltr'><strong>est</strong></span> <span class='ocrx_word' id='word_1_327' title='bbox 1089 5547 1220 5652; x_wconf 86' lang='lat' dir='ltr'><strong>atque</strong></span> <span class='ocrx_word' id='word_1_328' title='bbox 1254 5527 1481 5632; x_wconf 88' lang='lat' dir='ltr'><strong>efficaciae,</strong></span> <span class='ocrx_word' id='word_1_329' title='bbox 1517 5555 1652 5645; x_wconf 90' lang='lat' dir='ltr'><strong>quam</strong></span> 
     </span>
    </p>
   </div>
   <div class='ocr_carea' id='block_1_3' title="bbox 0 0 2180 6326">
    <p class='ocr_par' dir='ltr' id='par_1_6' title="bbox 0 0 2180 6326">
     <span class='ocr_line' id='line_1_44' title="bbox 0 0 2180 6326; baseline 0 0"><span class='ocrx_word' id='word_1_330' title='bbox 0 0 2180 6326; x_wconf 95' lang='lat' dir='ltr'><strong> </strong></span> 
     </span>
    </p>
   </div>
  </div>
 </body>
</html>
