4530 6336
1193 115 1228 148 N

742 343 823 428 Dic
855 343 916 430 26
948 343 1055 430 Iulii
1087 343 1225 434 1879.
1639 347 1724 436 :ttt

242 465 515 556 medicorum
547 463 592 552 in
615 494 742 554 causa
764 463 1083 566 adhibitorum.
1107 469 1265 580 Quoad
1289 467 1510 558 medicum
1535 469 1722 570 Hubert,

243 591 330 710 qui·
353 589 483 677 etiam
521 601 721 706 exparte
759 587 977 678 Adrianae
1007 590 1197 680 maximo
1231 591 1276 678 in
1306 591 1473 682 honore
1508 609 1683 682 tenetur
1710 664 1720 698 ,

243 714 410 802 relevat
435 708 608 798 Vindex
629 710 925 816 Sacramenti,
961 710 1082 832 quod
1119 712 1161 799 in
1199 743 1277 801 sua
1320 715 1611 831 expositione,
1649 717 1735 805 snb
1846 746 1848 752 ’

244 834 407 956 duplici
442 863 566 922 sensu
601 835 977 922 consummatione
1003 849 1192 951 accepta,
1225 836 1306 923 aliu
1323 865 1405 954 pro
1427 838 1603 958 pbpsica
1626 867 1729 926 con·-
1824 857 1828 860 ’

243 956 468 1046 iunctione
504 985 737 1072 corporum
773 956 956 1044 normali
990 971 1036 1044 et
1062 958 1297 1076 completa,
1330 958 1413 1047 alia
1446 989 1527 1078 pro
1550 961 1735 1050 coniun-

243 1079 402 1169 ctionis
440 1094 534 1168 actu
569 1078 623 1168 ad
656 1079 1015 1167 commixtionem
1049 1079 1223 1185 idoneo,
1261 1081 1536 1199 quoadhunc
1570 1111 1726 1172 secun·-

245 1204 356 1292 dum
391 1231 583 1306 sensum,
625 1201 666 1288 in
721 1231 810 1319 quo
858 1203 1177 1292 consommatio
1222 1205 1486 1292 matrimonii
1519 1205 1563 1292 in
1599 1235 1730 1298 sensu

121 1381 124 1384 -
240 1325 455 1415 canonico
487 1325 697 1427 consistit,
740 1325 845 1412 nihil
882 1326 925 1411 in
959 1355 1058 1414 casu
1089 1324 1311 1414 affirmare
1340 1355 1465 1442 posse
1494 1326 1731 1420 confitetur

250 1487 267 1524 ι
309 1477 355 1536 sc
390 1447 433 1534 io
466 1447 674 1538 definisco
708 1446 828 1536 l’atto
861 1477 919 1537 un
952 1448 1310 1536 avricinamento
1349 1449 1420 1536 dei
1453 1450 1575 1552 sessi,
1610 1450 1734 1540 ellat·

241 1611 269 1650 η
309 1585 428 1658 tuato
457 1570 500 1656 in
537 1571 669 1659 modo
703 1601 726 1658 a
760 1569 920 1663 render
968 1571 1176 1687 possibile
1220 1571 1452 1660 l'incontro
1489 1571 1607 1690 degli
1641 1575 1728 1663 ele·

251 1733 270 1772 ι
311 1693 445 1781 menti
480 1694 671 1782 masobio
706 1725 731 1781 e
764 1693 1025 1782 lamminae
1059 1723 1138 1809 per
1181 1723 1477 1809 conseguenca
1514 1697 1554 1782 la
1590 1695 1732 1783 secon-

253 1855 269 1895 ι
308 1816 507 1918 dunione,
547 1847 630 1903 non
667 1845 793 1934 posso
827 1815 902 1933 piir
934 1815 1161 1904 efformare
1183 1816 1345 1919 niente,
1381 1816 1437 1905 ed
1461 1815 1471 1902 i
1491 1818 1611 1936 segni
1637 1819 1731 1908 del·

250 1979 268 2016 ι
309 1938 350 2024 la
380 1938 595 2055 verginitir
622 1967 708 2027 non
754 1939 900 2026 banno
926 1939 999 2056 pib
1039 1939 1164 2027 alcun
1198 1941 1412 2029 valore».

368 2061 524 2174 Quoad
557 2063 662 2150 alias
701 2075 845 2152 autem
888 2061 1084 2178 peritiae,
1125 2079 1349 2151 accuratae
1385 2062 1732 2181 investigationis

249 2182 506 2274 professoris
528 2186 696 2272 Hubert
724 2184 936 2289 subsidio,
963 2213 1045 2271 nec
1069 2215 1155 2271 non
1179 2215 1233 2272 ex
1256 2183 1594 2274 incidentalibus
1621 2185 1738 2272 altir-

249 2307 518 2397 mationibus
551 2307 735 2396 aliorum
765 2308 1007 2424 peritorum
1041 2307 1111 2394 vel
1146 2310 1340 2424 ipsoram
1375 2307 1499 2397 lacilc
1533 2307 1590 2396 tle
1621 2339 1738 2396 erro-

247 2456 294 2517 re
331 2430 915 2520 convincuntur-relationes
949 2431 1228 2519 corumdem.
1251 2434 1298 2518 ln
1322 2447 1484 2548 puncto
1507 2431 1625 2517 enim
1645 2431 1732 2520 dis·

204 2620 206 2639 ,
245 2552 508 2670 quisitionis,
548 2555 590 2640 in
625 2585 711 2675 quo
745 2585 916 2642 summa
957 2573 1114 2640 causae
1145 2553 1352 2656 consistit,
1382 2552 1496 2641 idest
1535 2553 1577 2638 in
1609 2585 1733 2672 penc-

249 2677 431 2763 trntionc
453 2677 627 2768 seminis
649 2675 789 2764 virilis
822 2677 861 2763 in
890 2691 1082 2778 uterum,
1107 2679 1171 2762 Dr
1194 2681 1289 2764 Van
1327 2679 1437 2764 Dam
1457 2675 1736 2796 hypothesim

246 2798 528 2929 contrariam,
560 2800 721 2889 scilicet
744 2797 864 2918 quod
899 2800 1003 2888 haec
1030 2799 1270 2914 penetratio
1305 2798 1349 2884 in
1384 2825 1482 2884 cusu
1515 2829 1600 2885 non
1620 2797 1736 2886 luis·

247 2937 315 3009 set
354 2939 553 3039 sequuta,
592 2955 678 3012 non
708 2923 888 3042 quidem
927 2939 973 3009 ut
1007 2936 1188 3024 certam,
1226 2921 1302 3010 sed
1339 2921 1644 3008 tantummodo
1687 2937 1733 3007 ut

247 3044 525 3162 probabilem
559 3047 768 3134 enunciat
795 3087 812 3120 ι
836 3041 1092 3164 &probabile
1113 3043 1183 3130 cte
1205 3061 1342 3162 questo
1379 3044 1411 3128 li
1441 3075 1539 3132 rore
1572 3060 1736 3132 trovato

248 3165 357 3255 nelle
389 3169 510 3282 parti
534 3186 688 3256 caterae
710 3201 790 3257 uon
808 3168 930 3256 abbio
946 3183 1166 3284 penetrato
1188 3168 1301 3253 osani
1316 3077 1666 3290 prostmdomerttc
1690 3209 1729 3254 ο.

246 3287 337 3379 Sed
354 3289 389 3377 si
405 3317 460 3378 ex
479 3292 581 3380 actis
603 3293 801 3382 medicae
816 3290 1039 3410 principiis
1057 3289 1185 3378 etiam
1212 3317 1291 3406 per
1309 3289 1620 3377 transversales
1645 3289 1738 3378 vias

249 3411 318 3500 vel
337 3411 511 3502 lacunas
527 3417 728 3533 hymenis
750 3417 910 3502 humor
928 3412 1165 3501 fecundans
1184 3413 1428 3500 insinuatur
1451 3411 1493 3498 in
1516 3411 1737 3500 internam

248 3535 358 3622 uteri
392 3536 641 3642 cavitatem,
681 3539 765 3626 iam
798 3567 877 3656 per
909 3567 954 3624 se
983 3552 1137 3653 patet,
1170 3536 1289 3658 quod
1330 3535 1616 3652 probabilitas
1665 3536 1739 3654 ty-

252 3659 443 3774 potlresis
476 3661 716 3753 contrariae
746 3660 871 3750 estin
895 3687 994 3748 casu
1017 3659 1215 3776 qualibet
1237 3659 1407 3745 ratione
1440 3657 1663 3746 destituta.

244 3817 248 3829 ·
372 3782 524 3871 Relatc
548 3801 693 3872 autern
715 3785 772 3873 ad
796 3783 997 3901 peritiam
1036 3783 1234 3885 Careme,
1272 3781 1346 3900 qui
1381 3781 1425 3866 io
1459 3779 1616 3868 eodem
1649 3780 1739 3870 dis-

247 3903 493 4024 quisitionis
526 3923 687 4024 puncto
720 3907 939 3998 existimat
973 3903 1091 4024 quod
1135 3931 1286 3992 semen
1326 3903 1567 4022 permansit
1590 3903 1633 3990 in
1668 3933 1740 3994 ve·

248 4027 413 4117 stibulo
449 4031 630 4148 vaginae
670 4073 686 4111 ι
725 4061 846 4119 senza
873 4061 1047 4147 pastore
1072 4027 1112 4114 ln
1144 4025 1553 4115 tttembroaaimette
1591 4067 1629 4131 a,
1685 4059 1738 4118 ex

251 4149 334 4238 alia
367 4151 563 4242 eiusdem
599 4155 726 4271 periti
762 4153 1044 4246 affirmatione
1078 4153 1222 4238 minus
1245 4149 1521 4266 probabilem
1546 4151 1656 4239 hanc
1678 4185 1740 4240 as-

244 4271 487 4363 sertionem
521 4276 651 4366 edicit
685 4278 896 4367 Defensor
931 4273 1108 4364 vinculi.
1142 4272 1292 4362 llelert
1326 4296 1517 4390 namque
1551 4276 1608 4359 D.
1656 4275 1738 4368 Ga·

248 4401 373 4484 reme
403 4397 525 4514 quod
560 4431 646 4488 non
682 4402 919 4518 integrum,
957 4397 1032 4486 sed
1066 4409 1274 4513 exparte,
1303 4407 1434 4514 atque
1453 4397 1497 4482 in
1520 4395 1737 4512 superiori

252 4517 386 4606 latere
420 4551 620 4610 eversum
657 4525 824 4612 incenit
859 4521 1093 4641 hymenem
1133 4557 1149 4594 ε
1189 4545 1269 4638 per
1314 4519 1343 4606 il
1391 4545 1487 4606 etto
1535 4535 1737 4638 presente

251 4677 276 4717 r·
314 4640 356 4728 la
389 4645 647 4735 membrana
681 4648 808 4737 esiste
842 4673 912 4734 ma
946 4646 990 4731 iu
1022 4658 1148 4762 parte
1180 4641 1436 4745 solamentc;
1476 4639 1517 4725 vi
1568 4640 1733 4728 testato

249 4799 274 4841 τ
315 4793 371 4851 un
394 4770 737 4860 romaciamento
755 4769 872 4860 dalla
892 4783 1016 4887 porte
1039 4751 1675 4884 superioredellamembrana
1698 4805 1736 4852 ι.

251 4885 449 5006 Quodsi
484 4922 538 4980 ex
571 4895 769 5012 superius
802 4887 1106 4980 demonstratis
1140 4885 1280 4976 adbuc
1314 4917 1392 5003 per
1426 4885 1647 4974 naturales
1682 4887 1741 4974 la·

252 5038 384 5100 cunas
428 5013 626 5133 hymenis
657 5016 812 5134 integri
859 5011 1148 5100 traslunditur
1185 5011 1231 5096 in
1277 5022 1450 5097 uterum
1492 5007 1633 5126 liquor
1671 5007 1735 5096 le-

251 5133 462 5241 cundans,
512 5140 649 5229 multo
687 5137 822 5258 magis
861 5137 940 5224 hoc
980 5147 1043 5222 est
1080 5131 1124 5218 in
1166 5163 1268 5220 casu
1305 5131 1593 5225 retinendum
1620 5130 1739 5220 'dum

251 5253 359 5347 baec
389 5263 649 5351 membrana
682 5294 762 5382 per
802 5280 926 5349 suam
950 5254 1225 5346 aversionem
1248 5269 1314 5343 cst
1335 5254 1523 5372 amplios
1541 5252 1737 5344 dilatata.

378 5385 686 5476 Demonstrata
729 5415 783 5473 ex
816 5382 929 5470 bisce
962 5378 1209 5467 rationibus
1235 5377 1545 5466 commixtione
1566 5379 1733 5468 sexuali
