4558 6340
574 357 671 448 210
1041 352 1125 440 Die
1156 351 1217 440 26
1251 349 1423 468 Aprilis
1456 354 1593 442 l879.

571 481 678 576 alin,
715 509 818 594 quae
857 475 1116 592 sinpillatim
1156 474 1369 590 descripta
1412 509 1495 564 non
1541 475 1719 594 suerint.
1767 473 1881 563 Cum
1917 473 2051 587 igitur

575 601 803 693 Canonicis
840 631 981 718 neque
1013 631 1066 688 ex
1101 600 1195 686 iure
1233 601 1474 700 communi,
1514 629 1656 716 neque
1678 597 1852 712 speciali
1879 597 1946 685 vel
1972 600 2058 714 pri·

575 725 779 840 vilegiato
814 725 880 810 ius
912 738 1132 838 competat
1165 753 1305 810 sacras
1338 723 1572 838 exercendi
1608 720 1850 810 functiones
1885 721 1927 806 in
1961 752 2055 810 sue·

575 847 733 936 cursali
766 849 812 936 S.
851 847 1037 944 loannis,
1075 845 1335 934 eorumdem
1358 844 1413 933 ad
1437 849 1519 936 hoc
1541 845 1756 934 exhibitus
1780 871 1930 958 preces
1955 845 2057 932 reii-

577 969 753 1062 ciendas
786 997 879 1056 esse
912 967 1149 1056 concludit.

699 1096 763 1180 Ex
798 1106 921 1208 pente
955 1091 1147 1206 Capituli
1182 1091 1228 1178 S.
1265 1090 1445 1206 Georgii
1479 1091 1570 1177 sola
1593 1089 1792 1206 quaestio
1827 1105 2061 1206 pertracta·

578 1235 649 1306 tur
682 1216 739 1304 de
772 1214 964 1306 carentia
999 1215 1223 1328 legitimae
1259 1244 1471 1330 personae
1505 1213 1648 1300 standi
1687 1212 1731 1298 in
1781 1211 1946 1300 iudicio
1982 1244 2069 1328 qua

575 1342 621 1431 S.
662 1340 832 1428 loannis
854 1337 1244 1426 Administratores
1279 1337 1546 1437 inficiuntur,
1583 1365 1787 1452 quaeque
1821 1335 1883 1423 nti
1922 1365 2071 1423 narra-

578 1465 721 1552 vimus
756 1462 836 1549 luit
870 1461 1100 1578 proposita
1137 1491 1215 1576 per
1249 1460 1559 1548 incident-alem
1594 1459 1813 1546 libellum.
1850 1457 2070 1546 Praemis-

576 1619 623 1678 so
659 1588 807 1702 itaque
841 1584 947 1672 iuris
981 1583 1199 1670 axiomate
1232 1583 1352 1695 quod
1385 1583 1548 1670 scilieet
1580 1583 1773 1668 interesse
1805 1613 1886 1667 non.
1920 1579 2071 1666 lubeas

577 1707 812 1798 audiendus
846 1738 927 1792 nort
959 1724 1032 1808 est,
1072 1707 1192 1792 iuxta
1225 1705 1290 1792 De
1322 1707 1433 1792 luca
1456 1705 1507 1792 de
1529 1705 1691 1790 Donat
1726 1705 1832 1792 dise.
1864 1705 1961 1790 aa.
1990 1702 2069 1803 t9;

577 1834 784 1921 observat
800 1827 1006 1916 delensor
1022 1829 1140 1945 quod
1160 1859 1309 1944 preces
1326 1832 1372 1917 S.
1396 1831 1447 1916 V.
1467 1831 1522 1918 Ο.
1544 1826 1766 1916 exhibitae
1807 1858 1885 1942 pro
1912 1855 2069 1943 parne-

577 1959 671 2042 cioe
691 1953 1085 2041 dismembratione
1103 1952 1307 2041 conditae
1325 1969 1425 2040 sunt
1443 1951 1620 2038 nomine
1640 1950 2065 2054 Administratorum

577 2077 797 2164 Ecclesiae
814 2077 859 2166 S·
879 2076 1068 2172 loannis,
1098 2073 1306 2191 nullaque
1324 2076 1407 2162 alia
1432 2091 1583 2162 extant
1615 2070 1942 2191 subscriptione
1964 2101 2075 2158 mu-

580 2201 714 2287 nitae.
772 2199 1053 2315 Quapropter
1104 2199 1343 2287 tenendum
1395 2229 1488 2288 esse
1543 2198 1703 2314 inquit,
1762 2192 2069 2284 Administra-

579 2323 685 2410 toris
718 2351 876 2408 munus
908 2335 1161 2409 exercentes
1193 2353 1275 2436 qua
1310 2321 1411 2408 tulos
1454 2353 1533 2437 pro
1566 2317 1962 2409 dismembratione
2000 2315 2072 2402 in-

576 2443 754 2534 stitisse.
789 2445 987 2556 lnspecta
1021 2457 1064 2529 at
1112 2475 1217 2530 reru
1267 2445 1526 2533 eorumdem
1576 2443 1785 2560 qualitate
1820 2455 1939 2556 patet
1974 2469 2073 2526 eos-

578 2567 682 2656 dem
717 2567 775 2654 ab
810 2567 901 2681 ipso
935 2564 1084 2653 iudicii
1121 2566 1273 2654 limine
1308 2567 1622 2682 repellendos,
1659 2597 1758 2654 cum
1806 2594 1850 2650 se
1888 2561 2067 2651 nonnisi

577 2721 711 2808 quam
741 2690 782 2776 in
824 2689 1072 2805 temporalis
1090 2687 1470 2778 administratione
1494 2693 1711 2778 bonorum
1738 2691 1937 2804 ingerere
1960 2715 2064 2799 pos-

580 2815 684 2901 sint.
724 2810 853 2923 Quod
887 2829 1031 2898 autem
1068 2843 1134 2898 res
1169 2813 1226 2900 ita
1260 2843 1305 2899 se
1340 2815 1499 2901 lrabeat
1533 2811 1763 2900 manifesto
1790 2810 1990 2924 erumpit
2012 2837 2072 2896 cx

577 2936 756 3024 decreto
789 2933 910 3022 edito
944 2934 1003 3020 ab
1034 2934 1268 3054 Ordinario
1302 2935 1376 3023 die
1409 2935 1689 3024 6Febrtrarii
1708 2934 1810 3022 anni
1837 2932 1960 3022 t874
1982 2962 2074 3048 quo

578 3059 694 3146 inter
726 3057 810 3146 alia
845 3055 1077 3172 disposurt:
1120 3099 1137 3136 ι
1178 3061 1208 3146 Ε
1245 3059 1315 3175 poi
1349 3062 1437 3150 sola
1470 3076 1696 3176 spettanza
1746 3057 1816 3146 dei
1852 3058 2069 3144 Procura-

585 3223 603 3264 ι
645 3181 725 3268 tori
761 3181 876 3268 delle
924 3181 1079 3268 Clriese
1129 3181 1414 3273 l’arrocchiali
1458 3181 1723 3299 irnpegnarsi
1775 3211 1854 3296 per
1902 3179 2074 3266 l'esatta

585 3346 602 3384 ι
642 3303 1042 3392 amministracione
1075 3304 1190 3392 delle
1224 3307 1412 3411 rendite,
1452 3307 1519 3394 nel
1556 3308 1651 3406 che,
1674 3306 1784 3392 oltre
1817 3302 1857 3391 al
1893 3301 2072 3390 duversi

586 3467 604 3506 ι
643 3456 827 3543 reggere
877 3427 1017 3540 giusta
1066 3427 1104 3516 le
1151 3428 1427 3543 prescrizioni
1477 3429 1548 3518 dei
1599 3428 1735 3518 nostri
1775 3422 2074 3542 predecessori

586 3589 604 3630 ι
646 3549 748 3638 date
783 3547 1004 3664 all'unpo,
1042 3549 1251 3640 debbono
1292 3567 1596 3642 sottumettere
1647 3553 2006 3669 precipuamente
2039 3548 2072 3634 il

583 3714 601 3754 ι
640 3672 831 3760 bilaneio
864 3673 1157 3788 all’ispezione
1191 3675 1261 3762 del
1289 3677 1514 3791 Proposito
1537 3679 1741 3778 Parroco,
1768 3672 1944 3762 avendo
1964 3699 2072 3788 que·

587 3837 604 3876 ι
644 3814 710 3882 sto
744 3793 901 3882 intima
933 3797 1219 3886 connessione
1252 3799 1363 3886 colle
1396 3797 1585 3886 lunziani
1617 3799 1696 3886 che
1738 3798 1968 3886 dovranno
2005 3823 2073 3882 co-

591 3959 608 3996 t
648 3917 831 4006 lebrarsi
873 3953 913 4004 ι’.

709 4041 772 4126 Ex
786 4039 850 4128 his
866 4040 1044 4155 planum
1063 4074 1172 4148 esse,
1200 4045 1262 4132 ait
1285 4043 1698 4133 Administratorum
1718 4041 1813 4163 (qni
1836 4041 1968 4130 etiam
1986 4039 2074 4127 Oe-

580 4162 752 4250 conomi
789 4165 1013 4285 vocantur)
1048 4165 1234 4254 officinm
1269 4167 1325 4256 ad
1361 4167 1522 4256 nudam
1544 4167 1766 4256 redituum
1786 4165 2065 4254 administra·

582 4286 750 4374 tionem
783 4289 1011 4374 coarctari.
1034 4292 1078 4376 ln
1099 4290 1402 4406 spiritualibus
1419 4291 1843 4380 administrationem
1871 4287 2074 4376 habitua-

584 4411 672 4498 lem
706 4407 925 4526 Capitulo,
947 4415 1162 4502 actualem
1183 4445 1286 4504 vero
1307 4416 1558 4533 Praeposito
1591 4413 1780 4532 spectari
1806 4410 1963 4530 pergit,
1989 4439 2071 4496 ceu

585 4548 769 4648 apparet
801 4561 856 4616 ex
889 4535 1047 4622 eodem
1082 4537 1275 4628 decreto.
1302 4577 1320 4616 ι
1349 4537 1619 4654 Appartiene
1641 4538 1681 4624 al
1704 4537 1931 4651 Proposito
1955 4531 2073 4622 nella

589 4697 606 4738 ι
645 4653 891 4771 qualitadi
926 4661 1112 4748 Parroco
1147 4661 1576 4750 l’amministraziene
1608 4657 1679 4748 del
1714 4658 1953 4748 Battesimo
1976 4685 2000 4746 e
2023 4651 2067 4742 di

589 4819 606 4857 ι
647 4776 749 4864 tutti
782 4775 841 4890 gli
877 4778 973 4868 altri
1007 4785 1270 4898 sagramenti
1303 4785 1383 4873 clre
1415 4815 1521 4872 sono
1556 4783 1598 4872 di
1633 4801 1920 4901 competenza
1969 4809 2068 4896 par·

588 4943 605 4982 ι
646 4899 876 5001 mechilde,
914 4932 994 4990 eon
1030 4905 1132 4994 tutti
1165 4907 1222 5024 gli
1257 4907 1352 4994 altri
1386 4906 1522 4995 diritti
1557 4906 1857 5027 parroechiali,
1903 4915 2065 4992 restan·
2208 5015 2210 5020 η

589 5065 606 5102 ι
645 5023 704 5112 do
740 5023 782 5108 in
819 5022 975 5114 lucoltei
1008 5027 1126 5118 dello
1158 5048 1295 5119 stesso
1328 5029 1357 5116 il
1391 5045 1543 5148 potere
1576 5031 1806 5118 nominare
1839 5029 1911 5118 dei
1954 5029 2064 5142 Cap-

589 5187 606 5228 «
647 5144 811 5266 pellani
844 5145 900 5234 da
933 5155 1185 5266 approvarsi
1220 5153 1515 5244 dull'autoritia
1547 5152 1622 5241 del
1654 5154 1898 5242 Diocesano
1921 5151 2002 5240 che
2025 5143 2063 5233 lo

589 5309 607 5348 ι
649 5270 828 5357 aiutaoo
858 5273 1169 5364 nell’esercizio
1202 5276 1320 5366 della
1352 5306 1459 5364 cura
1492 5277 1608 5366 delle
1628 5277 1776 5364 anime
1812 5317 1853 5364 ι.

712 5389 1100 5530 Administratores
1134 5432 1265 5518 porro
1297 5400 1525 5490 habendos
1559 5429 1652 5488 esse
1676 5418 1900 5517 tamqnam
1925 5409 2065 5486 extra·

474 5636 478 5642 Ι
588 5535 710 5617 neos,
746 5515 907 5630 qulbus
940 5520 1106 5620 nullum
1141 5525 1348 5614 interesse
1380 5523 1603 5642 competit,
1645 5521 1804 5642 *quoad
1855 5553 1907 5612 ea
1954 5541 2064 5641 quae
