4446 6330
518 229 583 388 bd
970 292 1055 380 Dic
1084 293 1145 382 25
1179 290 1376 379 Ianuarii
1407 285 1545 378 t879.

521 419 623 510 teris
656 416 885 536 paroeciae
919 420 1128 505 extructis
1162 413 1389 522 aedificiis,
1430 431 1578 502 tamen
1624 416 1832 506 Summus
1854 419 2004 508 Ponti·

522 543 593 632 lex
625 571 704 656 per
737 537 1034 628 coadiutorem
1073 539 1282 658 providit,
1335 538 1444 660 quin
1478 537 1821 627 dismembraret
1854 568 2008 657 paroe-

522 668 638 754 ciam
670 663 716 752 S.
753 663 967 752 Eernardi
1009 662 1303 752 concreditam
1354 661 1577 749 monachis
1625 661 2003 770 Cisterciensibm,

522 786 643 906 quod
681 787 934 902 exemplum
968 785 1175 901 Supremi
1208 783 1421 902 Principis
1470 783 1596 872 decet
1629 805 1869 902 sequantur
1901 788 2002 906 Epi-

523 908 659 1026 scopi.
697 909 853 1020 Quoad
886 938 991 997 vero
1025 908 1274 996 distantiam
1302 906 1473 994 minimi
1493 907 1630 1024 ipsam
1651 905 1894 997 laciendam
1915 941 2009 1000 esse

523 1065 580 1122 ex
612 1032 699 1118 iam
734 1029 929 1119 deductis
963 1047 1095 1136 tenet,
1133 1061 1231 1120 cum
1266 1032 1372 1118 haec
1400 1060 1485 1116 non
1525 1029 1707 1118 excedat
1754 1031 2008 1120 milliarium

524 1153 799 1252 euadducta
833 1153 1095 1244 Geometras
1128 1152 1301 1271 peritia,
1332 1152 1491 1240 exinde
1514 1153 1657 1270 arguit
1689 1153 1806 1244 haud
1836 1185 1929 1243 esse
1951 1155 2010 1245 ad

523 1276 963 1368 dismembrationem
996 1276 1345 1365 deveniendum.

652 1401 749 1487 Post
785 1399 889 1486 haec
923 1401 1133 1488 Defensor
1168 1399 1342 1486 tertiam
1377 1413 1544 1514 partem
1579 1429 1683 1488 suae
1723 1399 2008 1516 Allegstionis

526 1521 705 1624 evolvit,
724 1521 842 1639 quod
874 1552 1032 1640 nempe
1055 1523 1098 1608 in
1123 1525 1346 1640 supposita
1368 1521 1757 1610 dismembratione
1803 1552 1915 1609 nova
1937 1521 2014 1638 pt-

527 1644 670 1733 roecia
703 1645 993 1732 Eremitarum
1029 1645 1184 1734 Ordini
1218 1649 1263 1736 S.
1300 1643 1917 1760 Augustinisitconcedende.
1941 1645 2012 1732 Ad

531 1768 613 1856 boc
645 1766 959 1856 revincendum
994 1769 1081 1856 duo
1114 1799 1169 1856 ex
1202 1769 1296 1855 iure
1330 1768 1543 1886 principia
1581 1765 1858 1870 meminit‚l⁰
1890 1795 2010 1854 nem·

530 1921 586 2009 pe
620 1890 919 2004 paroeciarum
970 1889 1232 1978 divisionem
1278 1889 1523 1990 sarciendam
1569 1922 1660 1978 esse
1709 1921 1810 1976 cum
1849 1889 2010 1976 minori

529 2010 730 2132 possibili
754 2012 1017 2129 praeiudicio
1044 2013 1253 2102 Ecclesiae
1271 2013 1478 2116 matricis
1500 2011 1547 2102 20
1566 2011 1888 2132 exquirendum
1913 2041 2005 2099 esse

532 2137 740 2223 interesse
763 2136 1018 2232 habentium
1049 2153 1091 2224 et
1125 2137 1379 2252 praesertim
1405 2137 1586 2225 Parochi
1622 2164 1896 2236 consensum,
1935 2163 2009 2220 ex-

531 2269 655 2372 cepto
700 2289 799 2344 casu
845 2291 932 2378 quo
975 2259 1333 2350 irrationabiliter
1377 2261 1594 2378 oppositio
1630 2257 1771 2347 fieret.
1809 2261 2010 2345 lamvero

531 2396 580 2466 ut
614 2379 793 2466 Parochi
845 2381 1163 2497 praeiudicium
1216 2381 1499 2470 imminuatur
1549 2401 1729 2500 propter
1773 2407 2003 2497 expensae,

530 2531 638 2619 quas
674 2500 715 2587 in
751 2505 1031 2592 renovatione
1056 2505 1205 2624 templi
1232 2505 1392 2592 intuitu
1411 2504 1600 2592 divitum
1645 2505 2010 2623 parochianorum

531 2624 753 2728 sustinuit,
782 2625 950 2714 nullum
975 2627 1092 2713 aliud
1129 2629 1374 2716 remedium
1399 2645 1634 2746 suppetere
1661 2627 1861 2728 affirmat,
1878 2651 2016 2744 quam

533 2763 791 2864 perpetuam
830 2749 1044 2836 Vicoriam
1080 2751 1264 2867 erigere,
1303 2781 1489 2868 eamque
1532 2749 1730 2866 religioso
1764 2752 1857 2835 viro
1891 2777 2015 2834 com·

532 2869 722 2957 mittere.
760 2871 850 2958 Hoc
881 2872 1146 2988 aequitativo
1192 2891 1540 2990 temperamento
1591 2873 1822 2961 Ecclesiam
1865 2867 2013 2957 illatri-

533 3022 627 3080 cem
664 2989 849 3079 minimo
898 2991 1003 3084 allici
1045 2995 1329 3112 praeiudicio,
1356 3027 1455 3084 cum
1502 3027 1614 3085 nova
1633 2995 1828 3111 paroecia
1863 2991 2016 3080 eidem

533 3114 691 3204 Ordini
726 3115 991 3218 conferatur.
1029 3120 1231 3240 quamvis
1254 3121 1371 3208 enim
1405 3117 1493 3208 duo
1527 3121 1613 3207 sint
1646 3119 1809 3206 Vicarii
1847 3113 2013 3217 Cureti,

535 3265 648 3324 unus
674 3253 738 3324 cst
774 3239 883 3327 ordo
912 3273 935 3328 a
967 3273 1057 3363 quo
1088 3243 1296 3332 alimenta
1329 3243 1594 3366 percipiunt.
1641 3245 1871 3330 Praeterea
1907 3236 2016 3324 dnm

535 3357 638 3446 reali
663 3362 1025 3476 parochianorum
1045 3367 1216 3455 utilitati
1235 3367 1515 3470 succurritur,
1537 3397 1820 3484 personarum
1843 3391 1919 3450 seu
1938 3361 2018 3448 Re·

535 3479 785 3599 ligiosorum
822 3486 914 3574 iura
947 3507 1226 3604 permanent.
1263 3493 1325 3578 Eo
1360 3491 1426 3578 vel
1461 3491 1598 3606 magis
1638 3490 1739 3608 quia
1783 3486 1902 3576 Ordo
1926 3484 2021 3600 ipse

535 3605 885 3696 subministrabit
919 3609 1124 3700 alimenta
1158 3613 1369 3717 parocho,
1387 3645 1474 3731 quo
1514 3645 1613 3702 casu
1637 3614 1832 3714 sustinet,
1861 3607 1924 3695 ius
1946 3606 2021 3691 ha·

539 3729 648 3818 bere
682 3735 987 3845 praesentandi
1022 3735 1263 3824 Par-ochum
1298 3737 1355 3824 ab
1390 3741 1601 3856 Episcopo
1624 3732 1942 3825 instituendum
1967 3753 2023 3813 ex

536 3850 581 3938 S.
609 3849 886 3968 Conpreprat.
919 3858 965 3942 iu
985 3858 1141 3944 Lucem
1168 3859 1305 3948 Dism.
1330 3891 1498 3978 poroec.
1518 3861 1578 3948 27
1611 3856 1860 3975 Septembris
1895 3847 2025 3940 1732

538 3970 755 4092 Reiffeust.
792 3977 917 4065 Deer.
958 3980 1031 4068 lib.
1070 3981 1088 4066 l
1149 3999 1178 4068 t.
1219 3985 1295 4091 38,
1352 3983 1554 4100 Pirltinp.
1603 3983 1693 4071 eod.
1740 3999 1772 4069 t.
1828 3979 2018 4092 Fopoarr.

539 4097 614 4180 cit.
648 4127 740 4210 cop.
783 4098 858 4186 Ad
892 4103 1148 4194 audientiam
1188 4140 1301 4196 uuor.
1341 4111 1417 4198 35.
1469 4147 1486 4186 ι
1532 4110 1657 4197 Unde
1691 4123 1796 4193 trrnc
1849 4095 2021 4218 quoties

543 4255 561 4296 ι
602 4220 893 4312 nominandus
936 4228 1019 4315 erit
1064 4261 1205 4318 novae
1239 4235 1466 4348 parochiae
1501 4233 1730 4332 Parochus
1768 4227 1837 4316 ius
1881 4219 2025 4309 habe-

546 4381 563 4419 ι
603 4340 669 4428 bit
719 4347 937 4438 Parochus
992 4355 1198 4472 autiquae
1247 4359 1481 4448 Paros-hiae
1532 4357 1651 4443 illum
1700 4345 1924 4468 eligendi,
1982 4351 2026 4426 et

545 4503 562 4540 ι
604 4471 929 4579 praesentandi.
972 4515 990 4555 »
1028 4479 1119 4568 lloe
1150 4481 1284 4570 modo
1333 4481 1482 4570 fideles
1527 4479 1737 4566 maiorem
1774 4469 2022 4564 utilitatem,

540 4587 800 4704 reciperent,
838 4597 1056 4718 siquidem
1075 4605 1290 4694 Parochus
1322 4603 1531 4722 regularis
1565 4630 1780 4718 nusquam
1803 4613 1866 4684 est
1888 4588 2021 4727 solus3

539 4726 647 4826 quot
681 4713 800 4804 cuim
834 4721 1072 4814 confratres
1111 4729 1260 4834 babet,
1299 4745 1360 4815 tot
1394 4729 1526 4816 habet
1557 4725 1848 4815 coadiutores.
1903 4714 2028 4798 lllsoe

540 4833 782 4925 constitutis
814 4845 1031 4935 concludit
1063 4881 1109 4937 se
1138 4853 1627 4970 opponereParochum
1662 4833 1822 4936 intuitu
1846 4836 1914 4927 sui
1946 4829 2026 4918 de·

543 4955 654 5044 coris
682 4975 726 5046 et
746 4965 980 5056 materialis
999 4974 1271 5087 praeiudicii,
1294 4976 1464 5096 etipsus
1478 4971 1796 5070 Fabbricerios,
1813 4963 1888 5082 qui
1903 4951 2027 5048 avul-

542 5107 587 5165 sa
630 5079 776 5170 ditiori
818 5092 1182 5204 parochianorum
1220 5115 1341 5216 parte
1373 5103 1583 5190 damnum
1615 5129 1667 5187 se
1706 5113 1903 5215 passuros
1937 5077 2028 5166 lore

546 5199 806 5295 confirment
838 5241 937 5302 eum
969 5219 1101 5309 rebus
1133 5225 1193 5314 sic
1217 5225 1428 5314 stantibus
1453 5223 1670 5342 legitimos
1707 5209 2030 5309 iniveriutcon·

544 5335 720 5426 tractus,
756 5349 800 5419 et
834 5334 1030 5454 ingentes
1063 5377 1273 5465 expensas
1306 5352 1634 5469 assumpserint.
