4350 6326
381 359 383 366 ’
524 357 617 448 490
951 355 1034 444 Die
1064 355 1126 443 20
1157 347 1405 469 Septembris
1437 349 1577 438 1879.

517 475 793 602 potissimum
825 476 1166 569 sollicitudiuem
1200 475 1428 564 intendere
1453 473 1635 572 debere,
1675 487 1722 558 nt
1751 471 2024 562 christianus

519 599 724 723 populus,
760 601 957 692 coelestis
989 599 1216 690 doctrinae
1259 597 1421 712 pabulo
1454 594 1690 694 enutritus,
1717 609 1760 682 et
1781 595 2026 684 rudimen-

522 727 575 814 tis
608 721 712 810 fidei
745 723 1036 814 saluberrime
1072 721 1337 822 instructus,
1374 719 1415 804 in
1453 717 1654 806 semitam
1691 713 2026 806 mandatorum

521 845 700 936 Domini
736 844 919 936 feliciter
951 833 1180 961 dirigatur.
1222 843 1386 930 Verum
1434 867 1535 926 cnm
1583 835 1687 926 satis
1732 838 2028 957 experientia

520 981 795 1082 compartum
829 969 914 1071 sit,
952 965 1152 1084 Episcopi
1196 979 1240 1052 et
1282 960 1576 1054 Parachorum
1621 961 1817 1048 laborem
1865 962 1924 1062 ad
1969 959 2025 1047 id

524 1089 670 1207 operis
705 1089 917 1208 imparem
968 1087 1148 1176 omnino
1181 1117 1309 1192 esse,
1347 1083 1511 1201 pariter
1552 1081 1872 1200 ambigendum
1927 1113 2027 1173 non

522 1209 697 1302 videtur
731 1241 853 1326 posse
888 1209 1147 1330 Episcopum
1191 1209 1384 1327 exigere,
1422 1221 1466 1294 ut
1498 1203 1685 1306 Clerici,
1739 1205 1814 1322 qui
1862 1221 2025 1297 tonsu-

522 1365 569 1421 ra
604 1332 763 1420 initiari
813 1333 1033 1450 cupiunt,
1073 1331 1139 1418 vel
1185 1330 1241 1420 ad
1290 1329 1468 1418 ordines
1513 1327 1700 1416 maiores
1748 1325 2017 1430 ascendere;
2150 1359 2159 1447 j

519 1472 593 1544 aut
625 1453 883 1544 Sacerdotes
916 1454 990 1573 qni
1025 1453 1080 1544 ad
1103 1451 1389 1544 eeclesiastico
1410 1447 1624 1542 beneficia
1648 1447 1900 1566 promoveri
1933 1481 2017 1540 cn·

521 1576 665 1694 piuut,
682 1576 898 1664 Paroahos
914 1576 1177 1666 coadiuvent
1192 1575 1235 1664 in
1253 1572 1462 1666 docendis
1479 1573 1627 1690 pueris
1645 1569 1888 1660 doctrinam
1901 1572 2020 1663 chri·

521 1699 724 1787 stiauam.
746 1697 993 1785 Benedictus
1011 1698 1079 1784 Xl
1084 1699 1129 1788 V
1147 1699 1288 1784 Const.
1308 1697 1405 1784 Etsi
1428 1698 1597 1784 minime
1614 1692 1690 1818 33.
1712 1695 1796 1780 hrt
1819 1695 1895 1796 tt.
1917 1694 2015 1784 dici

520 1821 548 1906 7
566 1818 689 1908 Febr.
709 1821 824 1908 1742
843 1819 997 1908 Clerici
1015 1819 1130 1908 onim
1158 1819 1284 1908 alicui
1304 1817 1518 1908 Ecclesiae
1531 1816 1695 1908 addicti
1710 1831 1752 1904 et
1768 1815 1853 1904 Dei
1872 1819 2015 1908 servi·

524 1941 582 2028 tio
601 1941 852 2059 mancipati,
872 1941 1072 2060 Episcopi
1085 1940 1303 2030 mandatis
1316 1971 1472 2060 parere
1491 1956 1693 2030 tenentur
1712 1938 1826 2026 iniis
1859 1941 2017 2058 operi·-

518 2062 602 2150 bus
617 2063 946 2183 quaedivinunr
970 2066 1136 2154 cultum
1159 2081 1200 2150 et
1217 2064 1488 2179 spiritualem
1506 2063 1657 2180 populi
1678 2060 1921 2178 protectum
1939 2095 2013 2153 re-

517 2185 720 2304 spiciunt,
759 2213 860 2274 nam
894 2187 1149 2276 Sacerdotes
1167 2199 1210 2274 ct
1226 2185 1380 2276 Clerici
1406 2217 1484 2304 pro
1503 2184 1654 2302 populi
1681 2185 1821 2272 salute
1853 2215 1878 2270 a
1912 2189 2010 2282 Deo

521 2306 747 2398 constituti
772 2322 888 2396 sunt.
1549 2393 1552 2399 .

643 2427 774 2540 Quod
807 2429 988 2548 quidem
1021 2459 1175 2518 corum
1208 2429 1479 2518 adiutorium
1511 2429 1771 2547 Episcopus,
1810 2431 1887 2518 ubi
1924 2460 2008 2518 ne-

526 2549 699 2640 cessitas
743 2551 789 2639 id
838 2552 1127 2668 expostulet,
1179 2551 1353 2670 exigere
1400 2565 1578 2668 potest,
1631 2549 1832 2665 prouidus
1880 2553 2007 2642 etiam

522 2673 692 2760 statutis
722 2674 866 2788 pacuis
905 2689 952 2762 nt
984 2705 1040 2764 ex
1081 2677 1211 2766 citata
1265 2675 1570 2762 Constitutione
1617 2671 1662 2794 3.
1715 2672 1789 2760 tt.
1840 2675 2004 2764 Conci-

520 2811 630 2884 nunt
676 2825 790 2913 qnae
831 2811 988 2885 statuta
1037 2795 1217 2886 luerunt
1250 2829 1274 2886 a
1308 2798 1353 2888 S.
1381 2797 1536 2894 Carolo
1569 2799 1838 2887 Borramaeo
1858 2797 1901 2884 in
1925 2797 2003 2916 Sy-

522 2916 638 3006 nodo
661 2933 815 3038 quarta
837 2917 1094 3008 dioecesana
1112 2918 1423 3020 Mediolanensi
1442 2935 1561 3034 part.
1588 2917 1751 3006 Edecr.
1770 2919 1829 3008 V.
1850 2935 1949 3006 tour.
1974 2921 1991 3006 l

519 3038 598 3128 ubi
620 3039 679 3126 sic
700 3039 892 3155 legitur:
926 3083 942 3119 e
981 3041 1235 3132 Sacerdotes
1267 3059 1312 3129 et
1346 3041 1503 3130 Clerici
1529 3040 1751 3130 interiores
1789 3041 1998 3131 Domini-

523 3201 540 3238 «
579 3159 869 3280 cislestisquo
902 3163 1075 3268 diebus,
1125 3195 1212 3282 qua
1246 3164 1353 3254 hora
1387 3164 1431 3254 in
1476 3163 1606 3252 choro
1647 3161 1808 3252 divinis
1853 3163 2001 3254 officiis

521 3283 934 3386 sooncelehrandis
987 3285 1182 3374 adstricti
1233 3317 1320 3374 non
1369 3303 1501 3390 sunt,
1556 3284 1829 3390 Parorhnm,
1890 3287 1999 3376 intra

523 3443 541 3482 ε
580 3405 705 3494 cuius
737 3407 966 3525 parochiae
1000 3407 1109 3500 lines
1142 3409 1359 3515 habitant,
1397 3411 1439 3496 in
1475 3407 1700 3498 doctrinae
1742 3407 2000 3510 christianae

526 3564 543 3605 «
582 3526 737 3634 scholis
768 3527 993 3633 adiuvent,
1031 3530 1075 3618 in
1109 3533 1221 3620 urbe
1254 3531 1312 3621 ad
1345 3531 1663 3650 praescriptum
1697 3561 1868 3636 eorum,
1906 3530 1998 3652 ‹pni-

527 3687 544 3724 c
581 3650 665 3736 bus
697 3647 743 3737 id
774 3683 904 3742 curae
934 3653 995 3754 ab
1028 3653 1368 3773 archiepiscopo
1401 3653 1554 3742 datum
1579 3653 1677 3758 erit,
1723 3653 1766 3740 in
1807 3653 1999 3748 dioecesi

525 3808 542 3878 q
583 3787 731 3858 autem
766 3771 1039 3862 Vicariorum
1063 3775 1363 3865 Eoraueorum
1391 3816 1429 3860 ι.
1457 3779 1506 3862 Ιιι
1530 3773 1685 3866 iisdem
1713 3774 1876 3890 pariter
1897 3775 1997 3866 cotis

511 3905 632 4006 part.
667 3893 696 3978 2
728 3892 888 4008 Synodi
925 3894 1187 3984 dioecesanae
1218 3897 1269 3984 ll
1317 3898 1523 3988 Manitum
1545 3897 1583 3986 I.
1622 3915 1718 3985 tom.
1747 3899 1764 3982 l
1795 3899 1995 4015 imposita

517 4011 676 4128 legitur
706 4043 848 4130 poena
880 4015 1187 4109 Sacerdotibus
1222 4051 1309 4108 non
1333 4021 1693 4112 coadiuvantibus
1720 4020 1997 4118 Parachosiu

524 4163 709 4224 munere
739 4135 962 4230 docendae
994 4138 1217 4230 doctrinae
1249 4143 1507 4244 christianae
1538 4197 1569 4214 -
1601 4142 1662 4230 ibi
1692 4181 1766 4220 -c
1795 4143 2000 4255 Quicum·
2158 4169 2159 4246 φ

521 4293 539 4330 ¹
579 4287 665 4374 que
698 4259 906 4350 Sacerdos
940 4277 1013 4350 aut
1044 4262 1323 4357 ‚Beneficium
1372 4267 1576 4356 obtinens
1623 4265 1865 4354 Parochum
1911 4296 1994 4354 uon

523 4415 540 4456 «
581 4378 817 4485 adiuverit,
855 4383 1086 4474 mulctetur
1118 4385 1291 4474 dnobus
1325 4388 1519 4478 nummis
1552 4389 1807 4478 realibus».
2158 4473 2159 4490 ,

641 4503 845 4623 Denique
876 4504 912 4592 si
945 4507 1000 4595 ad
1034 4509 1384 4625 promovendum
1419 4543 1529 4629 opus
1561 4511 1785 4600 doctrinae
1810 4507 1998 4614 christia·

515 4651 597 4710 nae
631 4624 742 4712 adeo
778 4625 898 4742 pium
932 4645 975 4716 et
1011 4631 1321 4736 necessarium,
1347 4636 1401 4722 tt.
1428 4635 1472 4724 S.
1499 4635 1548 4724 C.
1573 4633 1643 4720 die
1665 4635 1723 4722 l7
1743 4633 1851 4722 Iulii
1872 4629 1993 4720 ’1688
2158 4639 2159 4642 ‘

514 4742 558 4830 in
591 4745 783 4862 quadam
817 4780 945 4838 causa
976 4750 1192 4867 Spalateu.
1238 4756 1468 4844 Doctrinae
1507 4755 1793 4856 Christianae,
1830 4754 1876 4844 iu
1909 4783 2007 4872 qua.

513 4863 783 4984 disputatum
819 4870 915 4976 luit:
947 4872 1055 4960 «An
1085 4875 1439 4994 Archs'episaopas
1463 4911 1614 4995 capara
1649 4881 1834 4995 potuerit
1868 4875 1994 4964 Endi-

509 4989 734 5105 mapistros
768 5007 849 5080 taut
875 4993 1062 5084 Clericus
1090 5029 1212 5116 quam
1233 5001 1382 5088 Enicas
1412 5001 1469 5091 ad
1487 4999 1714 5091 docendum
1742 5031 1896 5120 pueros
1918 5000 1989 5092 do-

509 5113 994 5218 atrinamchristianam,
1030 5173 1060 5190 -
1092 5120 1340 5238 respondit:
1376 5179 1405 5196 -
1436 5125 1563 5214 Posse
1588 5128 1713 5242 prius
1750 5125 1919 5217 hortari
1950 5138 1986 5210 ct

505 5231 657 5322 deinde
685 5239 928 5354 praecipere
961 5275 999 5347 »;
1038 5242 1175 5331 multo
1211 5246 1349 5362 inagis
1381 5249 1542 5364 poterit
1574 5248 1810 5366 Episcopus
1839 5249 1986 5339 Sacer·

509 5355 633 5458 dotes
651 5357 827 5478 adigere
844 5361 898 5450 ad
912 5363 1152 5474 Paroohnm
1172 5367 1526 5471 coodiuvandum
1543 5372 1585 5458 in
1604 5399 1788 5466 munere
1804 5366 1987 5463 ducendi

508 5475 751 5583 doctrinam
780 5482 1078 5618 christianam,
1099 5491 1270 5622 statutis
1293 5494 1444 5614 poeuis
1465 5494 1521 5582 ¹ct
1540 5493 1676 5585 etiam
1697 5489 1986 5614 suspensionis
