4350 6326
507 371 637 478 576,
1098 369 1402 456 INDEX

508 540 557 613 ut
589 523 755 641 aliquid
790 523 990 640 erigatur
1022 551 1103 638 pro
1136 522 1222 610 olei
1377 523 1489 614 Cum
1524 553 1609 612 non
1646 522 1816 610 ratione
1848 551 2002 610 mune-
2150 617 2151 660 Ν

507 645 643 736 sancti
691 645 876 732 materia
924 643 1224 762 comparando
1286 646 1361 747 ris,
1381 645 1476 734 sed
1510 644 1718 761 longioris
1739 643 1905 732 servitii
1930 647 2004 732 Ec·

501 799 608 886 pop.
646 768 738 855 542
772 765 816 888 8.
854 767 935 852 Εο.
1057 823 1062 836 ·
1285 767 1441 856 ciesiae
1474 765 1691 856 debeatur
1725 765 1835 854 ibid.

602 893 718 978 Haec
760 905 904 978 autem
953 888 1224 978 consuetudo
1378 889 1580 979 Exeroeri
1615 905 1763 978 tamen
1783 889 1921 978 debet
1940 889 2003 976 in·

509 1013 610 1103 iicet
645 1045 668 1100 a
703 1011 1226 1129 piurihusSynodispar·
1287 1012 1348 1100 ira
1387 1027 1559 1131 tempus
1593 1045 1616 1099 a
1651 1012 1747 1099 iure
1791 1027 2000 1100 statutum

509 1135 768 1226 tiouiaribus
815 1133 947 1221 [uerit
991 1137 1224 1250 reprobata
1287 1133 1396 1223 ibid.

502 1291 608 1377 pop.
647 1259 739 1346 542
772 1254 817 1376 8.
858 1255 1033 1343 Contra.
1378 1259 1480 1370 Quo
1514 1257 1725 1344 inutiliter
1753 1255 1902 1374 elapso
1937 1255 2004 1344 ius

600 1383 653 1468 Et
687 1413 710 1466 a
743 1379 1095 1496 Congregatione
1130 1409 1226 1494 par·
1287 1379 1470 1498 optandi
1505 1379 1561 1467 ad
1594 1379 1890 1498 antiquiorem
1924 1378 2000 1466 de·

511 1505 682 1592 tiouiari
739 1517 847 1590 teste
901 1501 1069 1589 Bened.
1121 1503 1225 1590 xlv
1287 1503 1484 1589 volvitur
1516 1501 1625 1588 ibid.

504 1659 610 1743 pop.
648 1625 740 1712 544
774 1622 819 1744 8.
857 1622 953 1709 Neo.
1378 1628 1577 1740 Tempus
1611 1641 1759 1712 autem
1782 1624 2003 1712 huiusmo-

603 1749 732 1839 Sacra
767 1761 912 1832 tamen
932 1745 1225 1864 Congregatio
1286 1745 1826 1837 dideiureoommuniest
1851 1745 2001 1865 viginti

510 1872 716 1961 eamdem
751 1867 924 1956 tolerari
947 1899 1074 1986 posse
1098 1869 1226 1955 resoi·
1285 1867 1458 1957 dierum
1492 1900 1516 1956 a
1550 1868 1622 1956 die
1641 1869 1893 1970 vacationis,
1921 1899 1997 1956 seu

509 1995 572 2080 vit
602 2013 706 2109 pom
743 1991 835 2078 546
866 1987 942 2075 Ad
973 1991 1011 2077 1.
1047 1989 1159 2077 unt.
1286 1989 1993 2079 iiliusverosimilisnotitiaeibid.

602 2120 731 2203 Teste
765 2113 1225 2229 namqueu.uh0ma
1377 2113 1625 2232 Theologus
1675 2129 1720 2200 ot
1768 2114 2000 2202 Poeniten·

510 2237 680 2355 aliquid
713 2235 807 2326 dari
842 2235 885 2322 iu
938 2237 1225 2324 consecratio·
1264 2236 1437 2326 tianius
1456 2236 1753 2326 exeluduntur
1779 2237 1837 2324 ab
1859 2237 2000 2353 optio·

509 2361 642 2450 nibus
658 2359 974 2477 Episcoporum
1001 2390 1081 2475 pro
1104 2359 1226 2446 Chri·
1285 2389 1341 2447 ue
1370 2391 1473 2475 pop.
1522 2360 1614 2448 234
1648 2359 1692 2482 8
1738 2359 1834 2446 Noc.

509 2500 649 2572 smate
666 2482 735 2570 vel
754 2482 864 2569 Oleo
877 2480 1027 2597 vigore
1043 2511 1223 2568 consuo·
1378 2483 1537 2570 Limita
1553 2481 1714 2599 primo,
1744 2481 1824 2569 nisi
1850 2496 1998 2570 tenues

512 2603 693 2709 tudinis,
731 2604 851 2724 quasi
890 2603 1110 2720 stipendia
1146 2635 1224 2721 per
1284 2603 1764 2722 habeuntpraebendas
1780 2635 1886 2720 pop.
1911 2608 1992 2694 234

440 2791 447 2828 .
510 2725 1226 2842 consuetudinemapprohata,Si·
1285 2726 1329 2849 8.
1378 2733 1455 2814 At.

510 2851 704 2938 moniam
754 2880 843 2936 non
897 2847 1067 2936 inducit
1114 2881 1220 2966 pop.
1380 2852 1607 2940 Absonum
1634 2880 1825 2966 namque
1843 2865 1922 2952 est,
1952 2870 1999 2938 ut

510 2975 602 3062 542
636 2971 680 3094 8.
718 2972 797 3060 Eo.
1287 2971 1347 3060 illi
1380 2973 1605 3078 canonici,
1644 2973 1719 3092 qui
1753 2971 1894 3060 maius
1927 3005 2001 3060 su·

605 3093 812 3184 Venditio
844 3093 1041 3182 oleorum
1088 3125 1226 3182 sacro·
1286 3098 1427 3184 heunt
1460 3128 1587 3200 ouuS,
1626 3097 1796 3184 minora
1829 3095 1872 3182 in
1898 3125 1998 3214 per·

511 3248 609 3306 rum
644 3218 779 3305 etiam
813 3213 1056 3304 secundum
1099 3245 1224 3306 suam
1286 3235 1468 3338 potuum
1489 3220 1677 3308 habeant
1701 3218 2000 3308 emolumenta

510 3340 700 3458 speciem
741 3339 963 3456 physicam
1014 3338 1107 3426 iure
1156 3370 1227 3427 oa·
1289 3341 1397 3428 ibid.

511 3493 680 3552 nonum
714 3453 977 3578 prohibetur
1006 3492 1109 3578 pap.
1132 3463 1214 3548 541
1384 3465 1542 3552 Limita
1586 3465 1777 3554 seeundo
1826 3463 2002 3581 quando

512 3586 557 3708 8.
595 3587 756 3674 Omnis.
1292 3587 1576 3706 praebendae
1593 3601 1695 3674 sunt
1713 3586 1900 3689 divisae,
1916 3599 2003 3672 non

1288 3739 1393 3800 vero
1427 3710 1460 3797 si
1484 3709 1660 3828 capituli
1678 3709 1796 3796 bona
1813 3741 1868 3796 ex
1891 3738 2004 3796 mas·

782 3831 953 3920 ΟΡΤΙΟ
1289 3861 1334 3920 sa
1368 3833 1590 3921 communi
1631 3831 2001 3947 conflanturpuy.

1290 3955 1459 4077 2328.
1501 3956 1630 4065 Quae.

604 4077 699 4164 Nou
734 4075 830 4164 iure
862 4074 1102 4178 communi,
1148 4074 1227 4164 sed

516 4212 706 4302 statutos
747 4197 1096 4302 consuetudine,
1153 4213 1227 4286 aut
1475 4199 1812 4290 ORATORiUM

511 4320 743 4439 privilegio
797 4321 1047 4438 Apostolico
1097 4351 1226 4437 prae·
1799 4357 1804 4366 ·

509 4443 687 4534 bendae
750 4443 967 4561 optabiles
1029 4443 1223 4532 evadunt
1379 4445 1608 4534 Publicom
1633 4443 1907 4534 iudicatursi
1933 4445 2011 4532 ha-

505 4565 617 4685 pop
648 4570 729 4657 23t
773 4567 819 4690 8.
856 4565 932 4656 Αι.
1286 4570 1365 4658 het
1388 4568 1562 4658 ianuam
1583 4567 1823 4687 publicam,
1845 4583 1893 4656 et
1916 4566 2011 4656 cui-

603 4689 735 4811 Optio
769 4689 984 4810 gradatim
1018 4719 1226 4778 exercen-
1286 4691 1351 4780 vis
1370 4691 1572 4810 epopulo
1590 4704 1709 4810 patet
1719 4691 1838 4809 pau
1863 4691 2006 4812 8.Εο.

511 4811 567 4900 da
601 4828 665 4902 est
691 4846 797 4932 pop.
818 4813 973 4937 2308.
1001 4814 1220 4912 Gortouici,
1379 4813 1640 4904 Deficientia
1673 4831 1821 4903 tamen
1870 4813 2010 4902 huius

486 4967 611 5054 pop.
647 4939 738 5028 233
772 4937 818 5062 8.
855 4937 983 5026 Licet.
1287 4937 1482 5054 requisiti
1532 4935 1652 5026 haud
1688 4937 1790 5026 satis
1833 4953 1904 5026 est
1955 4937 2013 5025 ad

604 5061 767 5150 Debita
802 5089 963 5176 nempe
995 5075 1060 5147 est
1080 5061 1221 5150 Cauo—
1286 5060 1574 5151 iudicandum
1608 5061 1861 5150 Oratorium
1922 5061 2013 5177 pri·

511 5179 611 5270 nico
632 5183 842 5272 auteriori
865 5181 910 5270 in
932 5181 1222 5272 Canonicatus
1286 5199 1435 5270 vatum
1469 5199 1513 5272 et
1549 5184 1731 5272 minimo
1770 5181 2012 5302 publicum

513 5308 787 5422 possessione
791 5303 1066 5426 ρα9.2338.
1087 5305 1215 5394 Licet.
1285 5335 1379 5394 esse
1407 5337 1512 5423 pop.
1549 5307 1610 5394 85
1643 5305 1688 5427 8.
1728 5307 1880 5426 Neque.
