4558 6340
586 330 678 416 t90
1053 325 1134 411 Die
1167 323 1229 410 26
1263 322 1434 440 Aprilis
1468 323 1608 414 t879.

571 449 809 567 resumpsit
844 447 1023 537 consilio
1064 489 1079 526 ι
1108 447 1260 534 Dilata
1292 464 1330 536 et
1355 447 1655 536 coadiuucntur
1674 447 1951 562 probationes
1975 449 2084 540 inccta

585 576 874 663 instructiones
909 569 1071 658 dandas
1110 611 1150 658 ι.

710 701 755 787 8.
794 695 1064 783 Persimilem
1103 695 1329 812 utriusque
1362 694 1709 784 huiuscerausae
1731 693 1932 811 speciem
1967 725 2082 809 prae·

585 823 717 911 select
751 817 1015 906 adamussim
1051 847 1189 921 casus,
1217 817 1260 902 in
1293 849 1381 934 quo
1417 847 1621 934 praesens
1676 834 1879 904 versatur
1912 835 2082 906 contro·

586 945 744 1032 versia.
771 945 880 1030 Sunt
914 941 1032 1027 enim
1067 953 1196 1028 testes
1229 942 1527 1059 quamplures,
1553 939 1700 1028 sinon
1725 938 1902 1057 viginti,
1931 943 2083 1030 saltem

586 1065 935 1186 quatuordecim,
963 1063 1038 1181 qui
1071 1063 1310 1178 opinantur
1343 1083 1384 1150 et
1418 1067 1649 1180 deponunt
1697 1093 1948 1180 numquam
1986 1096 2083 1152 con-

586 1191 707 1306 iuges
740 1189 868 1276 luisse
901 1187 1213 1276 commixtione
1236 1187 1395 1274 carnuli
1419 1188 1657 1303 copulatos3
1686 1185 1766 1273 hoc
1800 1204 1957 1273 tamen
1998 1191 2085 1304 opi-

586 1329 765 1414 nantur,
791 1311 894 1428 quia
918 1326 1134 1428 procerte
1167 1309 1345 1410 babent,
1372 1341 1591 1428 numquam
1614 1307 1938 1405 condormiisse,
1966 1341 2080 1398 num-

584 1468 707 1552 quam
737 1433 990 1520 cohabitasse
1015 1436 1098 1520 sub
1131 1433 1288 1519 eodem
1324 1451 1451 1522 tecto.
1475 1434 1554 1520 hst
1591 1433 1708 1520 testis
1732 1433 1842 1519 alter
1865 1435 2078 1547 suppetit,

584 1558 661 1676 qui
696 1587 774 1674 per
808 1557 995 1674 aliquam
1032 1556 1119 1644 diei
1155 1573 1320 1672 partem
1371 1556 1544 1642 insimul
1591 1586 1847 1642 cottoersasse
1906 1557 2077 1660 edocet,

587 1712 667 1798 per
701 1681 928 1767 nonnullas
964 1679 1134 1766 circiter
1181 1679 1304 1765 horas
1337 1697 1433 1797 post
1470 1680 1644 1796 nuptias
1676 1677 1944 1778 celebratam,
1974 1681 2078 1796 quin

585 1803 690 1890 alias
724 1803 1093 1920 deprehendatur,
1121 1803 1435 1890 conversationi
1472 1801 1714 1890 istiusmodi
1751 1802 1945 1888 alienam
1985 1833 2079 1916 per·

582 1955 751 2029 sonam,
779 1926 849 2012 vel
885 1926 1163 2029 familiarem,
1191 1925 1260 2011 vel
1294 1944 1545 2012 extraneam
1595 1927 1810 2012 ullatenus
1862 1923 2075 2029 adfuisse3

583 2047 703 2136 unde
736 2047 964 2136 manifeste
999 2047 1227 2150 evincitur,
1256 2048 1374 2167 quud
1412 2047 1845 2136 inconsummationis
1880 2046 2076 2134 conditio

583 2171 835 2287 longissime
869 2173 1016 2259 exulat
1050 2171 1106 2256 ab
1140 2202 1189 2258 ea
1223 2171 1493 2258 certitudinis
1536 2171 1808 2288 probatione,
1852 2201 1977 2287 quae
2025 2169 2077 2257 ad

584 2293 950 2410 oculs-ingendum
970 2295 1198 2410 coniugale
1215 2293 1454 2397 vinculum,
1473 2295 1591 2410 quod
1628 2295 1707 2383 rite
1740 2311 1783 2381 et
1816 2294 2078 2382 solemniter

588 2433 859 2504 contractum
894 2432 974 2520 cst,
1003 2447 1106 2536 prae
1155 2415 1362 2506 omnibus
1408 2419 1735 2506 conditionibus
1768 2431 1831 2504 cst
1885 2417 2077 2503 maxime

582 2539 844 2626 necessaria.
891 2539 1198 2628 Posthabenda
1222 2570 1275 2626 ne
1298 2557 1362 2628 est
1396 2541 1716 2629 circumstantia
1742 2539 1922 2641 isthaec,
1963 2568 2074 2658 quae

584 2661 893 2750 vehementem
931 2663 1093 2780 ingerit
1126 2663 1415 2778 suspicionem
1451 2667 1569 2782 quod
1597 2663 1930 2750 matrimonium
1957 2664 2001 2749 in
2026 2693 2072 2748 ea

583 2786 791 2899 temporis
825 2802 868 2872 et
903 2786 982 2873 loci
1015 2785 1330 2874 commoditate
1363 2787 1765 2875 consummaverint
1789 2786 1965 2902 sponsi?
2001 2789 2071 2872 ht·

582 2907 661 3026 qui
696 2923 870 2994 econtra
906 2908 1033 2996 valde
1064 2907 1228 3008 differt,
1255 2907 1374 3026 quod
1409 2940 1649 3026 numquam
1698 2910 1778 2996 sub
1813 2909 1976 2996 eodem
2012 2925 2072 2995 te·

580 3044 650 3116 cto
684 3029 1048 3136 cohabitaverint,
1076 3033 1142 3117 vel
1179 3061 1420 3150 numquam
1456 3034 1586 3120 etiam
1612 3032 1833 3120 incudem
1859 3033 1973 3121 lecto
2005 3063 2073 3118 cu·

578 3151 797 3254 baverint,
824 3154 882 3240 ab
915 3185 966 3242 eo
1000 3153 1119 3273 quod
1155 3156 1274 3242 nullo
1299 3155 1504 3271 temporis
1530 3170 1751 3244 memento
1776 3155 1955 3244 insimul
1983 3153 2068 3242 lue·

579 3274 666 3362 rint
698 3277 955 3380 conversati,
983 3277 1182 3394 qualibet
1206 3276 1309 3365 inde
1333 3309 1531 3394 persona,
1559 3280 1849 3396 quolibetque
1876 3293 1988 3366 teste
2011 3307 2070 3363 re·

578 3413 718 3498 moto,
746 3399 802 3484 ita
840 3415 885 3483 ut
908 3401 1095 3488 maritali
1117 3399 1254 3489 officio
1278 3401 1536 3490 incumbere
1559 3403 1810 3490 valuissent.
1838 3401 1955 3490 lllud
1980 3399 2069 3518 qui·

578 3518 682 3608 dem
719 3538 862 3609 actum
897 3524 1151 3612 continuum
1186 3537 1229 3610 et
1263 3555 1342 3640 per
1374 3525 1492 3615 diem
1519 3543 1781 3642 noctemque
1804 3525 2069 3639 productum

577 3643 777 3762 requirit;
806 3645 888 3734 hoo
920 3666 1096 3734 econtra
1128 3645 1255 3734 brevi
1291 3649 1496 3763 temporis
1519 3650 1657 3764 spatio
1691 3647 1933 3768 perficitur,
1961 3645 2067 3736 adeo

578 3784 627 3854 ut
658 3798 738 3856 nec
773 3798 959 3871 moram,
987 3800 1066 3857 nec
1100 3783 1287 3870 noctem,
1317 3799 1397 3858 noc
1431 3775 1622 3887 amplam
1655 3771 1736 3859 loci
1780 3769 2065 3860 commodita-

579 3903 667 3974 tem
703 3890 900 4006 nequit-ih
927 3895 1002 3980 sed
1036 3895 1139 3980 satis
1172 3907 1236 3980 est
1259 3907 1306 3980 ut
1328 3892 1534 3998 solitudo,
1562 3913 1606 3982 ut
1632 3893 1805 3982 testium
1839 3894 2054 3994 absentia,

581 4023 626 4096 ut
660 4015 961 4129 opportunitas
993 4015 1182 4104 cubiculi
1215 4029 1435 4134 suppetat.
1459 4019 1705 4106 hudiamur
1737 4018 1887 4137 itaque
1918 4031 2059 4115 testes,

577 4130 740 4248 quiex
774 4134 956 4223 advorso
990 4139 1291 4254 prosecuntur.

701 4257 746 4343 9.
786 4259 966 4348 lacobus
1000 4265 1195 4350 Durante
1224 4303 1240 4340 ι
1268 4263 1326 4351 So
1359 4262 1438 4351 che
1471 4281 1623 4380 questo
1656 4263 1937 4352 matrimonio
1969 4259 2004 4350 si
2035 4257 2059 4344 e

581 4419 598 4456 ι
639 4377 748 4467 latto
781 4385 904 4498 quasi
940 4383 985 4471 di
1021 4400 1230 4486 naseosto,
1259 4417 1283 4472 e
1316 4416 1441 4474 senaa
1474 4386 1554 4476 che
1586 4420 1641 4475 ne
1673 4417 1845 4506 sapesse
1877 4417 1975 4473 cosa
2006 4379 2061 4468 al·

581 4541 598 4582 ι
637 4533 749 4590 cuna
782 4504 810 4589 il
846 4506 985 4620 padre
1017 4507 1134 4596 della
1169 4509 1437 4597 Violantina:
1464 4509 1604 4599 sic-che
1638 4540 1809 4628 appena
1841 4508 2060 4596 celebrato

581 4665 597 4703 ι
639 4623 681 4710 ἰιι
701 4627 747 4716 S.
777 4628 1097 4733 Bet·nardino,i
1119 4631 1290 4746 couiupi
1305 4663 1385 4718 noa
1408 4631 1676 4720 coaht'tarono
1699 4635 1784 4719 tnui
1809 4633 1993 4728 insieme,
2008 4625 2060 4713 ne

580 4787 598 4826 ι
634 4749 726 4834 mai
751 4767 961 4864 poterone
986 4753 1243 4842 riunirsi....
1265 4754 1294 4842 il
1311 4755 1435 4843 Pizzo
1448 4755 1486 4846 si
1503 4753 1736 4854 rallreddb,
1757 4787 1780 4843 e
1799 4754 1911 4872 parti
1930 4783 2007 4872 pec
2019 4749 2057 4834 le

583 4910 600 4948 ι
638 4871 953 4962 Americhe....
982 4875 1051 4992 poi
1075 4876 1289 4965 ritocnato
1312 4877 1556 4967 introdusse
1575 4879 1614 4966 la
1636 4909 1763 4968 causa
1788 4891 2004 4994 presente.
2032 4909 2048 4948 ι
2184 4989 2186 4992 Υ

696 4995 772 5083 l0.
809 4998 1015 5088 Parentes
1047 5001 1264 5089 Francisei
1294 5042 1312 5078 e
1340 5004 1374 5090 ll
1408 5019 1556 5090 nostro
1591 4999 1708 5120 figlio
1756 5001 1793 5089 ci
1843 4993 2053 5096 moronti),

578 5155 596 5196 ι
635 5116 715 5207 che
748 5117 792 5206 in
828 5119 984 5216 due‚o
1019 5138 1083 5210 tre
1116 5124 1376 5214 circostanze
1414 5124 1467 5212 ha
1508 5125 1635 5228 visto,
1674 5155 1698 5214 e
1740 5124 1981 5213 scambiate
2003 5117 2057 5208 al·

577 5279 594 5316 e
634 5272 746 5330 cutte
781 5245 931 5360 parole
963 5245 1073 5336 colla
1107 5247 1372 5352 Violautina,
1399 5279 1573 5365 sempre
1604 5247 1730 5336 bensi
1768 5248 1811 5334 in
1852 5271 2057 5364 presence

576 5399 593 5440 ι
631 5363 702 5450 del
724 5365 769 5453 di
799 5367 855 5456 lei
882 5367 1056 5457 lratello
1074 5373 1219 5473 Prete,
1263 5401 1335 5459 ma
1382 5371 1461 5460 ebe
1505 5369 1613 5487 perh
1658 5371 1697 5460 la
1741 5370 1988 5460 medesima
2029 5395 2053 5452 o

576 5523 594 5562 ι
632 5517 713 5574 con
751 5521 806 5576 un
840 5507 1036 5608 protesto
1079 5493 1366 5582 ocoll’altro
1397 5493 1431 5582 si
1482 5495 1674 5582 riticava.
1717 5493 1902 5610 Quindi.
1941 5559 1953 5584 .
1992 5557 2002 5580 .
2041 5553 2051 5574 ·
