4350 6326
623 384 705 474 Dte
737 381 1067 497 2011333331313
1100 383 1239 470 1879.
1588 385 1673 478 521

180 527 356 600 auctum
395 505 547 623 populi
581 535 836 610 numerum,
854 509 859 519 '
875 507 1053 594 labente
1074 536 1191 595 anno
1215 507 1337 596 1878
1366 505 1521 594 tertius
1556 509 1682 604 Vice-

178 631 411 751 parouhns‚
440 629 504 716 uti
540 629 584 716 in
618 629 730 718 votis
764 648 856 718 erat
890 629 1122 733 Antistitis‚
1156 633 1408 720 nominatus
1441 631 1577 736 venit,
1604 638 1696 751 cui

179 757 235 844 de
289 755 478 844 aliorum
526 752 925 870 Viceparochorum
968 784 1182 842 consensu
1239 755 1364 843 tertia
1409 785 1511 871 pars
1563 786 1682 846 emo·

178 882 499 978 lamentorum,
519 906 633 991 quae
669 875 785 962 inter
819 877 934 992 ipsos
968 896 1096 964 antea
1129 877 1460 979 dividebantur,
1488 881 1679 997 assigna·

179 1020 223 1090 ta
256 1001 353 1102 luit3
392 997 661 1114 paroeciales
694 997 810 1084 enim
848 999 1016 1088 reditus
1065 999 1183 1087 haud
1231 1002 1339 1089 tales
1373 1015 1475 1088 sunt
1509 1019 1554 1087 ut
1586 1035 1681 1092 om·

180 1126 301 1216 nium
337 1125 548 1212 honestae
580 1121 893 1208 sustentationi
918 1121 1118 1210 sulficere
1142 1123 1332 1212 valeant.
1355 1124 1481 1212 Unde
1504 1147 1681 1242 exopta·

29 1347 32 1352 ,
179 1249 258 1336 bat
290 1247 511 1334 Paroclrus
543 1259 592 1334 ut
623 1244 691 1332 lric
724 1274 810 1332 non
846 1245 975 1332 aliter
1008 1277 1141 1364 quam
1193 1248 1263 1335 alii
1311 1247 1597 1363 Viceparochi
1634 1251 1678 1338 in

7 1397 9 1410 ·
180 1369 448 1460 cadaverum
481 1366 769 1483 associatione
803 1369 1150 1458 considerandus
1183 1388 1313 1458 esset.
1352 1369 1603 1461 Obsistente
1635 1392 1679 1462 at

180 1523 284 1582 vero
318 1495 497 1584 Urbana
530 1491 897 1607 Congregatione,
935 1523 1050 1610 quae
1099 1494 1278 1608 iusuper
1329 1521 1462 1609 penes
1500 1495 1677 1584 Curiam

175 1615 350 1706 instetit
387 1633 436 1704 ut
469 1614 785 1702 decerneretur
822 1655 839 1692 ι
879 1615 951 1702 else
985 1616 1082 1703 d'or
1115 1617 1291 1706 innanzi
1334 1647 1391 1702 nn
1424 1617 1514 1701 solo
1551 1619 1598 1708 V
1597 1623 1678 1708 ice-

173 1771 359 1854 porroco
393 1740 638 1852 interoenpa
670 1737 1169 1855 nll'occornpapnanrcnto
1202 1739 1266 1827 de'
1285 1740 1503 1842 cadaveri,
1538 1781 1556 1819 ι
1596 1749 1676 1830 Ar·

179 1863 487 1980 ahipresbyter
521 1860 738 1948 Parochus
772 1861 828 1949 ad
861 1866 908 1953 S.
948 1865 1002 1949 V.
1038 1865 1094 1953 Ο.
1125 1863 1319 1982 confugit
1353 1865 1540 1982 supplici
1575 1866 1678 1954 dato

181 1985 334 2074 libello
369 1985 460 2074 diei
492 1986 521 2072 5
555 1984 719 2100 Aprilis
755 1985 876 2072 1879
909 1986 1123 2075 declarari
1159 1989 1460 2104 expostulans:
1502 2026 1519 2064 ι
1560 1987 1679 2079 l⁰Se

186 2149 204 2187 ι
245 2139 370 2226 possa
402 2109 432 2196 il
466 2111 655 2196 Parroco
686 2107 876 2224 d'Aequi
911 2110 1108 2198 rivoeare
1143 2141 1166 2196 a
1201 2141 1246 2196 se
1280 2111 1308 2197 il
1343 2109 1493 2198 diritto
1533 2110 1577 2198 di
1614 2113 1679 2199 lar

185 2271 202 2308 ι
245 2234 284 2318 13
319 2248 421 2320 nota
456 2231 528 2318 dei
552 2228 680 2338 Preti}
704 2231 1030 2322 interveniendi
1053 2233 1582 2352 all'aeeompagnamento
1602 2235 1675 2322 dei

186 2393 204 2432 e
244 2355 465 2457 cadaveri,
504 2385 592 2442 non
625 2370 794 2441 ostante
828 2355 868 2442 la
904 2357 1224 2444 consuetudine
1257 2357 1335 2474 piu
1369 2356 1447 2444 cha
1472 2373 1677 2446 centena·

188 2519 205 2554 ι
244 2479 351 2566 riae
373 2477 642 2568 confermata
661 2477 717 2564 da
741 2479 887 2565 alcuni
910 2479 1119 2568 Ordinari
1143 2479 1393 2582 Diocesani‚
1433 2478 1548 2568 della
1574 2481 1679 2598 qual

186 2641 203 2678 ι
243 2601 569 2692 consuetudine
602 2603 716 2716 gode
737 2603 778 2688 la
811 2603 1030 2720 Congreg.
1070 2602 1271 2692 Urbana?
1294 2607 1326 2689 Ε
1349 2604 1391 2689 13
1413 2633 1516 2702 caso·
1550 2631 1680 2720 nega·

191 2763 205 2804 ι
246 2726 355 2828 tivo,
381 2725 428 2811 2⁰
462 2727 480 2810 l
514 2724 827 2840 Vieeparrochi
864 2725 1011 2814 hanno
1043 2724 1074 2813 il
1108 2724 1261 2812 diritto
1309 2727 1354 2815 di
1386 2755 1534 2814 essere
1567 2755 1681 2813 sem-

187 2887 204 2924 ·
247 2879 324 2966 pre
359 2847 574 2963 preleriti,
593 2847 650 2936 od
674 2847 850 2936 almeno
867 2850 892 2935 e
909 2848 1197 2938 conveniente
1224 2851 1304 2936 ohe
1336 2849 1457 2936 siano
1481 2847 1678 2964 preteriti

190 3011 206 3048 ι
244 2971 328 3087 agli
352 2971 450 3058 altri
471 2971 592 3060 Preti
616 2970 1016 3059 nell’assoeiazione
1035 2971 1108 3060 dei
1142 2971 1383 3060 cadaveri?
1416 2971 1464 3058 ln
1500 2969 1570 3058 via
1605 2970 1678 3090 poi

189 3133 206 3176 ι
244 3093 513 3197 sassidiaria,
539 3095 586 3182 3⁰
610 3092 799 3181 L'umile
820 3094 1005 3182 Oratore
1037 3094 1236 3214 supplica
1263 3125 1341 3212 per
1363 3091 1524 3210 grazia,
1542 3093 1621 3182 clre
1654 3125 1679 3182 a

189 3255 207 3296 c
245 3216 429 3335 cagione
451 3219 569 3308 delle
592 3219 782 3304 ristrette
804 3247 883 3304 sue
903 3220 1075 3305 linauze
1099 3249 1124 3304 e
1146 3217 1467 3306 dell’aumento
1501 3245 1678 3333 sempre

190 3381 205 3414 e
247 3342 524 3458 progressive
558 3341 603 3428 di
635 3373 714 3428 sua
749 3341 1050 3458 popolazione,
1079 3343 1119 3427 la
1142 3342 1188 3430 S.
1217 3342 1332 3431 Sede
1365 3341 1399 3428 si
1437 3340 1572 3457 degni
1607 3341 1680 3428 de·

189 3501 206 3544 ι
247 3495 402 3580 rogare
434 3466 519 3554 alla
552 3463 871 3553 consuetudine
920 3465 1119 3552 invocata
1166 3463 1282 3554 dalla
1310 3461 1679 3581 'congregazione

190 3625 206 3663 s
246 3587 443 3690 Urbana,
481 3621 510 3677 e
547 3588 801 3693 demetere,
838 3587 918 3675 che
952 3591 1052 3675 tutti
1070 3589 1083 3674 i
1104 3587 1377 3676 ViceCurati
1411 3587 1525 3675 della
1563 3587 1671 3674 Par·

190 3749 208 3790 ι
248 3710 395 3798 rochia
428 3710 618 3830 d'Acqui
650 3713 773 3798 siano
805 3739 980 3827 sempre
1014 3710 1211 3826 prefeciti
1245 3711 1301 3800 ad
1319 3711 1422 3826 ogni
1444 3710 1557 3798 altro
1574 3711 1680 3797 Pre-

190 3871 208 3910 ι
248 3853 308 3938 te,
346 3835 523 3951 quando
557 3836 597 3923 la
632 3833 988 3951 Congregazione
1025 3835 1203 3923 Urbana
1238 3835 1380 3922 lortna
1416 3834 1456 3920 la
1489 3831 1584 3918 lista
1606 3831 1678 3920 dei

192 3995 208 4032 ι
247 3958 475 4047 Sacerdoti
506 3959 602 4046 suoi
637 3957 829 4046 membri
861 3956 1185 4046 interveniendi
1219 3955 1582 4046 all'associanione
1604 3953 1678 4042 dei

191 4119 209 4156 t
241 4079 471 4169 patiami.
516 4124 537 4159 ι

311 4205 531 4322 Acceptae
564 4205 768 4321 petitioni
799 4203 1041 4322 rescripsi«
1073 4203 1227 4296 Utatur
1247 4206 1341 4292 inre
1361 4233 1434 4290 sno
1449 4231 1588 4288 eornm
1599 4199 1680 4284 Gn·

189 4327 261 4410 rio
291 4327 561 4442 Episcopali.
598 4329 764 4416 Verum
809 4355 910 4417 cnm
956 4327 1197 4443 Episcopus
1240 4327 1349 4415 mihi
1395 4325 1544 4413 literas
1589 4319 1680 4408 diei

187 4449 248 4537 29
270 4449 374 4536 lllaii
399 4451 615 4540 volventis
637 4452 741 4538 anni
763 4452 972 4553 dedisset,
992 4449 1038 4538 in
1059 4452 1224 4568 quibus
1239 4449 1452 4537 exorabat
1474 4465 1519 4533 ut
1542 4473 1679 4562 quae·

187 4571 274 4659 stio
305 4607 329 4660 3
362 4573 408 4661 S.
434 4577 486 4663 v.
508 4577 564 4663 0.
591 4574 845 4663 dirimenda
880 4575 992 4662 loret
1027 4573 1261 4689 praecipue
1293 4571 1397 4690 quia
1437 4606 1456 4648 s
1497 4570 1538 4656 lo
1571 4565 1684 4657 dcciv

188 4697 301 4782 sinete
332 4694 403 4782 del
439 4699 486 4787 V
483 4729 622 4785 escovo
655 4696 998 4819 rnffmddcreblrc
1042 4698 1086 4782 in
1114 4714 1242 4812 porte
1273 4691 1415 4812 puello
1463 4693 1681 4808 reciproco

188 4821 382 4906 armonio
415 4821 490 4908 olte
515 4821 871 4940 sortnnctontente
899 4821 949 4942 sn
981 4835 1219 4920 montennta
1250 4818 1327 4938 fro
1357 4851 1420 4904 mc
1441 4850 1464 4904 c
1484 4815 1519 4902 11
1554 4812 1680 4900 Claro

188 4939 238 5027 eli
271 4960 417 5058 praesto
443 4945 551 5033 ciart
574 4977 618 5044 »,·
641 4945 739 5034 hinc
772 4963 869 5034 acta
902 4944 1049 5031 omnia
1073 4941 1287 5060 compleri
1323 4939 1550 5032 mandavi.
1577 4934 1682 5049 Qui·

188 5065 275 5153 bus
308 5066 467 5157 habitis
500 5095 673 5156 causam
695 5069 737 5154 in
764 5067 988 5158 hodiernis
1009 5065 1200 5156 comitiis
1220 5063 1557 5184 disceptandam
1578 5087 1679 5180 pru·

192 5189 317 5305 posui
350 5190 440 5278 suh
467 5191 615 5281 dubiis
645 5191 688 5278 in
724 5192 841 5280 calce
872 5191 1002 5278 huius
1044 5190 1185 5278 libelli
1234 5191 1418 5294 relatis,
1457 5179 1680 5274 norrnnllit

191 5311 334 5427 prius,
370 5315 431 5402 uti
465 5313 561 5406 lieri
592 5315 720 5416 solat,
753 5313 965 5431 utrinque.
993 5312 1317 5403 animadversis
1344 5312 1388 5398 in
1425 5311 1537 5399 iure.

313 5439 364 5524 ur
397 5439 664 5557 praeprimis
695 5437 843 5527 lavore
876 5437 1058 5528 Perochi
1093 5437 1254 5526 actoris
1269 5437 1378 5528 haec
1394 5431 1675 5523 arrimadver·

190 5557 328 5648 tenda
358 5591 456 5651 esse¹
478 5580 697 5682 putarem.
736 5562 855 5656 ticet
887 5560 998 5651 iuris
1024 5559 1273 5652 communis
1303 5557 1590 5675 dispositione
1614 5553 1682 5640 in-
