4558 6340
727 295 809 384 Die
841 297 903 384 26
935 297 1109 414 Aprilis
1142 299 1280 388 1879.
1658 306 1750 398 239

260 421 509 508 (13331131.-
543 416 604 506 ibi
636 465 666 484 -
703 460 720 498 1
758 419 901 507 electio
949 420 1164 536 praedicti
1196 423 1247 510 G.
1287 437 1370 510 tom
1409 441 1555 513 caretro
1604 432 1753 518 statuti

259 561 454 637 tenorem,
491 573 614 658 quom
646 543 770 630 etiam
805 559 949 630 contro
967 543 1299 632 consuetudinem
1316 546 1595 660 approbatam
1627 548 1750 670 (quoe

255 665 416 784 optimo
448 680 505 750 est
540 663 673 780 lepum
707 665 930 784 interpres)
967 668 1101 754 3113113
1119 670 1310 754 cononice
1342 683 1559 776 attentato,
1598 675 1748 764 merito

252 789 413 875 casseri
440 783 625 874 dehehot.
661 787 786 876 Idem
821 804 957 876 scatet
989 821 1043 876 ex
1080 791 1176 906 Lep.
1213 791 1260 878 Si
1295 790 1345 877 de
1394 794 1742 908 interpretatione
1895 849 1898 856 ·

250 909 304 1034 ff.
343 908 393 995 de
427 909 621 1024 hepihus;
658 908 734 997 ubi
769 909 945 1000 dicitur:
982 915 1141 1027 optineo
1174 927 1231 1001 est
1266 913 1401 1029 lequm
1424 918 1631 1032 interpres
1650 951 1749 1008 333-

253 1029 444 1121 suetudo:
469 1049 588 1120 etex
624 1033 723 1148 Lep.
763 1033 866 1120 1111131
900 1029 1217 1154 Imperator-ff.
1253 1035 1348 1124 eod.
1388 1039 1460 1126 ubi
1499 1039 1740 1156 imperator

250 1155 490 1270 rescripsit:
527 1155 576 1240 ln
610 1155 954 1272 umhipuitutihns
988 1191 1091 1274 quoe
1124 1191 1174 1246 ecc
1210 1158 1365 1276 lepibus
1411 1163 1745 1282 proficiscuntur

252 1276 583 1367 consuetudinem
635 1295 707 1366 out
753 1311 892 1366 rerum
938 1297 1139 1396 perpetuo
1192 1281 1391 1368 sirniliter
1446 1283 1731 1376 iudicatorum

252 1401 565 1498 authoritatem,
601 1401 823 1518 1111313313
854 1401 1037 1490 obtinere
1070 1401 1229 1492 dehere.
1266 1406 1364 1518 Quo
1399 1405 1538 1522 posito
1574 1410 1738 1498 resolu-

251 1526 415 1613 tionem
457 1523 750 1640 Capitularcm
787 1525 871 1614 sub
921 1527 995 1616 die
1036 1527 1097 1613 26
1139 1527 1276 1614 Martii
1322 1527 1441 1616 1877
1490 1549 1734 1647 acceptam,

250 1665 467 1768 33313333
506 1648 754 1764 propositae
782 1649 1015 1737 tralatitiae
1059 1649 1276 1738 theoricae
1317 1670 1637 1768 repugnantem
1673 1687 1738 1742 re·

250 1771 496 1858 vocandam
543 1787 674 1892 atque
731 1789 776 1857 ut
832 1771 910 1858 iuri
965 1772 1230 1860 contrariam
1282 1772 1594 1864 infirmandam
1644 1807 1738 1866 esse

250 1893 496 1986 Canonicus
525 1893 659 1980 Gauci
703 1894 947 1982 contendit.
1000 1893 1245 1983 1311133131·
1271 1927 1376 1983 3333
1414 1895 1547 2012 133133
1591 1901 1744 1990 verba:

255 2058 272 2096 1
313 2017 404 2106 Che
435 2046 512 2132 per
551 2047 635 2102 una
679 2016 999 2105 consuetudine
1031 2017 1171 2106 antica
1204 2036 1368 2140 quanto
1403 2020 1442 2106 13
1477 2019 1618 2138 prima
1652 2053 1737 2142 ap-

255 2181 271 2220 «
314 2139 551 2257 plicazione
584 2136 628 2225 di
663 2156 822 2227 catasta
857 2141 978 2228 Bolla
1013 2171 1099 2228 non
1139 2144 1222 2228 mai
1259 2141 1497 2242 interrolta,
1543 2173 1737 2260 sempre,

257 2305 274 2340 ι
317 2263 597 2350 133113133313
629 2262 818 2366 3113333,
857 2281 1098 2379 approvato
1130 2264 1203 2352 dai
1254 2264 1484 2352 successivi
1529 2266 1740 2354 Ordiuarl

259 2426 276 2466 ‹
316 2385 362 2474 di
386 2401 539 2502 questa
567 2383 768 2488 Diocesi,
807 2415 830 2472 e
878 2386 1022 2502 percio
1066 2385 1336 2476 addivenuta
1371 2389 1412 2474 la
1446 2386 1646 2503 migliore
1682 2389 1748 2476 13-

259 2549 276 2587 «
318 2523 510 2624 terprete
533 2508 649 2598 dalla
674 2510 799 2628 lagga
821 2507 989 2625 elegge
1011 2541 1106 2597 3333
1130 2527 1277 2614 313333,
1294 2510 1334 2598 13
1357 2509 1597 2598 surrilcrite
1621 2543 1749 2628 paro-

263 2673 279 2710 «
319 2633 378 2720 le:
414 2631 529 2716 Cure
563 2629 800 2717 animorum
833 2631 1078 2720 huiusmodi
1106 2662 1183 2747 per
1207 2636 1319 2748 ipsos
1357 2700 1367 2719 .
1410 2699 1419 2720 .
1463 2699 1473 2720 .
1513 2701 1522 2718 .
1561 2633 1748 2720 Cononi-

263 2797 279 2834 «
318 2787 384 2842 cos
421 2820 430 2838 .
474 2819 484 2839 .
525 2819 534 2838 .
570 2785 647 2867 per
679 2769 846 2842 turnum
896 2757 1080 2842 exerceri
1122 2755 1279 2858 dehent,
1318 2786 1423 2843 sono
1462 2769 1572 2843 state
1607 2757 1747 2845 131333

264 2921 279 2954 ι
321 2877 365 2966 13
400 2875 524 2994 guisa
560 2874 634 2996 (33
669 2877 693 2964 ὲ
727 2877 851 2966 133113
885 2879 1032 2994 capire
1065 2907 1189 2966 come
1230 2881 1263 2966 si
1289 2909 1472 2998 possano
1507 2879 1749 2966 altrimenti

261 3043 278 3082 1
318 2999 586 3118 intendere)
622 3000 716 3103 che,
744 3019 893 3088 vacato
927 2999 1099 3090 l’ullicio
1132 3003 1176 3089 di
1210 3004 1371 3092 Curato
1395 2999 1508 3088 33113
1541 3001 1750 3091 3311113113

262 3165 279 3206 1
318 3122 490 3226 0111333,
529 3121 570 3208 vi
603 3124 854 3212 succedesse
877 3123 1024 3242 quegli
1060 3123 1124 3212 lra
1159 3125 1169 3210 i
1204 3124 1411 3214 Canoniei
1436 3123 1644 3211 1311131311
1670 3125 1750 3214 che

259 3289 277 3329 ι
317 3247 360 3334 13
396 3243 551 3332 ordine
590 3245 635 3333 di
671 3247 887 3335 3331331111
934 3277 1067 3365 segue
1114 3245 1524 3352 immediatamente
1559 3245 1749 3336 l'ultimo

261 3410 278 3446 1
321 3398 564 3488 possessore
595 3409 632 3454 ι.

380 3495 467 3580 Nec
498 3490 624 3578 satis:
662 3523 715 3582 ex
750 3492 833 3581 alio
866 3492 1087 3610 siquidem
1123 3493 1267 3611 333113
1301 3490 1553 3580 huiusmodi
1588 3489 1750 3578 resolu-

259 3615 423 3704 tionem
462 3613 758 3728 Capitularem
803 3615 1275 3733 expungendamesse
1306 3631 1447 3734 urget,
1489 3615 1593 3732 3313
1625 3613 1749 3700 33111-

257 3753 323 3828 331
386 3739 722 3856 interpretatio,
775 3768 907 3856 quam
957 3739 1231 3857 Capitulares
1275 3739 1537 3857 praecitatae
1594 3735 1748 3826 Bullao

253 3861 531 3980 Apostolicae
564 3859 671 3949 dare
710 3877 965 3979 pertentant
1004 3861 1058 3950 ad
1083 3861 1438 3952 inconvenientia
1466 3857 1746 3976 perduceret,

157 4053 162 4063 .
256 4001 389 4104 alque
433 3986 529 4070 iura
555 3983 688 4102 ipsius
721 3986 854 4075 Gauci
895 3983 1519 4102 aliorumqueCanonicorum
1556 3981 1750 4070 laederet

254 4111 328 4226 331
364 4109 407 4196 13
443 4106 599 4196 eadem
637 4108 770 4224 ipsius
802 4107 1056 4198 conditione
1098 4124 1234 4197 tractu
1280 4108 1491 4224 temporis
1525 4133 1752 4192 versaren-

257 4245 345 4318 tur.
384 4231 432 4320 ld
481 4259 614 4348 quam
662 4231 879 4319 abnorme
926 4231 1012 4334 sit,
1051 4261 1182 4350 quam
1217 4263 1349 4321 sanae
1382 4231 1491 4348 legis
1536 4229 1753 4346 interpre-

257 4355 431 4443 trationi
480 4353 785 4458 contrarium,
823 4385 1048 4474 quamque
1081 4389 1106 4444 a
1145 4351 1401 4472 legislatoris
1447 4365 1598 4438 mente
1644 4349 1752 4436 3113-

257 4506 363 4565 num
406 4491 530 4564 extra
570 4477 700 4564 ullam
747 4477 1072 4566 dubitationem
1122 4509 1216 4565 esse
1247 4473 1465 4566 edisserit.
1512 4470 1640 4582 Quod
1674 4470 1752 4558 hu-

257 4597 447 4688 iusmodi
471 4601 776 4718 interpretatio
810 4602 961 4689 Β31133
994 4600 1248 4688 Ρ3311113133
1277 4633 1301 4685 a
1324 4595 1652 4716 Capitularibus
1675 4625 1750 4712 ap·

258 4723 372 4842 31313
406 4721 596 4810 absurda
633 4754 782 4840 reapse
816 4727 968 4841 pariat,
1006 4753 1119 4839 3333
1143 4721 1387 4812 Canonicus
1409 4719 1544 4809 Gauci
1580 4747 1747 4834 propu·
1873 4825 1879 4839 ,

259 4862 381 4965 gnat3
404 4845 483 4934 hoc
500 4875 554 4932 ex
572 4845 723 4933 litteris
747 4844 1075 4948 informatoriis,
1098 4846 1466 4964 quasEpiscopus
1487 4840 1544 4929 ad
1568 4839 1748 4929 ll.S.C.

260 4969 514 5072 transmisit,
553 4969 645 5056 erui
682 5001 805 5085 posse
843 4969 1031 5062 videtur.
1069 4971 1183 5059 Sane
1231 4968 1468 5084 Episcopus
1515 4979 1754 5081 postquam

260 5091 526 5212 quaestionis
558 5105 718 5180 statum
737 5107 868 5211 atque
903 5091 1217 5180 resolutionem
1236 5123 1261 5178 a
1277 5087 1483 5207 Capitulo
1500 5101 1750 5204 susceptam

260 5215 478 5320 retulerit,
522 5215 627 5304 haec
658 5213 797 5312 addit:
839 5255 855 5298 1
917 5217 1008 5306 Che
1040 5211 1229 5303 secondo
1272 5216 1357 5301 tale
1389 5207 1754 5327 interpretaciouo

267 5375 284 5420 1
325 5369 384 5428 33
420 5338 638 5430 Canonico
673 5355 928 5458 occupante,
964 5335 1082 5426 oerhi
1113 5337 1274 5456 pratia,
1304 5335 1344 5424 la
1374 5332 1608 5454 prebenda
1642 5327 1748 5418 N.lt

270 5503 287 5542 ⁸
326 5462 383 5554 ed
417 5479 607 5552 avutooe
641 5463 669 5550 11
704 5493 900 5582 33333333
945 5459 1058 5552 13313
1106 5457 1375 5581 1133333113
1423 5456 1454 5548 il
1503 5482 1749 5575 possessore
