4350 6326
616 383 700 470 Die
730 383 793 471 20
824 381 1061 470 Decembris
1096 383 1233 471 l879.
1585 383 1676 472 527

308 510 370 594 Ex
403 505 564 626 quibus
598 507 805 594 omnibus
840 507 1066 624 hucusque
1097 506 1301 595 deductis
1332 505 1499 624 optime
1524 507 1678 596 inleri-

181 628 379 733 videtur‚
416 629 536 748 quod
568 631 746 718 Urbana
779 630 1069 747 Congregatio
1107 630 1433 718 manutenenda
1482 647 1593 720 esset
1631 633 1674 718 in

183 753 459 874 possessione
495 757 691 844 notulam
741 754 1035 845 Sacerdotum
1072 752 1338 841 ellorumudi
1372 784 1453 871 pro
1487 756 1676 845 cadaver

182 907 282 966 ruru
317 877 616 981 associatione,
645 879 902 994 Statntaque
935 877 990 965 dc
1026 909 1142 964 auno
1178 877 1511 966 l77leonlecta
1536 879 1578 964 in
1597 910 1676 966 suo

184 1001 318 1120 pleno
354 1002 511 1088 robore
559 1030 835 1118 permanere.
863 1003 923 1087 Eo
943 1001 1012 1088 vel
1032 1002 1171 1116 magis
1204 999 1309 1118 quia
1345 1032 1394 1088 ea
1430 1032 1511 1117 pro
1544 1032 1589 1088 se
1607 1002 1679 1090 ha·

183 1125 293 1212 bent
311 1123 570 1239 longaevam
589 1122 933 1228 observantiam,
954 1155 1067 1242 qnae
1081 1153 1363 1240 praesumere
1382 1122 1501 1228 lacit,
1519 1125 1674 1215 eadem

186 1279 211 1336 a
244 1246 359 1336 Sede
384 1248 633 1362 Apostolica
656 1246 910 1334 confirmata
935 1247 1082 1350 luisse,
1109 1265 1155 1334 ut
1179 1277 1258 1364 per
1278 1246 1457 1364 Scruplt.
1478 1246 1567 1334 dcc.
1587 1249 1679 1335 507

185 1404 230 1458 u.
267 1373 295 1458 3
328 1385 365 1456 et
386 1369 552 1457 Burntt.
582 1369 710 1459 decis.
738 1371 828 1458 577
857 1403 899 1457 n.
930 1372 973 1458 [ι.

310 1495 410 1580 Post
444 1493 549 1582 baec
581 1493 735 1581 inutile
769 1493 1105 1612 disquirendum
1131 1493 1356 1581 videretur
1377 1493 1489 1582 cirea
1513 1494 1678 1584 admis-

185 1617 354 1706 sionem
389 1615 790 1733 Viceparocboruro
824 1617 881 1706 ad
925 1619 1080 1704 lunera
1115 1631 1236 1703 extra
1284 1635 1481 1704 turnum.
1520 1617 1678 1710 Statim

186 1769 235 1829 ac
268 1739 578 1828 enimStatuta
613 1739 669 1829 de
721 1771 806 1828 uno
851 1757 1020 1828 tantum
1074 1740 1370 1856 Viceparoeho
1419 1737 1675 1858 loquuntur,

186 1861 550 1966 bic‚etnonalii,
594 1863 897 1952 admittendus
935 1893 1035 1951 esse
1078 1863 1322 1952 videretur.
1358 1863 1473 1975 Quin
1519 1861 1679 1952 officiat

184 2002 304 2074 actus
319 1985 747 2104 congregationisde
766 2019 881 2076 anno
901 1988 1020 2075 tst3
1038 1986 1191 2075 saltem
1213 2019 1293 2104 pro
1312 1987 1486 2075 duobus
1501 1991 1681 2105 Vicepa-

185 2108 327 2198 rocbis
344 2107 632 2197 admittendis
650 2127 771 2198 extra
797 2129 990 2215 turnum,
1011 2110 1248 2226 respondet
1270 2109 1389 2198 enirn
1424 2111 1682 2229 Congrege-

185 2233 247 2321 tio
280 2231 401 2352 quod
440 2273 456 2312 ι
498 2233 539 2320 lu
578 2235 661 2320 tale
706 2231 864 2322 lacolta
887 2265 1089 2321 concessa
1113 2265 1192 2351 per
1216 2233 1409 2350 riguardi
1441 2235 1676 2350 personali,

191 2398 208 2436 ι
247 2355 261 2442 i
295 2355 414 2472 quali
450 2387 525 2444 ora
559 2357 727 2458 cessati,
764 2356 805 2444 la
839 2357 1192 2476 Congregazione
1227 2358 1296 2444 nel
1341 2357 1605 2475 restringere
1639 2357 1680 2444 la

190 2519 207 2556 ι
247 2479 523 2567 concessione
557 2478 603 2566 di
640 2497 769 2567 turno
803 2479 859 2568 ad
895 2512 950 2567 un
986 2481 1459 2570 soloVicecuratonon
1493 2479 1534 2568 la
1571 2477 1683 2566 altro

192 2643 207 2680 ι
247 2601 327 2689 ebe
362 2601 619 2690 richiamare
659 2601 685 2690 il
722 2603 879 2720 Signor
907 2605 1095 2692 Oratore
1128 2605 1213 2692 alle
1236 2603 1379 2720 prime
1413 2602 1681 2690 concessioni

193 2766 209 2804 ι
249 2755 373 2814 come
411 2723 468 2812 da
505 2725 749 2842 Capitolato
784 2728 1080 2845 primitivo'8
1114 2729 1318 2818 Gennaro
1355 2727 1491 2829 l778,
1515 2724 1682 2814 eoncui

193 2891 209 2928 ι
249 2850 262 2936 i
296 2847 576 2964 Vescovipro
611 2863 810 2967 ternpore
845 2851 1012 2939 vollero
1052 2851 1257 2939 ordinare
1293 2851 1303 2936 i
1341 2849 1483 2938 diritti
1516 2849 1681 2937 eido·

120 2975 123 2982 “
195 3015 210 3052 ι
252 2971 344 3060 veri
379 2971 451 3059 del
485 2973 674 3060 Parroco
708 2973 787 3060 che
821 2973 938 3062 della
973 2975 1326 3094 Congregacioue
1357 3015 1396 3060 ι.

311 3097 465 3212 Neque
497 3093 674 3183 dernurn
712 3095 757 3183 id
793 3128 846 3183 ex
879 3098 1020 3215 gratia
1053 3095 1385 3186 concedendum
1422 3127 1513 3186 esse
1548 3094 1681 3184 vide·

190 3235 277 3322 tur,
314 3217 417 3336 quia
451 3216 517 3306 ius
564 3217 679 3305 tertii
708 3217 919 3322 laederet,
968 3222 1092 3338 'quod
1141 3221 1342 3309 Pontifex
1393 3221 1548 3309 tollere
1592 3248 1683 3306 uon
1783 3235 1787 3242 “

187 3337 378 3430 intendit
425 3371 502 3428 uec
540 3355 684 3456 potest
727 3343 819 3430 siue
857 3363 1051 3461 peccato,
1104 3345 1295 3461 Faqnan.
1333 3346 1378 3430 in-
1421 3345 1529 3460 Cap.
1568 3341 1686 3430 Gon-

186 3461 481 3553 sultationibus
529 3463 594 3550 De
625 3463 804 3552 Clerict‘s
845 3485 1005 3582 aeqrot.
1051 3500 1164 3556 num.
1203 3470 1279 3556 50.
1316 3467 1526 3585 Quisquis
1564 3465 1684 3583 enim

187 3587 313 3678 alicui
340 3587 407 3675 ius
429 3615 558 3674 suum
582 3585 774 3676 detrabit
812 3589 1067 3681 iniustitiam
1094 3591 1194 3678 lacit
1233 3623 1326 3708 cap.
1345 3593 1362 3676 l
1379 3655 1390 3676 .
1407 3591 1471 3680 22
1516 3587 1619 3677 dist.
1640 3607 1685 3678 et

190 3712 329 3800 Gloss.
368 3709 428 3796 iti
467 3711 513 3796 in
545 3739 655 3799 uers.
690 3711 950 3801 Iniustitinm
984 3715 1092 3803 dicit
1127 3747 1207 3804 nec
1228 3719 1393 3833 Papam
1418 3713 1584 3804 debere
1607 3711 1685 3802 de·
1792 3739 1797 3749 '

190 3838 364 3923 trabere
399 3832 475 3920 uni
513 3849 561 3921 ut
595 3833 671 3922 det
703 3835 825 3924 alteri
863 3837 945 3926 nisi
978 3838 1117 3928 subsit
1163 3871 1308 3926 eausa.
1345 3841 1486 3929 Causa
1535 3855 1684 3926 autern
1825 3861 1831 3876 ·

191 3959 236 4047 iu
271 3958 465 4045 themate
498 3955 676 4045 exulare
711 3959 901 4064 videtur,
940 3963 1047 4051 dum
1072 3962 1356 4079 Viceparocbi
1380 3963 1541 4050 babent
1564 3959 1686 4049 unde

189 4082 361 4184 vivant,
387 4095 431 4166 et
469 4079 620 4168 Glerus
655 4079 701 4190 iu
736 4085 945 4202 angustiis
977 4099 1190 4173 versatur.
1232 4085 1357 4174 Unde
1405 4083 1537 4173 refert
1575 4086 1687 4174 Con-

189 4203 390 4325 ·gregatio
427 4243 444 4280 ι
478 4201 557 4290 che
591 4235 635 4290 se
669 4204 680 4288 i
714 4206 886 4322 Signori
928 4208 1214 4324 Viceparocbi
1249 4211 1411 4314 hanno,
1438 4239 1564 4295 corne
1588 4207 1679 4310 tali,

201 4367 219 4407 ι
260 4327 331 4416 dei
364 4324 458 4444 pesi
491 4325 683 4442 speciali,
711 4325 929 4418 lruiscono
962 4361 1072 4448 pure
1105 4331 1221 4451 degli
1256 4330 1544 4422 emolumenti
1574 4330 1687 4417 rela-

201 4490 218 4530 ι
260 4448 355 4552 tivi,
393 4449 530 4538 eche
562 4481 607 4536 se
640 4481 717 4538 ora
739 4453 950 4541 cresciuto
979 4454 1007 4540 il
1042 4486 1228 4543 numero
1251 4455 1324 4543 dei
1361 4452 1682 4571 parroechiani,

200 4613 217 4654 ι
256 4571 472 4662 crebhero
505 4603 615 4688 pure
647 4572 690 4660 in
726 4576 1015 4692 proporzione
1047 4576 1272 4696 gl’introiti
1305 4577 1377 4666 dei
1402 4575 1603 4693 preventi
1638 4575 1686 4664 di

201 4737 218 4777 ι
257 4695 383 4798 stola,
408 4693 435 4780 il
454 4695 583 4814 quale
600 4725 726 4786 senza
748 4727 976 4816 esagerare
994 4701 1081 4818 pub
1105 4700 1209 4788 dirsi
1228 4699 1467 4817 duplicato,
1485 4731 1509 4786 e
1542 4701 1621 4788 che
1638 4731 1686 4788 se

200 4859 218 4900 ι
258 4818 271 4906 i
306 4816 440 4934 tempi
475 4849 657 4906 corrono
692 4824 933 4913 calamitosi
967 4824 1039 4942 pei
1072 4825 1374 4940 Viceparocbi,
1396 4853 1483 4912 non
1515 4823 1555 4910 lo
1579 4847 1686 4911 sono

187 4975 215 5022 ἰ
253 4970 383 5030 meno
402 4971 482 5058 per
498 4940 511 5028 i
529 4941 719 5032 membri
738 4943 853 5034 della
871 4947 1238 5066 congregazione,
1264 4948 1343 5035 che
1363 4947 1455 5035 anri
1478 4977 1524 5034 se
1546 4948 1688 5035 linora

205 5103 223 5144 ι
262 5063 457 5153 l'attuale
488 5093 681 5182 governo
714 5068 898 5189 rispetti)
934 5070 1029 5158 tutti
1060 5071 1073 5157 i
1107 5070 1211 5158 beni
1235 5069 1519 5192 parroechiali
1544 5069 1608 5190 (e
1646 5069 1688 5158 la

206 5229 223 5268 ι
260 5189 350 5278 voti
398 5187 559 5307 perche
607 5190 672 5278 cib
705 5191 740 5280 si
774 5191 923 5280 avveri
970 5193 1162 5316 sempre)
1216 5225 1304 5282 non
1351 5193 1440 5313 pub
1488 5193 1593 5281 dirsi
1625 5191 1687 5281 al·

206 5351 223 5392 r
263 5323 471 5402 trottauto
510 5309 581 5398 del
615 5313 742 5402 Clero
776 5314 1001 5421 inferiore,
1048 5317 1126 5405 clte
1149 5317 1273 5434 privo
1299 5332 1485 5406 tantosto
1508 5317 1580 5404 dei
1604 5316 1684 5404 be-

113 5491 118 5504 ·
206 5475 224 5516 ι
262 5433 405 5524 neficii
438 5432 634 5550 semplici
678 5465 809 5526 meua
858 5466 945 5527 una
983 5438 1071 5528 vita
1122 5441 1229 5528 assui
1263 5439 1338 5557 piir
1387 5453 1573 5530 stentata
1606 5439 1685 5528 ebe

206 5597 223 5638 ι
263 5587 351 5646 nou
384 5555 485 5675 quei
520 5556 636 5646 Preti
669 5559 748 5650 che
780 5592 888 5652 sono
920 5561 1087 5655 addetti
1121 5566 1207 5655 alla
1238 5563 1493 5656 Perrocchia
1517 5605 1557 5651 ι.
