4460 6332
473 381 475 384 ’
622 371 706 458 Die
737 373 798 461 20
829 371 1078 489 Septembris
1111 375 1248 463 1879.
1587 383 1669 471 471

207 489 760 610 «benedictus-Campoli
793 496 1029 613 Raplraelis
1062 528 1183 600 avus,
1221 497 1296 616 qui
1332 499 1541 615 praest-ito
1575 501 1691 596 iura·

199 653 216 689 ι
260 628 408 700 merito
456 613 651 702 adseruit
683 665 712 680 -
746 633 813 704 tra.
854 618 866 704 i
910 617 1102 708 suddetti
1147 621 1331 738 suggetti
1379 619 1685 742 (Raphaelem

200 774 217 812 c
259 763 419 850 nempe
451 753 495 824 et
528 738 851 860 Philumenam)
889 739 929 826 vi
964 771 1038 828 era
1072 757 1339 831 certamcnte
1373 747 1601 860 parentela
1634 803 1679 837 -.

203 898 219 935 ι
258 857 459 973 Aloysius
491 860 662 977 Papetti
699 891 809 948 unus
843 891 897 948 ex
939 863 1262 980 antiquioribus
1297 863 1410 954 illius
1447 865 1565 972 loci,
1604 873 1682 991 qui

204 1021 220 1056 ι
259 977 418 1103 clarius
450 995 494 1066 et
524 981 716 1099 apertius
750 984 806 1072 de
837 983 1074 1100 coniugum
1097 985 1471 1104 consanguinitate
1497 990 1689 1080 testimo·

204 1141 220 1177 ι
260 1100 381 1188 nium
416 1103 715 1218 perhibuit...
738 1103 859 1194 ldem
894 1107 1052 1221 repetit
1085 1110 1301 1197 Antonius
1338 1110 1555 1227 Campoli,
1592 1116 1686 1203 lla-

203 1263 220 1300 «
259 1221 334 1429 rial
356 1223 568 1326 Aneione,
606 1225 884 1316 Candidorus
917 1229 1171 1331 Dominieo,
1209 1247 1253 1318 et
1277 1230 1533 1320 Dominicus
1556 1234 1683 1324 Cam·

205 1385 221 1422 ι
263 1373 352 1460 pol
393 1387 431 1431 r.
579 1391 583 1402 *
929 1444 930 1448 ἵ

325 1467 397 1554 t3.
436 1469 500 1554 Ne
548 1470 644 1587 quis
682 1487 827 1558 autem
867 1489 1075 1588 aggerat,
1113 1473 1233 1592 quod
1272 1475 1318 1562 in
1351 1473 1433 1562 hoo
1477 1482 1684 1594 exemplo

197 1590 385 1707 septima
433 1619 588 1679 manus
633 1592 738 1678 nihil
785 1592 968 1680 subsidii
1013 1595 1156 1683 attulit
1202 1595 1462 1685 sacramenti
1495 1627 1673 1705 causae,

198 1743 335 1830 quum
372 1711 601 1800 veritatem
650 1716 819 1804 arboris
850 1715 1154 1832 genealogicae
1202 1718 1347 1833 potius
1380 1714 1674 1811 obfirmasset.

201 1833 319 1946 Quid
353 1831 491 1920 inde?
525 1836 738 1924 Potuisset
771 1837 903 1924 etiam
940 1837 1004 1924 illi
1039 1837 1278 1956 refragari3
1318 1839 1527 1956 potuisset
1564 1845 1685 1932 testi·

198 1955 349 2044 monio
383 1971 425 2042 et
458 1954 708 2074 scripturae
731 1956 912 2046 Parochi
928 1959 1225 2048 contradicere
1246 1995 1257 2064 3
1296 1960 1506 2077 potuisset
1528 1961 1584 2051 de
1607 1966 1687 2054 ob·

200 2093 319 2166 tenta
352 2077 677 2192 dispensatione
713 2081 1008 2170 testimonium
1042 2081 1254 2198 prolerre.
1309 2086 1391 2170 Per
1425 2082 1626 2172 accidens
1661 2119 1685 2176 e

199 2216 348 2289 contra
383 2202 664 2290 concordavit
695 2235 795 2292 eum
831 2203 919 2292 fide
953 2205 1162 2308 Parochi3
1200 2203 1274 2293 sed
1310 2204 1390 2292 hoc
1422 2233 1510 2291 non
1546 2206 1684 2322 impe-

199 2323 263 2414 dit
296 2322 416 2441 quod
455 2322 690 2440 aliquando
725 2325 793 2413 vel
818 2342 945 2414 testes
968 2327 1234 2416 contrarium
1257 2323 1489 2430 affirment3
1512 2345 1555 2414 et
1580 2343 1684 2418 tunc
1734 2437 1739 2450 Ι

200 2442 454 2560 diligentior
486 2445 710 2562 inquisitio
735 2447 965 2536 instaurari
1010 2447 1160 2550 debet;
1199 2447 1265 2536 rol
1299 2447 1355 2536 de
1386 2446 1686 2563 dispensatio-

201 2597 255 2654 ne
295 2597 319 2652 a
357 2565 617 2682 coniugibus
650 2569 1021 2687 quandocumque
1053 2569 1233 2658 obtenta
1256 2567 1483 2672 edoceant,
1512 2583 1554 2656 et
1579 2587 1684 2660 tune

199 2687 570 2804 impedimentum
604 2721 681 2778 sua
716 2692 832 2780 mole
864 2691 1051 2807 proruit.
1088 2695 1178 2780 Hoc
1201 2719 1336 2778 unum
1362 2690 1552 2808 alioquin
1574 2722 1685 2780 scm·

198 2839 277 2926 per
312 2827 452 2926 urget,
492 2828 553 2916 ιιι,
590 2811 693 2930 quia
727 2814 784 2902 de
817 2843 944 2902 causa
985 2813 1128 2930 agitur
1160 2814 1361 2901 omnium
1403 2811 1680 2929 gravissima,

200 2930 434 3022 Sacrorum
452 2935 681 3022 Canonum
713 2933 976 3039 sanctiones,
997 2934 1259 3024 Constitutio
1297 2933 1580 3024 Benedictina
1603 2936 1688 3024 Dei

200 3055 482 3154 miseratione,
521 3071 652 3173 atque
685 3057 911 3144 instructio
934 3058 980 3145 S.
1008 3060 1063 3144 H.
1088 3058 1142 3146 0.
1169 3060 1229 3146 22
1252 3055 1439 3173 Augusti
1464 3057 1586 3144 teto
1607 3057 1685 3147 de·

203 3176 340 3263 beant
373 3175 429 3263 ad
462 3207 652 3294 unguem
687 3177 908 3268 observari
927 3209 976 3267 ac
998 3179 1199 3296 religiose
1229 3175 1455 3267 custodiri.

330 3297 406 3383 ld.
444 3299 610 3415 Ecquid
645 3298 689 3386 in
722 3331 819 3388 casu
855 3301 935 3388 hoc
968 3299 1136 3388 nostro?
1168 3299 1504 3413 Quomodonam
1539 3299 1686 3390 Eccle-

207 3417 297 3506 siae
330 3417 560 3534 disciplina
595 3421 637 3506 in
672 3421 863 3510 iudiciali
898 3421 1051 3510 ordine
1084 3423 1313 3510 observata
1356 3421 1453 3508 est?
1475 3422 1681 3532 Quonam

207 3539 398 3657 desuper
430 3538 716 3631 laudamento
748 3543 807 3631 ab
840 3574 926 3632 una
959 3561 1001 3631 et
1035 3542 1171 3632 altera
1203 3543 1342 3634 Curia·
1367 3543 1454 3630 lata
1486 3559 1550 3630 est
1583 3573 1682 3632 sen·

207 3663 344 3749 tentia
375 3662 585 3752 nullitatis
617 3663 662 3750 in
695 3683 971 3755 controverso
1005 3664 1242 3783 coniugio?
1275 3665 1417 3780 Super
1466 3693 1552 3751 una
1585 3681 1681 3753 tan-

206 3783 437 3872 tummodo
459 3786 616 3874 arbore
638 3787 830 3904 quadam
879 3786 1156 3904 genealogica
1207 3819 1261 3875 ex
1299 3785 1683 3876 matrimoniorum

204 3905 328 3993 libris
362 3905 605 4010 efformata,
644 3939 758 4026 quae
789 3911 1071 3998 Petronillam
1105 3909 1149 3996 in
1173 3907 1372 3998 secundis
1396 3907 1558 4022 nuptiis
1580 3939 1682 3996 cum

203 4028 430 4144 Stephano
465 4031 660 4147 quodam
695 4030 850 4150 Grippi
885 4062 939 4119 cx
970 4031 1183 4120 Gasimiro
1217 4046 1341 4146 patre
1380 4045 1423 4119 et
1455 4029 1682 4146 Stephano

205 4177 288 4236 avo
321 4149 616 4240 descendente
632 4169 758 4240 antea
781 4153 1056 4241 coniunctam
1080 4153 1330 4258 ostendens,
1359 4149 1610 4238 affinitatem
1637 4151 1681 4238 in

206 4271 397 4360 secundo
429 4273 568 4388 gradu
599 4274 821 4364 constituit
842 4275 957 4362 inter
980 4275 1118 4390 ipsam
1142 4292 1184 4364 et
1204 4274 1475 4364 Salvatorem
1506 4272 1679 4389 Grippi,

204 4393 279 4510 qui
314 4423 369 4480 ex
401 4395 575 4483 Nicolao
609 4397 804 4512 genitore
827 4411 868 4484 et
891 4398 1111 4514 Stephano
1133 4395 1290 4512 Grippi
1315 4425 1397 4484 avo
1421 4395 1603 4482 obortus
1625 4393 1683 4482 de

202 4545 318 4602 anno
352 4515 712 4605 attenuandam
746 4517 984 4607 foeminam
1017 4517 1141 4606 duxit
1175 4517 1222 4604 in
1257 4543 1456 4605 uxorem.

330 4637 404 4724 45.
442 4639 551 4726 Huic
591 4639 664 4726 uni
689 4638 864 4729 innixus
896 4641 1145 4729 testimonio
1189 4639 1291 4727 satis
1313 4637 1468 4728 habuit
1499 4637 1684 4726 Archie-
1797 4679 1800 4686 ¹

204 4757 434 4874 piscopalis
465 4761 594 4853 Curia
628 4762 785 4850 lllontis
818 4763 988 4880 Regalis
1021 4780 1083 4866 ut,
1122 4760 1440 4879 impedimento
1473 4758 1679 4861 admisso,

204 4879 311 4967 nihil
347 4882 458 4970 ultra
490 4883 793 5000 quaerendum
828 4915 921 4973 esse
962 4883 1248 4988 existimaret,
1277 4913 1393 5000 quo
1444 4883 1581 5001 magis
1626 4881 1684 4970 de

206 5001 407 5093 nullitate
428 5005 692 5094 matrimonii
728 5005 831 5094 satis
868 5024 1068 5094 constare
1098 5005 1309 5094 ediceret
1339 5045 1356 5082 ι
1403 5003 1493 5092 viso
1528 5001 1683 5091 libello
1718 5087 1721 5095 ,

213 5165 229 5201 t
268 5125 502 5216 Salvatoris
524 5127 739 5246 Grippi...
764 5131 962 5246 lnspecto
986 5155 1289 5245 perpensoque
1311 5155 1513 5242 processu
1532 5123 1575 5212 in
1600 5127 1683 5212 hac

213 5285 228 5324 ι
267 5247 395 5336 Curia
428 5249 795 5368 Archiepiscopali
830 5249 1022 5367 inspecto
1055 5265 1098 5338 et
1131 5249 1403 5337 absoluto...
1440 5245 1686 5336 Attenden·

212 5407 229 5445 ι
269 5385 332 5458 tes
365 5368 615 5462 affinitatem
649 5403 705 5460 ex
736 5371 891 5488 copula
925 5371 1057 5475 licita,
1094 5370 1206 5460 idest
1237 5367 1461 5488 coniugali¹
1486 5368 1686 5458 insono-⁴

211 5527 229 5570 ι
268 5491 446 5583 vissimo
482 5525 618 5614 usque
651 5493 705 5586 ad
738 5491 949 5613 quartum
983 5492 1169 5614 gradum
1202 5491 1533 5582 matrimonium
1577 5489 1686 5580 diri·
