4530 6336
530 355 622 445 ssa
752 299 757 308 ’
857 325 859 330 ’
1026 345 1191 434 nom
1234 345 1521 436 rotarioro.

529 493 738 597 aguntur.
790 480 900 568 (lum
956 485 1123 573 autem,
1172 470 1352 590 etipse
1405 464 1607 578 affirmat,
1635 472 1811 589 procedi
1856 474 2027 571 debeat

530 602 585 693 ad
640 598 912 716 ellorrnanda
967 597 1139 686 Statuta
1195 591 1464 684 Catbcdralis
1528 592 1773 698 Ecclesiae,
1811 598 1888 686 uti
1939 633 2022 718 par
2075 603 2082 612 “

532 743 633 828 est,
682 756 731 813 ac
780 733 1062 842 praeceptum
1099 717 1182 806 luit
1214 719 1271 808 ab
1320 732 1506 834 utraque
1555 721 1772 808 Potestate
1824 736 2023 840 tempore

472 841 480 851 ’
515 849 622 938 ·ἰιιῐιί
656 843 916 940 Concordati
953 845 1063 931 inter
1096 845 1297 932 Sanctam
1332 839 1492 931 Sedem
1533 872 1584 931 ae
1617 841 1828 960 Reginam
1864 847 2024 938 Catho-

526 973 672 1074 licam,
695 972 793 1058 bine
813 991 857 1057 ut
876 983 968 1055 tnto
994 966 1137 1054 valeat
1154 965 1296 1054 incedi
1318 963 1449 1084 pede,
1487 981 1530 1052 et
1554 982 1789 1084 postquam
1824 967 2020 1058 adnota-

516 1089 590 1184 vvit
623 1096 734 1183 banc
766 1095 881 1184 eirca
914 1121 1007 1178 rem
1044 1089 1228 1177 existere
1264 1089 1306 1176 in
1343 1087 1611 1177 Cancellaria
1653 1088 1898 1208 Episcopnli
1950 1127 2018 1182 re·

527 1219 834 1309 clamationem
870 1213 1026 1302 laetam
1063 1213 1119 1326 ab
1152 1212 1366 1331 Episcopo
1402 1211 1677 1314 llernandez,
1717 1212 1760 1300 in
1803 1245 1889 1332 qua
1924 1247 2017 1306 sese

529 1342 663 1432 relert
695 1339 751 1428 ad
786 1338 1143 1428 reclamationem
1179 1335 1335 1426 laetam
1379 1365 1515 1422 asuo
1568 1334 1906 1450 praedecessore
1939 1342 2028 1430 Ca·

417 1557 420 1562 .
533 1465 669 1555 nubio
703 1479 746 1553 et
791 1462 989 1564 illberto,
1047 1461 1275 1579 sequentia
1309 1457 1461 1549 ‘dubia
1495 1459 1540 1550 S.
1580 1461 1634 1545 V.
1672 1461 1727 1548 0.
1764 1458 2020 1552 dirimenda

528 1589 757 1711 proponit.
796 1685 804 1698 ,
1168 1677 1170 1682 ,

647 1755 679 1798 ,ι
722 1712 766 1797 l.
804 1705 1055 1826 Suppressis
1088 1739 1111 1794 a
1147 1705 1384 1794 novissimo
1426 1704 1704 1794 'Concordato
1739 1706 1913 1796 duobus
1948 1710 2028 1798 Ca-

537 1877 554 1914 ‹
599 1833 810 1925 uonicatis
843 1831 1029 1931 Curatis,
1065 1829 1226 1948 quibus
1260 1859 1419 1918 munus
1452 1829 1703 1918 celebrandi
1743 1831 1887 1920 Missas
1908 1833 2024 1922 Con·

536 2001 553 2038 a
594 1956 820 2048 ventunles
854 1955 896 2042 in
933 1951 1179 2069 praecitatis
1214 1953 1388 2056 diebus,
1428 1951 1706 2073 faciendique
1757 1957 1799 2042 in
1833 1953 1896 2043 eis
1929 1951 2024 2043 offi-

538 2124 554 2162 ι
590 2082 708 2172 cium
747 2080 788 2166 in
823 2079 965 2170 Gboro
1001 2075 1224 2165 adnexum
1261 2095 1371 2167 erat:
1411 2091 1550 2194 potest
1582 2075 1779 2196 permitti
1815 2095 1860 2164 ut
1889 2111 1913 2166 a
1943 2081 2026 2169 Ca·

539 2247 554 2282 ι
596 2201 782 2323 pollonis
816 2199 1056 2292 inductitiis
1089 2199 1343 2290 huiusmodi
1380 2201 1530 2288 Missae
1564 2201 1862 2304 celebrentur,
1900 2217 1945 2290 et
1980 2217 2027 2289 nt
2103 2297 2110 2302 ,

541 2369 559 2408 ι
600 2328 658 2418 ab
692 2324 848 2414 iisdem
884 2321 1071 2446 officium
1107 2324 1148 2410 in
1182 2323 1325 2412 Clroro
1359 2323 1466 2412 siat?

662 2489 678 2526 ι
720 2451 766 2535 2.
803 2451 867 2535 Ex
900 2447 1062 2565 quibus
1084 2447 1373 2564 proventibus
1395 2447 1715 2538 desumendum
1751 2465 1815 2538 est
1855 2448 2027 2567 stipen-

540 2617 557 2655 ι
595 2573 720 2663 dium
756 2603 836 2689 pro
870 2571 1115 2690 Capellanis
1148 2572 1321 2660 Missam
1353 2573 1702 2664 conventualem
1721 2573 2021 2676 cantantibus

539 2739 556 2778 ι
596 2729 649 2786 ex
683 2694 1006 2796 Carnonicorum
1043 2695 1359 2813 proventibus,
1413 2725 1466 2784 au
1516 2727 1567 2782 ex
1617 2697 1799 2788 Sacrarii
1834 2725 1910 2783 seu
1943 2697 2027 2784 Ea-

537 2863 554 2900 «
592 2820 740 2909 bricue
774 2815 988 2912 Ecclesiae
1023 2813 1303 2907 redditibus?

662 2983 678 3022 ι
721 2945 766 3032 3.
805 2939 1049 3059 Dignitates
1081 2960 1123 3030 et
1154 2942 1360 3032 Canonici
1413 2959 1589 3063 possunt
1625 2972 1706 3058 pro
1741 2941 1877 3030 Missis
1909 2945 2026 3033 Cou-

541 3110 556 3146 .
599 3065 895 3162 ventualibus,
932 3095 1041 3182 quas
1077 3064 1157 3183 ipsi
1192 3066 1445 3172 celebrant,
1483 3097 1699 3189 quasque·
1729 3099 1808 3183 pro
1844 3063 2026 3154 Renela·

542 3234 558 3270 ι
597 3189 792 3281 oloribus
827 3187 1063 3308 applicant,
1106 3205 1152 3276 ut
1199 3189 1365 3280 dictum
1410 3206 1503 3294 est,
1541 3190 1811 3307 stipendium
1846 3218 2023 3277 sumere

380 3347 417 3372 ··
516 3327 554 3392 ἐ
596 3345 649 3402 ex
682 3311 868 3402 Sacrarii
903 3343 978 3400 seu
1014 3312 1226 3401 Fabricae
1261 3313 1474 3402 Ecclesiae
1497 3312 1779 3432 redditibus?
1819 3355 1835 3390 ι

658 3437 783 3524 llisee
825 3435 1046 3553 acceptiS,
1089 3467 1176 3525 una
1222 3467 1321 3524 com
1368 3437 1590 3525 nonnullis
1631 3435 2026 3525 animadversioni·

531 3563 615 3650 bus
649 3593 673 3649 a
705 3559 909 3676 Capitale
944 3557 999 3646 ad
1035 3562 1199 3648 lirinum
1234 3560 1497 3678 Episcopum
1540 3561 1694 3663 missis,
1734 3559 1950 3677 rescripsi,
1979 3575 2027 3647 ut

532 3685 851 3776 exhiberentur
884 3681 1123 3800 particulae
1156 3681 1558 3788 documentorum,
1600 3685 1764 3803 quibus
1807 3681 2023 3772 eiusmodi

537 3805 939 3896 animadversiones
976 3807 1237 3894 innituntur.
1296 3806 1468 3918 Quibus
1501 3811 1632 3898 etiam
1657 3807 1832 3910 babilis,
1874 3803 2028 3894 rescri·
2099 3899 2106 3908 ,

534 3947 660 4052 ptum
696 3928 836 4020 edidi:
877 3969 894 4008 ι
935 3929 1127 4016 Ponetur
1160 3931 1205 4016 in
1236 3927 1345 4050 solio
1392 3973 1407 4009 ι
1448 3949 1488 4020 et
1524 3933 1565 4018 in
1601 3931 1810 4051 plenariis
1844 3929 2030 4018 bodier-

422 4087 425 4092 ’
536 4057 602 4141 uis
635 4051 832 4140 Comitiis
881 4083 1078 4148 causam⁴
1110 4053 1439 4172 disceptandam
1482 4056 1707 4172 proposui.
1763 4053 1844 4144 Mei
1881 4053 2029 4171 itaque
2082 4081 2084 4084 ·
2143 4067 2155 4076 ’

535 4175 732 4263 muneris
767 4174 850 4261 erit
884 4177 1093 4265 nonnulla
1128 4179 1349 4295 inprimis
1382 4209 1437 4267 ex
1469 4176 1606 4267 officio
1641 4183 1724 4268 EE.
1763 4181 1857 4265 VV.
1889 4175 2027 4268 oculis

378 4391 380 4398 ,
533 4297 768 4403 subiicere;
807 4295 969 4386 deinde
1002 4318 1259 4419 argumenta
1292 4333 1405 4419 quae
1439 4334 1463 4390 a
1496 4303 1698 4422 Capitulo
1722 4300 1912 4392 deducta
1936 4301 2028 4388 lue·

539 4437 649 4510 runt
669 4421 866 4509 breviter
889 4420 1063 4511 allerre.

659 4546 959 4636 Conventoale
992 4549 1171 4638 Sacrum
1207 4547 1250 4636 in
1287 4549 1491 4638 omnibus
1527 4549 1915 4664 patriarchalibus,
1941 4545 2022 4637 Ca·

537 4667 810 4758 tlredralibns
842 4687 884 4756 et
917 4671 1166 4788 Collegiatis
1199 4671 1395 4761 Ecclesiis
1445 4671 1643 4794 quotidie
1686 4673 2020 4771 celebrandum,
2113 4700 2121 4708 ·

533 4811 576 4882 et
609 4825 690 4912 pro
724 4791 1078 4885 benefactoribus
1113 4797 1155 4883 in
1200 4825 1361 4916 genere
1397 4795 1726 4917 applicandum,
1767 4797 2027 4913 postllono·
2179 4851 2182 4858 ι

537 4917 590 5005 rii
625 4917 682 5002 lll
716 4917 1103 5036 praescriptionem
1155 4918 1201 5008 iu
1249 4949 1347 5037 cap.
1384 4921 1487 5009 Cum
1520 4925 1730 5020 creature,
1764 4921 1825 5008 De
1869 4915 2018 5007 celebr.

535 5041 656 5130 llliss.
713 5069 915 5156 expresse
959 5042 1117 5132 docent
1174 5043 1439 5132 benedictus
1492 5047 1596 5132 XlV
1646 5045 1691 5131 in
1749 5075 1830 5132 sua
1872 5043 2022 5130 Const.

544 5207 561 5243 ι
602 5164 704 5250 Gom
739 5195 900 5282 aernper
932 5165 1091 5254 oblutus
1130 5207 1148 5246 ι
1186 5167 1275 5257 diei
1318 5168 1377 5256 l9
1423 5171 1604 5284 Augusti
1650 5168 1854 5257 tJtt-et
1897 5163 2026 5252 innu-

538 5315 689 5374 merae
722 5288 776 5374 ll.
815 5294 860 5378 S.
897 5292 952 5378 Ο.
992 5290 1307 5397 resolutiones;
1345 5307 1408 5381 est
1441 5292 1563 5382 enim
1598 5291 1721 5381 Missa
1744 5293 2025 5380 Conventua·

537 5409 588 5497 lis
611 5439 712 5527 pars
735 5409 873 5498 divini
898 5410 1042 5502 officii:
1069 5415 1176 5531 Cep.
1202 5417 1267 5504 De
1300 5417 1354 5501 iis
1376 5415 1479 5505 dist.
1509 5418 1582 5515 l2,
1610 5413 1745 5505 Gloss.
1774 5417 1819 5503 in
1841 5407 2009 5502 Clem.l

540 5531 593 5622 de
624 5527 773 5620 celebr.
815 5535 929 5622 illisa.
966 5538 1075 5624 llaic
1116 5555 1262 5626 tamen
1305 5540 1428 5628 oneri
1461 5571 1559 5629 rum
1597 5571 1680 5630 nou
1716 5541 1850 5658 possit
1890 5534 2023 5626 colle·
