4558 6340
551 382 645 470 280
1052 379 1130 465 Die
1162 379 1213 466 21
1255 379 1371 465 Iunii
1407 377 1542 468 1879.

547 503 590 592 in
626 505 814 590 Decreto
850 501 1084 592 erectionis
1118 502 1443 590 determinante
1465 500 1767 590 executionem
1802 501 1862 620 pii
1893 503 2039 617 operis

547 627 611 714 uti
636 623 789 712 docuit
820 627 866 714 S.
895 627 1004 712 Rota
1029 622 1071 712 in
1106 625 1244 713 Decis.
1275 625 1453 740 papien.
1479 623 1680 746 Beneficii
1702 625 1763 713 ‘38
1790 625 1882 712 lon.
1915 625 2039 713 1751

550 747 596 872 S.
633 750 662 834 5
694 777 836 834 coram
869 745 1022 833 Boruil
1056 763 1100 834 et
1140 750 1186 834 in
1220 749 1358 834 Deris.
1406 747 1757 866 Confirmotorio'
1787 749 1843 834 l3
1892 747 2044 834 Martii

547 869 728 959 eiusdem
762 870 863 955 onai
899 871 1020 957 1751
1053 899 1195 957 coram
1229 869 1367 960 codem
1390 869 1435 992 S.
1462 871 1507 974 63
1535 888 1580 960 et
1603 873 1646 957 in
1672 899 1773 958 casu
1792 885 1942 957 nostro
1977 887 2043 958 cst

550 993 728 1112 Capella
759 993 1130 1080 Annuntiotionis.

678 1117 736 1202 Αι
768 1147 890 1216 vero,
919 1115 1212 1234 prosequitur,
1237 1113 1378 1202 omnis
1410 1133 1669 1203 removetur
1708 1112 1936 1202 difficultas
1984 1144 2037 1200 ex

552 1271 598 1326 re
621 1237 808 1324 iudicato
841 1237 984 1325 Rotoli
1009 1255 1102 1326 orta
1128 1269 1244 1326 anno
1279 1238 1391 1324 1661
1432 1268 1566 1355 super
1598 1237 1869 1354 quaestione,
1903 1263 2041 1322 unum

551 1393 607 1450 ne
641 1360 709 1448 vel
743 1359 869 1478 plura
900 1361 986 1447 sint
1018 1360 1232 1451 beneficia
1254 1359 1374 1448 -dei
1411 1359 1600 1476 Vapnoli
1619 1415 1664 1447 -.
1692 1359 1818 1446 lnitio
1842 1357 2042 1445 decisum

551 1500 617 1572 est
644 1483 735 1571 lure
769 1513 905 1569 unum
940 1483 1188 1571 dumtaxtat
1237 1483 1280 1570 in
1331 1515 1463 1602 supra
1501 1485 1574 1570 cit.
1610 1484 1750 1569 Dccis.
1796 1479 2043 1568 Melcoitono

551 1606 914 1721 lurisputrorrutus
947 1606 1006 1691 16
1039 1604 1154 1692 Iunii
1187 1607 1308 1694 1659
1331 1639 1467 1694 corum
1493 1605 1759 1721 Bcoilocquu.
1794 1605 1857 1691 Re
1892 1621 2040 1690 tamen

552 1730 711 1816 iterum
764 1729 1044 1845 severiusque
1086 1725 1140 1815 ad
1177 1728 1383 1815 trutinam
1420 1745 1635 1831 revocata,
1663 1730 1708 1813 in
1741 1727 1880 1814 Dacis.
1909 1725 2037 1812 Meto·

549 1853 695 1938 vitono
727 1849 1088 1964 Iurispntronotus
1121 1852 1181 1939 30
1215 1851 1387 1966 Aprilis
1421 1851 1531 1937 1661
1574 1881 1712 1936 coram
1744 1848 1903 1935 Eodem
1949 1851 2038 1934 Bc-

550 1973 744 2088 oituequo
777 1972 1005 2063 delinitive
1040 1974 1215 2061 taudem
1251 1971 1445 2061 decisum
1480 1991 1544 2060 est
1577 2001 1630 2058 ex
1663 1987 1839 2090 qrrotuor
1862 1969 2037 2058 beneti-

551 2096 627 2184 ciis
661 2093 742 2182 duo
769 2111 924 2182 tuntum
945 2094 1036 2182 lore
1067 2097 1451 2212 turisparronarus,
1488 2097 1531 2181 in
1565 2095 1726 2212 quibus
1760 2123 1913 2182 manus
1934 2124 2035 2180 con·

552 2235 789 2336 sequenter
826 2203 1021 2335 *apponit
1069 2219 1313 2306 Auctoritas
1357 2217 1651 2306 Ecclesiastico
1692 2219 1784 2304 sive
1824 2217 1865 2301 in
1902 2215 2036 2302 insti-

554 2339 723 2427 tutione
775 2341 1008 2442 canonica,
1067 2341 1157 2428 sive
1208 2341 1248 2426 in
1300 2341 1583 2456 deputatione
1639 2338 2039 2426 administratoris:

555 2461 837 2577 originarium
881 2463 1231 2551 Arrnrrntiutiouis
1280 2461 1478 2584 illudque
1511 2463 1677 2549 habens
1710 2459 1896 2547 l'undum
1931 2460 2042 2546 Gor·

556 2584 825 2670 tio-Herrio.
872 2589 970 2671 [tuo
1015 2585 1096 2672 alia
1129 2585 1283 2703 exigua
1327 2615 1426 2673 cum
1464 2585 1567 2673 dote
1616 2582 1853 2670 fundorum
1890 2581 2042 2668 tnSie·

550 2704 630 2792 aed
663 2723 707 2793 et
742 2705 782 2792 ln
819 2709 865 2798 V
865 2709 964 2820 ipnu
998 2709 1065 2794 rel
1099 2725 1439 2825 permanserunt
1473 2706 1688 2821 simplicia
1713 2706 1848 2820 topoto
1868 2707 1947 2820 pio
1970 2733 2038 2790 ar·

551 2829 685 2916 bitrio
734 2829 1010 2932 immodum,
1064 2831 1133 2917 vol
1189 2831 1331 2946 potius
1379 2829 1625 2917 habuerunt
1657 2831 1774 2915 bona
1817 2828 2037 2943 permixta

551 2979 652 3040 cum
686 2951 860 3040 duobus
895 2952 1087 3069 reliquis,
1124 2955 1229 3070 quin
1264 2983 1414 3041 corum
1449 2951 1670 3070 peculiare
1706 2981 1866 3038 nomeu
1902 2950 2043 3067 spatio

480 3129 482 3134 ·
550 3073 744 3162 duorum
777 3076 961 3162 aliorum
987 3075 1257 3164 sacculorum
1288 3093 1331 3164 et
1350 3075 1461 3162 ultra
1496 3071 1822 3190 haudamplius
1855 3073 1899 3158 in
1935 3076 2046 3160 cau-'-

550 3197 607 3284 sis
647 3211 691 3284 et
724 3199 767 3283 io
803 3199 906 3284 artis
941 3217 1229 3314 nuncupetur.

676 3320 768 3410 Sub
800 3319 845 3440 S.
876 3321 965 3406 Non
987 3319 1173 3408 obstabat
1206 3319 1403 3408 eiusdem
1419 3319 1658 3408 Decisionis
1680 3319 1837 3407 clarius
1857 3347 2041 3434 quoque

551 3440 712 3530 dicitur·
744 3439 933 3529 fundum
968 3442 1307 3530 Coctia-Herrin
1343 3441 1516 3528 lundari
1551 3461 1593 3528 et
1632 3443 1738 3558 origi
1777 3445 1818 3528 in
1857 3442 2036 3526 titulum

550 3564 595 3651 in
640 3563 828 3683 ipsomet
873 3566 1048 3668 Alteri,
1099 3563 1172 3652 uhi
1212 3565 1360 3653 aderat
1408 3566 1593 3653 alterum
1646 3563 2036 3659 Annuntiotionis,

549 3717 686 3774 -cum
719 3687 970 3800 spiritualia
1005 3687 1135 3774 iocum
1168 3717 1250 3772 non
1282 3707 1489 3802 occupent,
1523 3687 1697 3806 ideoque
1736 3688 1868 3802 plura
1916 3686 2038 3772 berre·

548 3809 651 3930 ficia
682 3825 854 3924 possunt
885 3808 943 3894 od
963 3841 1090 3897 uuum
1113 3809 1265 3897 Altero
1288 3811 1470 3908 institui,
1491 3843 1562 3898 ocu
1579 3812 1738 3897 censuit
1761 3809 1870 3897 Rota
1887 3827 1974 3896 eto.
1996 3857 2039 3910 -‚

550 3931 659 4050 quin
695 3933 823 4020 anxie
858 3931 985 4016 nimis
1018 3933 1322 4049 quaerendum
1356 3933 1412 4021 sit
1444 3933 1504 4022 de
1544 3965 1755 4022 consensu
1792 3929 2038 4032 Ordinarii,

551 4051 674 4171 quod
724 4071 818 4168 post
867 4071 954 4168 tam
1012 4053 1252 4172 longissimi
1311 4057 1519 4172 temporis
1581 4087 1756 4146 cursum
1816 4053 2042 4174 praesumi

557 4188 747 4290 oportet.

678 4296 945 4387 Beneficium
967 4329 1070 4416 ergo
1087 4349 1117 4366 -
1135 4299 1204 4386 dei
1229 4299 1419 4415 Vupooli
1430 4349 1459 4364 -
1477 4302 1836 4415 iurispotronatus
1859 4287 2041 4394 laiculis,

550 4419 769 4508 concludit
792 4425 966 4522 llrator,
993 4419 1124 4509 modo
1142 4453 1195 4509 cx
1210 4455 1256 4510 re
1271 4422 1456 4509 iudicato
1475 4423 1652 4511 duobus
1670 4425 1882 4512 conflatur
1912 4424 2047 4508 benc·

552 4539 678 4630 ficiis:
708 4543 779 4630 itto
799 4545 1149 4632 Annuntiotioois
1165 4561 1296 4663 atque
1314 4547 1812 4634 ulteroCortio-Hcrrin.
1830 4549 1918 4632 Aut
1938 4546 2045 4630 hace

550 4663 640 4752 duo
653 4665 865 4754 beneficia
888 4683 987 4754 sunt
1011 4666 1129 4755 unita
1144 4667 1213 4754 vel
1229 4699 1332 4756 nou.
1359 4669 1403 4760 Si
1422 4687 1523 4756 sunt
1544 4671 1684 4772 unita,
1707 4673 2047 4786 perincorporo-

551 4786 699 4872 tionem
717 4790 877 4876 scilicet
896 4807 939 4876 et
956 4791 1191 4896 subr'cctiuc,
1208 4821 1307 4880 cum
1328 4792 1512 4880 benefici
1520 4823 1589 4879 um
1606 4792 1942 4880 Curtio-Hcrrin
1960 4787 2048 4874 ad-

551 4907 747 4996 iunctum
764 4911 892 4998 luerit
916 4913 1058 5026 primo
1080 4913 1445 5012 Annurrtiutionis,
1473 4916 1703 5004 evidenter
1729 4933 1877 5003 erecto
1902 4913 1946 4998 in
1969 4915 2044 4998 Ec·

548 5027 933 5123 clesiaCutlredrali
952 5037 1224 5136 Molorituna,
1242 5035 1351 5124 illud
1364 5039 1503 5126 solum
1517 5042 1755 5152 spectando
1771 5069 1810 5124 m
1824 5055 1905 5138 est,
1924 5029 2049 5151 quod

546 5152 757 5244 subcerta
771 5157 912 5245 existit
928 5159 1224 5248 iurisdictione
1241 5159 1379 5247 Melev
1399 5161 1503 5246 itani
1518 5161 1751 5250 Antistitis.
1781 5161 1908 5274 Quod
1923 5159 1956 5247 si
1972 5185 2053 5274 per

545 5287 679 5388 petuo
713 5309 764 5366 ea
800 5281 1229 5385 unitunonluorunt,
1259 5283 1584 5400 tribuiquidem
1619 5287 1780 5401 poterit
1804 5283 2046 5375 dimidium

550 5394 755 5488 beneficii
790 5403 1127 5491 Cortin-Herrin
1151 5406 1377 5494 Sacerdoti
1402 5408 1660 5495 Melcvitano
1673 5413 1949 5524 alterumque
1968 5403 2046 5491 di·-

556 5516 745 5609 midium
780 5525 1004 5617 Sacerdoti
1038 5525 1350 5632 Gaudidensi,
1389 5561 1442 5622 ex
1475 5531 1777 5620 nominatione
1823 5547 2043 5648 patrono-
