4558 6340
565 347 655 434 l96
1029 347 1112 431 Die
1143 348 1205 434 26
1239 346 1412 464 Aprilis
1447 348 1585 436 4879.

568 511 586 552 ι
625 469 797 559 siastico
827 499 907 554 con
944 468 983 555 la
1017 470 1268 557 Violantina
1296 525 1325 543 -
1363 472 1586 586 Risponde
1618 525 1648 542 -
1682 473 1788 560 t’to
1831 472 2055 566 celebrate

570 635 586 672 ι
627 594 740 680 nella
775 592 929 681 Clriesa
962 590 1009 679 di
1043 597 1088 682 S.
1129 596 1401 682 bernardino
1434 594 1463 682 il
1499 595 1652 710 giorno
1673 597 1701 682 t
1723 595 1767 683 di
1788 596 2059 712 Agostodel·

569 755 585 794 ι
628 717 775 804 l'anno
811 717 932 803 4866
955 747 1035 804 con
1064 733 1172 802 tutte
1195 717 1235 803 le
1254 717 1469 808 lormalita
1493 719 1695 808 ricbieste
1718 718 1835 806 dalla
1852 723 1897 809 S.
1926 721 2053 810 Chie-

569 879 585 921 ι
625 871 670 926 sa
704 838 789 924 olle
818 871 889 925 ore
921 841 1034 924 circo
1067 871 1168 926 noue
1200 841 1528 930 ontimeridiaue
1549 885 1586 926 ι.
1616 842 1833 930 Absolute
1867 845 2051 961 nuptiali

564 963 666 1066 ritu,
704 965 738 1048 si
770 962 915 1080 sponsi
957 982 999 1050 et
1032 962 1164 1050 lrater
1205 995 1406 1078 sponsae,
1460 965 1605 1083 prouti
1639 985 2045 1081 supraenarrutur,

562 1088 731 1203 absque
764 1087 847 1172 alia
883 1117 1068 1202 persona
1104 1087 1284 1203 regressi
1314 1105 1414 1175 sunt
1443 1089 1813 1206 Albingaunum,
1846 1089 1932 1176 iam
1975 1122 2053 1206 per

563 1239 609 1297 se
641 1227 777 1324 patet,
826 1211 946 1325 quod
987 1213 1059 1296 Fr.
1098 1212 1304 1328 Iosephus
1337 1215 1520 1314 Mor-teo,
1560 1244 1644 1300 non
1669 1212 1848 1329 quidem
1873 1213 2057 1302 domum

562 1333 783 1435 Arduini,
827 1331 906 1420 sed
948 1335 1175 1450 proprium
1219 1335 1343 1451 petiit
1376 1336 1646 1423 cubiculum.
1683 1337 1872 1447 Quando
1907 1356 2055 1425 autem

564 1455 745 1544 domum
780 1487 966 1572 sponsae
1001 1457 1090 1574 ipse
1124 1458 1267 1574 petiit,
1299 1477 1399 1546 tunc
1433 1490 1519 1546 non
1553 1460 1669 1546 solus
1693 1459 1835 1578 petiit,
1857 1459 1935 1548 sed
1970 1494 2057 1549 una

563 1610 661 1666 eum
698 1581 831 1666 lratre
877 1581 993 1666 illius
1033 1621 1050 1658 ‹
1090 1579 1194 1664 tanc
1230 1581 1394 1667 dantum
1444 1583 1565 1668 illico
1611 1585 1719 1697 petii
1772 1583 1894 1670 UNA
1934 1585 2058 1672 CUM

570 1699 901 1791 INVITAttTt'
936 1703 1108 1789 Nicoleo
1130 1700 1326 1790 Arduini
1363 1745 1400 1791 ι.

688 1828 765 1914 27.
804 1827 893 1912 Hoc
927 1844 1070 1912 tamen
1107 1829 1221 1916 baud
1244 1829 1782 1944 potuitcontingereeirea
1801 1831 2050 1934 meridiem,

566 1979 703 2066 quum
741 1948 972 2036 ridiculum
1015 1951 1179 2051 luisset,
1206 1952 1350 2038 utrix
1386 1952 1440 2040 ad
1478 1954 1698 2068 propriam
1737 1953 2054 2042 habitationem

563 2071 765 2160 nicotaus
802 2091 1051 2189 perventus,
1091 2073 1193 2162 inde
1230 2075 1341 2162 illico
1376 2076 1642 2164 discessisset
1666 2089 1713 2161 ut
1747 2075 2050 2192 Religiosum‚

563 2195 638 2315 qui
674 2195 759 2282 iam
798 2195 979 2284 lortasse
1011 2199 1234 2285 communi
1269 2229 1446 2286 mensae
1494 2199 1823 2296 accumbebat,
1872 2200 2056 2288 adbel-

564 2319 673 2405 laria
708 2317 945 2406 delibanda
987 2321 1264 2436 perduceret.
1301 2323 1432 2432 Quod
1465 2322 1498 2408 si
1535 2351 1728 2410 accessus
1752 2320 1951 2408 eiusdem
1976 2325 2058 2412 Re·

564 2441 705 2558 ligiosi
740 2441 903 2529 idcirco
939 2443 994 2532 ad
1031 2444 1346 2532 habitationem
1380 2475 1566 2562 sponsae
1604 2445 1772 2530 norrnisi
1809 2477 1942 2562 quam
1979 2479 2056 2563 po·

567 2561 824 2652 meridianis
870 2566 984 2654 horis
1033 2569 1246 2656 obvenire
1286 2571 1444 2685 potuit,
1485 2571 1570 2657 iam
1618 2597 1873 2685 pernecesse
1906 2601 2056 2658 eonse-

564 2689 731 2807 quitur,
766 2690 886 2806 quod
922 2720 1120 2805 sponsae*
1143 2693 1276 2779 lrater
1307 2693 1469 2781 exinde
1506 2693 1749 2780 abscedens
1782 2710 1830 2778 ut
1865 2693 2054 2808 Religio·

564 2841 659 2898 sum
696 2813 941 2917 accersiret,
979 2813 1061 2900 nisi
1109 2815 1382 2904 bilocationis
1427 2816 1595 2904 donum
1646 2814 1855 2902 eumdem
1891 2819 2057 2933 pollere

526 3015 535 3024 .
564 2931 781 3021 affirmare
814 2935 912 3054 quis
942 2936 1064 3040 uelit,
1102 2967 1279 3055 sponsos
1325 2939 1447 3027 domi
1497 2941 1644 3058 aliquo
1677 2938 1887 3054 temporis
1919 2939 2059 3057 spatio

564 3059 817 3174 relinquere
849 3059 1022 3147 debuit.
1078 3065 1211 3180 Atqui
1257 3064 1434 3151 Violaus
1483 3093 1658 3180 semper
1691 3063 1814 3151 domi
1849 3065 2055 3151 lJlBERA

565 3199 610 3269 et
642 3185 786 3272 SOLA
820 3183 1090 3282 demoratur,
1117 3187 1191 3274 «io
1213 3217 1338 3274 come
1373 3187 1470 3273 tutti
1504 3219 1641 3274 sonno
1678 3187 1756 3305 (ita
1791 3185 1883 3274 eius
1907 3186 2055 3306 lrater)

574 3343 590 3382 ι
631 3336 712 3421 per
745 3306 903 3424 cinqoe
936 3339 1012 3394 ore
1053 3309 1124 3397 del
1166 3309 1321 3426 giorno
1370 3342 1478 3398 sono
1513 3343 1537 3398 a
1583 3311 1675 3398 lare
1719 3311 1759 3396 la
1793 3309 1937 3396 scuola
1984 3313 2054 3398 nel

572 3465 589 3506 ι
628 3428 856 3516 Ginnasio.
886 3431 972 3516 Mio
988 3432 1124 3545 padre
1146 3465 1226 3518 non
1249 3437 1269 3519 d
1291 3437 1374 3520 tnui
1410 3437 1455 3520 in
1473 3457 1591 3532 casca·
1619 3434 1661 3518 lo
1676 3431 1938 3520 suuuttA
1954 3435 1998 3519 ci
2019 3433 2054 3518 si

419 3579 422 3588 ’
573 3591 589 3628 ι
631 3567 750 3638 trouu
781 3553 1015 3642 StttttPltE
1048 3556 1085 3640 Ε
1120 3556 1334 3644 cluunt
1370 3559 1405 3643 Ε
1436 3556 1584 3646 SOLA
1616 3560 1727 3645 ».Et.
1752 3556 1885 3642 libero
1904 3587 2054 3671 reapse

567 3703 616 3761 ac
653 3674 744 3763 sola
778 3675 858 3764 luit
890 3709 990 3765 cum
1023 3709 1197 3798 sponso;
1236 3681 1446 3796 quoniam
1474 3683 1548 3767 ubi
1572 3683 1643 3767 rr.
1666 3679 1873 3796 losepbus
1893 3682 2053 3766 Morteo

566 3797 680 3885 illius
713 3799 895 3887 domurn
931 3805 1146 3919 pervenit,
1177 3833 1256 3889 nec
1290 3823 1460 3918 patrem
1504 3835 1688 3921 sponsae
1723 3803 1786 3890 ibi
1827 3802 2055 3890 adiuvenit

573 3959 590 3998 ι
631 3919 736 4006 laone
769 3923 935 4010 domum
970 3925 1090 4013 illico
1112 3927 1220 4043 petii
1243 3959 1324 4014 una
1348 3961 1437 4014 cum
1461 3929 1665 4014 innitente
1689 3928 1739 4015 ll.
1768 3925 1943 4014 llicoloo
1972 3927 2053 4011 Ar·

569 4039 709 4139 dulci,
747 4045 819 4132 ubi
850 4051 991 4164 reperi
1039 4081 1207 4166 sponsos
1257 4046 1526 4140 ABSENTE
1560 4051 1760 4138 PATRE
1812 4050 1854 4140 V
1857 4047 2057 4134 IOLAN·

571 4163 753 4252 rtrtAu
780 4202 821 4267 ·;
843 4201 922 4283 nec
954 4171 1090 4260 alium
1126 4189 1281 4262 testem
1305 4175 1503 4261 invenire
1538 4177 1694 4292 potuit,
1734 4191 1824 4260 tum
1856 4173 2051 4288 primum

567 4288 671 4405 quia
704 4293 1044 4386 rautttnttus
1067 4299 1233 4386 ibidem
1267 4299 1430 4385 NULLl
1467 4315 1584 4400 sunt,
1623 4295 1767 4415 prouti
1802 4297 1936 4384 relect
1969 4297 2052 4384 Vi-

567 4411 708 4500 carius
742 4416 1048 4533 Albiganeusis
1084 4421 1125 4507 in
1159 4452 1237 4508 suo
1292 4421 1471 4509 decreto
1506 4421 1832 4510 interlocutorio
1866 4419 1957 4508 diei
1992 4417 2049 4506 l5

567 4533 843 4653 Septembris
878 4545 1000 4631 t87t
1038 4584 1056 4625 ι
1100 4545 1326 4642 NULLOS,
1363 4547 1426 4632 nti
1445 4544 1657 4661 publicum
1680 4562 1718 4632 ct
1746 4545 1957 4630 notorium
1982 4559 2052 4646 est,

568 4655 614 4743 in
647 4657 769 4747 domo
805 4665 1020 4778 praedicti
1052 4667 1205 4753 Felicis
1252 4665 1442 4754 Ardnini
1489 4668 1624 4757 ESSE
1674 4667 2048 4766 FAMILIARES,

567 4781 642 4898 qui
681 4782 833 4872 subiici
872 4792 1035 4905 possint
1070 4791 1257 4878 exantini
1308 4825 1351 4892 ›;
1387 4809 1481 4879 tum
1526 4823 1705 4910 quoque
1744 4791 1847 4913 quia
1880 4791 2054 4880 clancu-

568 4904 658 4992 lum
692 4906 942 5001 celebratae
974 4931 1077 5001 sunt
1107 4913 1287 5030 nuptiae
1328 4955 1344 4993 ι
1383 4915 1496 5002 nella
1530 4915 1734 5035 [attriplia
1766 4914 1958 5003 Arduiut'
1978 4915 2056 5034 (ita

567 5031 790 5154 sponsus)
823 5067 1003 5124 occeano
1042 5039 1251 5154 impepao,
1288 5037 1360 5125 cte
1391 5041 1440 5126 nl
1471 5038 1508 5124 il
1534 5039 1747 5156 pubblico,
1784 5039 1833 5126 nd
1865 5037 1901 5124 il
1921 5038 2057 5156 padre
2184 5039 2188 5042 ’

566 5151 774 5242 uenissero
807 5191 833 5244 a
866 5161 1108 5276 counitione
1141 5161 1210 5249 del
1244 5163 1514 5250 taetrirnonio
1544 5205 1583 5250 ».

691 5277 770 5367 28.
807 5282 930 5372 Hisce
964 5287 1009 5370 in
1038 5285 1155 5405 sacto
1186 5285 1448 5389 constitutis,
1485 5285 1605 5404 quod
1647 5285 1856 5374 nimirum
1896 5285 2052 5373 mulie·

570 5397 630 5484 ris
661 5397 807 5507 frater,
848 5424 893 5493 ut
925 5425 1167 5498 contestem
1216 5409 1325 5497 sacri
1353 5409 1468 5498 ¹ritus
1503 5415 1574 5498 Fr.
1610 5411 1844 5530 losepbum
1889 5413 2054 5498 Morteo

574 5551 599 5609 e
633 5525 765 5612 rurali
798 5529 1025 5620 Coenobio
1058 5532 1115 5621 ad
1158 5532 1385 5652 propriam
1425 5533 1741 5623 habitationem
1777 5531 2052 5654 perduceret,
