4516 6318
717 367 803 460 Die
834 369 893 460 lb'
924 369 1150 460 Februarii
1183 371 1319 464 t8t'9.
1681 373 1774 466 tta

276 492 532 613 suffragium
568 491 795 612 dispositio
829 496 1152 584 testamentaria
1175 497 1230 584 sit
1253 494 1423 584 collata.
1450 495 1502 582 Et
1533 495 1568 584 si
1593 495 1774 622 etc-ipso

276 617 463 742 prolana
495 616 593 707 iure
622 617 873 734 religiosum
906 647 1082 736 semper
1114 617 1196 707 tuit
1229 619 1348 706 iuxta
1385 619 1527 738 legem
1560 620 1643 706 Xll
1686 624 1773 710 Tu-

274 742 482 833 bularum
527 757 574 827 ut
605 784 637 816 =
661 741 728 828 uti
779 740 871 856 quis
916 739 968 828 de
1014 743 1192 858 pecunia
1243 740 1418 830 tutelone
1465 741 1529 828 rei
1565 763 1667 828 'suae
1713 743 1770 831 le·

275 865 423 984 possit,
460 861 521 950 ito
556 863 621 950 ius
669 877 768 960 esto,
789 905 821 937 =
853 864 1151 982 multomagis
1189 864 1270 951 hoc
1302 862 1385 952 erit
1412 862 1765 972 custodiendum,

276 987 353 1076 nbi
409 985 479 1103 pia
528 1015 577 1073 ac
610 985 812 1104 religiosa
846 986 890 1072 in
924 985 967 1074 id
1002 987 1167 1075 leuatur
1201 987 1425 1090 voluntaS,
1463 1003 1511 1074 ut
1562 987 1606 1072 in
1640 989 1768 1078 obse·

277 1110 429 1231 quium
465 1105 564 1212 Dei,
591 1121 636 1197 et
666 1108 713 1195 in
745 1107 988 1198 subsidium
1023 1110 1267 1198 animarum
1305 1111 1347 1196 in
1383 1107 1677 1227 piacularibus
1700 1143 1768 1199 ar·

276 1232 460 1324 donibus
493 1231 774 1320 existentium
794 1246 1071 1348 praestentur
1105 1231 1260 1358 legata.
1288 1231 1415 1321 Nelas
1447 1231 1564 1321 enim
1600 1250 1663 1321 est
1682 1233 1769 1322 vio·

276 1357 367 1445 lare
402 1367 655 1443 testatorum
688 1353 977 1459 voluntatem,
1006 1371 1052 1442 ut
1086 1358 1431 1476 propinquorum
1465 1353 1637 1442 utilitati
1661 1387 1765 1444 con·

277 1479 457 1582 sulatum
495 1472 671 1594 quando
705 1477 964 1565 eorumdem
1001 1479 1253 1568 testantium
1287 1477 1613 1580 conscientiam,
1650 1508 1764 1597 quae
1830 1530 1840 1550 ·

280 1629 507 1720 supremas
542 1601 712 1688 tabulas
736 1616 781 1686 ut
815 1599 1053 1718 plurimum
1089 1601 1288 1720 inspirat,
1325 1600 1587 1720 perscrutari
1622 1618 1665 1688 et
1698 1599 1768 1688 di-

276 1753 483 1846 gnoscere
533 1722 875 1842 haudquaquam
926 1723 1177 1814 bominibus
1220 1753 1470 1815 concessum
1525 1735 1626 1826 est,
1689 1723 1768 1813 sed

275 1847 357 1938 sibi
391 1851 512 1935 Deus
546 1847 797 1951 reservavit.
1308 1887 1311 1892 ·

401 1969 526 2066 Hisce
559 1986 708 2056 autem
741 1967 927 2072 accedit,
964 1971 1084 2088 quod
1120 2001 1199 2061 nec
1229 1971 1347 2060 bona
1379 1967 1489 2058 fides
1523 1968 1566 2054 in
1599 1999 1769 2087 posses-

276 2095 398 2186 sione
431 2107 613 2210 quartae
647 2091 779 2210 partis
814 2091 981 2210 praedii
1015 2093 1238 2212 suffragari
1272 2093 1445 2184 Oratori
1496 2091 1766 2180 censendum

278 2236 358 2320 est,
415 2219 648 2334 quominus
682 2215 791 2304 banc
823 2212 1025 2303 eamdem
1061 2235 1228 2335 partem
1265 2216 1435 2334 praedii
1479 2214 1672 2333 legitimo
1707 2215 1769 2302 ti-

278 2342 367 2431 tulo
421 2338 649 2444 detineat,·
685 2339 850 2458 quippe
892 2339 965 2458 qui
1001 2367 1056 2426 ex
1089 2339 1184 2432 iure
1218 2340 1509 2430 haereditario
1543 2336 1769 2455 possidens

278 2465 336 2555 de
371 2460 485 2548 mala
520 2461 608 2551 fide
642 2479 965 2551 autecessorum
1000 2493 1178 2552 suorum
1213 2464 1331 2551 iuxta
1356 2461 1628 2552 notissimum
1661 2461 1765 2548 iuris
1831 2513 1832 2517 κ

278 2583 546 2708 principium
583 2586 852 2702 respondere
885 2585 1037 2673 debet.
1074 2585 1163 2673 Etsi
1207 2588 1326 2675 enim
1371 2586 1588 2702 integrum
1640 2613 1769 2701 prae·

279 2711 406 2802 dium
439 2705 576 2828 ipsius
609 2723 805 2797 auctores
838 2707 1180 2797 revindicassent
1218 2710 1260 2796 in
1296 2708 1385 2799 vim
1417 2709 1660 2798 sententiae
1694 2705 1770 2792 iu-

279 2830 463 2938 dicialis,
501 2829 682 2918 inficiari
717 2830 832 2919 baud
868 2845 1016 2918 tamen
1051 2831 1236 2950 poterit,
1274 2833 1395 2951 quod
1430 2831 1581 2921 titulus
1613 2830 1670 2916 ab
1694 2827 1766 2916 iis·

278 2957 377 3046 dem
413 2951 629 3064 deductus
662 2954 851 3073 aliquam
887 2953 1051 3042 fraudis
1092 2955 1388 3073 suspicionem
1445 2957 1630 3074 ingerat.
1667 2953 1765 3040 Non

278 3079 394 3167 enim
430 3109 484 3166 ex
518 3078 613 3165 iure
647 3077 841 3196 proprio,
868 3077 944 3164 sed
978 3107 1032 3165 ex
1056 3077 1150 3166 iure
1183 3079 1421 3169 haeredum
1456 3075 1636 3166 Parocbi
1659 3076 1769 3161 Beu-

278 3234 375 3307 zon,
409 3219 453 3288 et
487 3215 711 3320 tamquam
748 3199 1010 3288 eorumdem
1043 3201 1288 3292 cessionarii
1325 3203 1537 3293 iudicium
1572 3195 1764 3286 vindica-

280 3326 410 3414 tionis
427 3323 723 3413 instaurarunt
740 3341 890 3411 contra
912 3323 1165 3414 Ecclesiam.
1186 3327 1331 3438 Quum
1366 3326 1558 3444 alioquin
1580 3319 1768 3442 praedi-

267 3449 335 3560 cti
369 3447 548 3536 Perochi
583 3445 796 3560 haeredes
828 3475 1068 3564 numquam
1111 3449 1422 3564 possessionem
1449 3447 1605 3566 prativi
1640 3440 1764 3530 luridi

280 3571 581 3673 obtinuissent,
619 3567 824 3686 perfacile
856 3571 1040 3687 quidem
1074 3571 1142 3658 vel
1179 3573 1473 3687 precibusvel
1497 3571 1643 3688 aliquo
1668 3595 1768 3684 pre·

278 3695 369 3785 mio
403 3709 504 3782 utut
535 3692 668 3781 etiam
705 3691 958 3781 tenuissimo
991 3694 1279 3812 adpromisso,
1318 3697 1554 3784 cessionem
1600 3690 1765 3778 iunium

281 3819 339 3906 ab
392 3817 478 3906 illis
532 3831 792 3937 extorquere
841 3833 1079 3932 potuerunt
1139 3817 1332 3906 Oretanis
1386 3837 1598 3906 auctores
1670 3813 1769 3900 lloc

279 3959 426 4029 autem
460 3939 743 4028 collusionem
776 3939 1018 4057 quamdam
1053 3941 1372 4057 praesetulisset
1407 3942 1518 4029 inter
1550 3935 1767 4027 cessiona-

278 4066 364 4152 rios
387 4083 429 4155 et
447 4063 655 4153 cedentes
672 4091 784 4180 quae
800 4063 856 4149 ad
876 4063 1160 4151 intentionem
1193 4063 1407 4152 testatoris
1428 4059 1695 4154 eludendam
1722 4069 1766 4143 et

278 4183 575 4279 lrandandam
609 4183 758 4273 luisset
791 4183 969 4291 directa3
1007 4185 1085 4274 sed
1117 4187 1220 4304 quia
1254 4186 1369 4276 lraus
1402 4203 1446 4275 et
1469 4187 1597 4276 dolus
1622 4178 1765 4271 nemi·

278 4311 322 4397 ni
357 4309 526 4400 debent
559 4307 835 4426 patrocinari,
878 4339 956 4397 nec
990 4309 1123 4424 igitur
1157 4309 1296 4398 iuvari
1331 4309 1587 4399 debuissent
1609 4309 1765 4396 Orato-

279 4433 337 4521 ris
380 4451 673 4522 antecessores
708 4447 754 4518 ut
787 4431 1015 4548 praedium
1050 4431 1318 4537 obtinerent,
1345 4433 1465 4551 quod
1489 4462 1576 4518 noo
1614 4461 1638 4516 a
1670 4428 1761 4514 suis

281 4555 530 4644 auctoribus
563 4552 853 4642 haereditario
887 4554 981 4642 iure
1013 4555 1270 4673 consequuti
1303 4573 1418 4660 sunt,
1456 4554 1532 4642 sed
1567 4551 1626 4640 ab
1660 4549 1762 4638 alie·

280 4677 348 4766 nis
381 4676 575 4796 personis
605 4676 833 4794 acquirere
864 4676 1146 4766 studuerunt.

285 4841 294 4851 ·
403 4799 632 4918 Quidquid
669 4801 943 4918 caeteroquin
984 4799 1039 4888 sit
1073 4800 1130 4890 de
1183 4801 1384 4905 ratione,
1419 4831 1506 4918 qua
1547 4795 1761 4888 indicium

278 4923 582 5013 vindicationis
615 4921 779 5040 praedii
815 4921 1073 5030 adstruere,
1111 4936 1243 5041 atque
1278 4923 1463 5013 amicam
1497 4919 1762 5042 sententiam

280 5047 482 5136 obtinere
521 5047 753 5134 valuerunt
790 5044 1004 5135 testatoris
1041 5045 1379 5164 consanguinei,
1417 5075 1517 5134 cum
1570 5062 1762 5132 caetero·

280 5171 385 5288 quin
419 5169 635 5258 sententia
675 5167 770 5286 ipsu
806 5197 860 5256 ex
907 5199 994 5256 una
1041 5168 1293 5258 desertione
1327 5167 1521 5256 llectoris
1544 5165 1762 5256 Ecclesiae
1852 5195 1880 5255 ι’

279 5293 519 5412 repetenda
553 5291 623 5396 sit,
651 5291 755 5378 nibil
794 5289 932 5380 ferme
964 5290 1120 5380 eadem
1153 5290 1324 5409 proficit
1355 5288 1415 5378 ad
1449 5291 1640 5409 legatum
1666 5288 1764 5378 mis·

269 5443 430 5510 ,sarum
475 5414 519 5504 in
552 5445 740 5532 persona
773 5412 968 5503 Oratoris
1001 5428 1044 5502 et
1066 5445 1146 5532 pro
1163 5430 1316 5532 quarta
1336 5429 1460 5531 purte
1484 5413 1542 5502 ab
1565 5411 1762 5504 eiusdem

287 5539 539 5630 auctoribus
556 5550 763 5658 occupata
780 5534 1106 5657 perimendum.
1132 5535 1238 5626 Utut
1253 5537 1447 5630 iamvero
1468 5534 1769 5628 controversia
