4558 6340
586 313 681 408 211
1051 308 1135 396 Die
1166 304 1228 394 26
1260 305 1435 424 Aprilis
1470 306 1609 396 1879.

586 435 691 528 nodi
726 435 863 524 verba¹
884 487 913 504 -
935 431 995 520 ibi
1018 479 1043 498 -
1073 471 1091 510 «
1114 429 1334 520 Beneficia
1352 429 1640 520 ecclesiastica
1668 443 1833 530 curata,
1855 459 1972 548 quac
2007 460 2079 517 ca-

592 603 609 642 «
651 556 920 647 thedralibus
952 553 1190 670 collegiatis
1221 585 1296 644 seu
1333 553 1430 642 aliis
1462 553 1651 642 ecclesiis
1687 553 1754 640 vel
1808 552 2088 642 monasteriis

593 724 610 764 ι
648 677 874 769 beneficiis
907 708 983 766 seu
1020 677 1211 794 collegiis
1243 692 1318 766 aut
1350 676 1432 795 piis
1466 675 1568 766 locis
1600 676 1955 794 quibuscumque
1990 705 2092 792 per·

593 847 609 888 ι
650 819 783 920 petuo
819 801 939 888 unita
972 821 1015 889 et
1039 831 1209 888 annexa
1232 801 1531 916 reperiuntur,
1559 802 1615 887 ab
1637 796 1873 888 ordinariis
1891 797 2092 886 locorum

592 970 610 1008 ι
650 925 774 1014 annis
806 923 988 1040 singulis
1023 923 1266 1026 visitentur,
1308 923 1386 1042 qui
1420 921 1603 1012 sollicite
1653 920 1887 1038 providere
1923 951 2089 1036 procu·

595 1093 612 1130 ι
652 1063 762 1146 rent,
791 1066 838 1136 ιιι
863 1046 1132 1160 peridoneus
1170 1046 1215 1130 V
1214 1045 1369 1132 icarios
1393 1045 1517 1132 etiam
1559 1062 1796 1160 perpetuos.
1827 1110 1838 1130 .
1869 1108 1879 1129 .
1908 1039 2090 1134 ibidem

595 1213 613 1254 ι
651 1167 929 1286 deputandos
951 1168 1197 1258 animarum
1220 1198 1323 1257 cura
1345 1166 1629 1257 laudabiliter
1651 1185 1906 1256 exerceatur
1933 1207 1977 1252 ι.
2007 1167 2094 1255 Hu-

590 1292 778 1385 iusmodi
814 1322 917 1379 vero
952 1309 1145 1410 pastores
1178 1291 1425 1380 animarum
1460 1321 1591 1380 curae
1610 1289 1881 1407 praepositos
1915 1288 2095 1380 debere

589 1447 683 1508 csse
717 1431 950 1534 perpetuos
984 1414 1140 1504 eadem
1173 1413 1535 1532 sanctasynodus
1558 1413 1697 1532 magis
1719 1411 1946 1530 magisque
1982 1443 2090 1502 con·

589 1540 739 1632 firmat
773 1539 817 1626 in
850 1539 958 1652 Gap.
986 1538 1045 1628 l3
1076 1569 1174 1626 sess.
1199 1538 1277 1626 at.
1315 1535 1366 1626 de
1399 1537 1494 1657 Res.
1523 1537 1600 1626 ubi
1633 1565 1838 1653 expresse
1870 1550 1915 1623 et
1947 1535 2096 1626 distri-

590 1681 659 1754 cte
691 1659 946 1750 decernitur
978 1661 1199 1778 Episcopis
1228 1701 1244 1738 ι
1275 1691 1354 1776 pro
1388 1659 1539 1750 tutiori
1583 1657 1831 1748 animarum
1867 1658 1928 1748 eis
1962 1687 2097 1750 com-

473 1880 476 1886 .
595 1825 614 1868 ι
654 1784 886 1874 missarum
919 1785 1072 1887 salute,
1112 1799 1160 1872 ιιι
1192 1782 1395 1874 distinctu
1430 1782 1594 1902 populo
1627 1781 1670 1874 in
1695 1799 1833 1870 certas
1867 1783 2094 1902 proprias·

598 1949 617 1990 «
654 1937 742 2025 que
790 1905 1016 2022 parochias
1062 1907 1301 2024 unicuique
1333 1937 1462 1996 snam
1497 1922 1758 2024 perpetuum
1799 1904 2093 2020 peculiarem·

599 2071 615 2110 ι
655 2059 742 2148 que
776 2027 1016 2144 parochurn
1051 2029 1288 2148 assignent,
1316 2032 1391 2148 qui
1427 2061 1500 2119 eas
1532 2057 1793 2148 cognoscere
1825 2027 1975 2116 valcat
2000 2041 2092 2116 eta

597 2191 616 2233 ι
654 2183 744 2270 quo
777 2152 870 2240 solo
903 2152 1019 2240 licite
1051 2169 1327 2242 sacramenta
1358 2153 1595 2270 suscipiant
1623 2190 1663 2238 ι.

715 2273 973 2364 Huiusmodi
993 2304 1097 2364 vero
1120 2271 1365 2364 doctrinam
1383 2276 1439 2364 de
1461 2271 1830 2364 inamovibilitatc
1848 2277 2086 2364 Pastorum

592 2397 838 2488 animarum
852 2427 985 2486 curae
1007 2413 1142 2516 atque
1156 2398 1282 2488 saluti
1303 2397 1699 2516 praeficiendorum
1715 2396 1879 2486 aedom
1897 2397 1981 2484 iuri
2008 2393 2090 2484 sed

590 2521 741 2612 cidem
776 2520 910 2608 etiam
931 2521 1090 2608 rationi
1112 2550 1352 2610 consonam
1374 2551 1468 2612 csse
1502 2535 1652 2612 monet
1674 2523 1721 2613 S.
1751 2523 1860 2610 Rota
1884 2519 1927 2606 in
1953 2517 2085 2610 decis.

593 2645 652 2734 53
676 2675 719 2730 n.
746 2643 802 2728 to
819 2659 857 2730 et
890 2673 973 2760 seq.
998 2643 1289 2761 car.Pentin9.
1317 2645 1494 2736 tradens
1527 2648 1661 2734 Cone.
1687 2641 1812 2732 Trid.
1851 2640 1945 2732 ideo
1989 2672 2090 2758 per·

589 2781 734 2886 petuas
762 2764 969 2880 parochos
1002 2766 1152 2882 exigit,
1179 2784 1223 2854 nt
1255 2799 1347 2854 oues
1380 2801 1473 2854 suas
1506 2797 1745 2884 cognoscere
1776 2763 1964 2854 caleant:
1991 2777 2093 2852 sunt

589 2890 701 2978 enim
729 2905 934 3004 pastores.
965 2953 975 2976 .
1006 2955 1016 2976 .
1047 2955 1058 2975 .
1084 2888 1231 2976 melius
1256 2890 1390 3005 igitur
1422 2921 1516 2978 suns
1538 2922 1630 2978 oues
1653 2887 1894 3004 dignoscent
1925 2889 2093 3006 siper·

588 3011 709 3130 petai
739 3012 840 3108 sint,
866 3027 904 3100 et
935 3041 1017 3100 non
1052 3011 1312 3128 temporales,
1340 3029 1385 3100 nt
1418 3015 1464 3102 in
1495 3013 1562 3100 lis
1595 3013 1784 3126 terminis
1823 3009 1942 3100 dicit
1975 3011 2092 3100 {lota

594 3135 721 3225 decis.
746 3134 809 3223 21
842 3131 893 3222 de
921 3131 1153 3250 praebend.
1182 3137 1227 3222 in
1257 3136 1392 3224 nocis.
1437 3136 1785 3224 Praeterea-cnm
1821 3136 1906 3222 sint
1938 3152 2091 3250 putres

592 3258 695 3346 dist.
719 3258 782 3345 96
815 3257 961 3372 cop.9
994 3289 1076 3344 non
1109 3257 1220 3348 deret
1252 3291 1317 3347 eos
1349 3291 1430 3348 esse
1464 3258 1765 3375 temporales..
1794 3325 1804 3346 .
1833 3324 1845 3346 .
1887 3257 2087 3376 Denique

591 3381 717 3470 sicuti
749 3381 1061 3468 matrimonium
1094 3381 1264 3470 carnale
1295 3380 1352 3470 ud
1387 3398 1543 3498 tempus
1575 3415 1657 3470 nan
1690 3381 1993 3484 contrahitur,
2025 3383 2085 3468 itu

593 3535 664 3592 nec
695 3501 938 3619 spirituale.
966 3504 1086 3616 Quas
1113 3505 1218 3594 iaris
1233 3505 1478 3595 sanctiones
1501 3505 1558 3594 de
1576 3505 1743 3594 utiliori
1772 3523 1818 3592 ut
1844 3503 2090 3626 plurimam

592 3627 834 3718 necessaria
868 3627 1158 3744 parochorum
1192 3658 1270 3718 seu
1304 3628 1576 3720 vicariorum
1600 3628 1894 3748 perpetuitate
1926 3655 2094 3746 expen-

594 3751 704 3842 dens
735 3766 869 3868 atque
903 3750 1216 3840 commendans
1239 3753 1432 3841 Barbosa
1465 3751 1517 3840 de
1549 3749 1659 3875 offic.
1684 3769 1888 3868 etpotest.
1912 3745 2089 3867 paracl.

590 3890 713 3990 part.
751 3873 770 3960 1
812 3903 907 3987 cap.
946 3874 963 3958 1
1006 3903 1119 3962 num.
1157 3874 1216 3962 43
1249 3891 1287 3962 et
1319 3875 1381 3964 lale
1413 3875 1520 3966 haee
1551 3876 1607 3968 ad
1642 3905 1736 3966 rem
1759 3871 2090 3966 animadvertit.

603 3993 712 4084 «ibi
739 4035 758 4076 ι
786 3996 891 4082 sicut
923 4026 1006 4082 nna
1038 3995 1190 4084 mulier
1226 4030 1307 4086 non
1337 4015 1471 4114 potest
1503 3997 1607 4088 dnos
1648 3999 1717 4087 vel
1742 3999 1889 4116 plures
1921 4024 2092 4114 sponsos

597 4115 750 4206 holere
762 4149 833 4204 nec
851 4149 976 4204 renum
999 4149 1150 4233 carpus
1173 4117 1256 4208 dero
1276 4121 1436 4237 capita,
1459 4125 1558 4240 qnia
1577 4139 1676 4212 esset
1692 4140 1936 4220 monstrum,
1953 4121 2014 4206 sic
2027 4147 2096 4205 nec

598 4239 789 4328 Ecclesia
807 4238 910 4328 duas
930 4239 996 4328 ocl
1012 4241 1159 4355 plnres
1179 4243 1386 4359 parocltos
1408 4248 1493 4334 sive
1514 4261 1695 4345 curatos,
1723 4265 1759 4333 rt
1783 4248 1798 4330 i
1803 4285 1827 4332 n
1853 4277 1934 4330 nasu
1956 4239 2093 4330 Eccle·

591 4365 664 4452 siu
684 4393 789 4452 nnus
805 4361 921 4452 debet
934 4396 1017 4454 esre
1033 4364 1417 4481 mandassemus
1439 4385 1476 4458 ct
1498 4372 1734 4487 rector,qni
1755 4399 1899 4456 curum
1920 4363 2084 4456 labent.

720 4488 965 4599 Quaenam
990 4485 1048 4576 ita
1071 4486 1175 4594 sint,
1204 4490 1366 4578 mirum
1386 4521 1474 4580 non
1499 4509 1579 4594 est,
1604 4493 1641 4580 si
1665 4491 1907 4610 praelatum
1932 4485 2091 4578 doctri·

597 4639 700 4700 nam
720 4611 885 4727 pluries
909 4608 1153 4704 firmaverit
1169 4613 1342 4704 Sason
1361 4631 1404 4701 et
1425 4615 1683 4732 praesertim
1709 4616 1751 4703 in
1769 4613 1857 4702 dee.
1883 4613 1945 4702 52
1962 4644 2007 4700 n.
2029 4607 2086 4696 17

598 4749 637 4822 et
667 4764 755 4850 seq.
777 4762 826 4848 p.
851 4733 882 4822 2
912 4731 1197 4839 diuersorum,
1214 4752 1253 4824 et
1271 4737 1315 4824 in
1334 4737 1568 4826 Messenen.
1595 4737 1951 4826 Inrisdictionisl
1978 4733 2091 4822 Mar·

600 4856 655 4945 lii
687 4855 811 4944 1610
841 4887 930 4946 cor.
957 4855 1153 4973 Lupdnn.
1179 4861 1338 4950 Sacrae
1372 4890 1477 4950 vero
1525 4863 1664 4952 Rotae
1700 4859 1926 4953 doctrinae
1967 4859 2087 4979 plau·

598 5009 698 5069 sum
730 4979 894 5096 iugiter
912 4979 1010 5068 lecit
1030 4983 1077 5072 S.
1104 4984 1160 5070 H.
1197 4984 1249 5074 C.
1275 4983 1457 5074 Consilii
1480 4983 1731 5076 Tridentini
1750 4983 1984 5103 interpres,
2015 5005 2090 5070 cca
2225 5010 2227 5014 ·

601 5122 694 5192 tam
727 5133 781 5192 ea
814 5103 1024 5221 antiquis,
1050 5134 1185 5223 quam
1217 5135 1271 5194 ex
1304 5107 1623 5198 recentioribus
1645 5107 1847 5199 eiusdem
1872 5101 2092 5196 resolutio·

600 5225 731 5316 nibus
766 5241 902 5346 patet.
927 5226 1043 5319 Sane
1074 5228 1121 5314 in
1152 5259 1242 5320 utun
1274 5229 1445 5318 Nullius
1478 5261 1547 5319 sen
1570 5231 1725 5324 Montis
1746 5229 1917 5320 Cossini
1938 5229 2000 5318 26
2021 5221 2085 5315 Ia·

600 5349 748 5436 suarii
781 5351 903 5442 1726
935 5349 1166 5440 mandavit
1184 5352 1228 5440 in
1251 5351 1436 5444 Ecclesia
1454 5355 1633 5448 matrice
1665 5373 1711 5446 et
1741 5353 1981 5475 pumchiali
2004 5368 2087 5442 ter·

604 5501 681 5560 rue
712 5474 866 5564 Pmdai
915 5477 1172 5579 Constantii.
1197 5473 1324 5564 cuius
1353 5509 1457 5568 cura
1481 5509 1559 5596 per
1581 5481 1860 5598 presbyteros
1894 5473 2089 5570 ciusdem
