4350 6326
698 385 1125 480 CONCLUSIONUN
1570 393 1652 482 561

263 551 416 668 Neque
449 546 507 635 de
541 545 633 634 ioco
662 545 887 634 adtocum
952 542 1044 633 viat
1090 547 1388 640 sanctionibus
1424 581 1530 669 pap.
1576 551 1669 638 283

170 669 452 762 extendenda
487 669 596 756 idid.
952 667 997 790 3.
1035 670 1185 786 Neque,
1218 703 1323 791 pop.
1360 673 1454 762 504
1491 673 1538 796 3.
1574 673 1665 759 Pro

264 791 480 912 Legitime
501 790 770 911 praescripta
798 819 891 878 om-
952 808 990 878 ct
1018 824 1121 908 puy.
1160 795 1251 882 506
1282 798 1328 920 3.
1358 797 1479 886 Post.

169 949 275 1008 nem
310 914 643 1005 ecclesiasticam
668 914 808 1032 tegam
844 945 888 1001 a·
1046 915 1125 1003 Vol
1144 947 1331 1008 nervum
1352 933 1578 1038 rumperet
1596 919 1672 1005 Ec·

169 1045 330 1159 bregut
362 1069 463 1156 pop.
500 1037 591 1125 502
625 1037 669 1160 3.
709 1037 814 1122 Pro.
952 1037 1218 1130 ciesiasticae
1261 1042 1517 1160 disciptinae
1562 1069 1669 1156 pap.

267 1163 367 1252 Vim
402 1161 523 1249 enim
556 1161 690 1248 hahet
727 1189 889 1276 aequa·
951 1162 1042 1250 227
1077 1161 1225 1281 31η.

170 1290 259 1376 lem
286 1313 384 1373 cum
410 1284 504 1404 iege
524 1284 703 1400 pup.73
727 1281 772 1404 3
792 1281 890 1370 Sin-
1046 1285 1173 1375 Unde
1234 1287 1505 1376 consuetudo
1584 1282 1668 1370 tri·-

169 1409 310 1527 pulos,
345 1439 448 1524 pap.
470 1407 562 1494 502
584 1407 630 1529 3.
651 1407 759 1504 Pro,
783 1436 886 1522 pap.
952 1409 1096 1497 huens
1133 1407 1487 1525 praecedentiam
1537 1405 1668 1494 alicui

170 1533 346 1654 5263.
385 1529 590 1617 Minoaue.
953 1561 1168 1648 personae
1213 1531 1432 1622 inferioris
1491 1527 1670 1620 Ordinis

265 1657 320 1741 tta
347 1685 425 1770 pro
465 1655 561 1770 iege
594 1652 689 1768 ipsa
724 1667 789 1739 est
823 1683 891 1740 ac·
953 1685 1083 1770 supra
1101 1656 1315 1744 maiorem
1340 1655 1383 1741 in
1419 1652 1584 1742 Ordine
1609 1650 1671 1736 uti
1822 1653 1827 1662 '

171 1777 499 2014 1111.
528 1773 698 2018 aa
714 1773 892 2008 aa·
953 1771 1666 1992 uratacaracara·

268 2021 532 2113 Centenaria
580 2021 892 2140 aequiparatur
956 2023 1008 2112 tis
1041 2041 1106 2113 est
1129 2024 1186 2112 ad
1208 2018 1595 2140 praescribendum
1627 2017 1670 2103 in

175 2143 524 2234 immemorabili
569 2173 673 2260 pop.
718 2144 809 2231 503
843 2144 887 2266 3.
954 2140 1675 2263 praecedentiaemateriapap.93

176 2269 263 2356 Εο.
955 2271 999 2392 3.
1042 2271 1356 2358 Verumtamen.

269 2389 816 2480 Etsccumiertmeiiorem
834 2391 893 2479 de
1047 2392 1333 2482 Consuetudo
1382 2387 1564 2477 maximi
1619 2385 1679 2472 ia-

174 2516 345 2605 mundo
379 2514 556 2600 titulum
576 2545 680 2630 pap.
719 2513 810 2600 100
842 2512 888 2635 3.
954 2515 1110 2605 cienda
1143 2516 1188 2602 in
1236 2517 1441 2604 [annerum
1491 2507 1678 2598 materia

180 2637 348 2748 Ωιιοαά,
373 2667 474 2753 pap.
501 2637 662 2758 5263.
686 2637 889 2723 Minoaue.
948 2669 1054 2758 pop.
1091 2640 1184 2728 526
1217 2637 1261 2759 3.
1301 2637 1507 2724 Minoaue.

274 2763 374 2877 lpso
411 2791 495 2848 non
539 2777 723 2878 excepto
758 2757 893 2874 privi-
1048 2762 1167 2850 Etsi
1200 2756 1555 2880 quadragenaria
1597 2752 1668 2854 sit,

177 2885 291 3003 legio
322 2915 425 3000 pap.
461 2883 552 2972 503
577 2883 622 3004 3
648 2884 728 2969 Eo.
956 2903 1087 3005 atque
1110 2885 1254 3003 agitur
1271 2885 1327 2972 de
1347 2878 1542 2999 personis
1558 2905 1675 2994 quae

226 3093 230 3104 ,
271 3007 430 3094 Limita
463 3025 607 3094 tameo
659 3005 714 3094 ad
749 3005 894 3123 privi-
957 3011 1001 3096 in
1035 3007 1263 3120 funeribus
1299 3002 1566 3093 intervenire
1603 2997 1678 3085 de·

177 3129 342 3247 legium
387 3130 507 3247 quod
555 3132 669 3219 valet
709 3128 767 3217 de
801 3129 893 3216 iure
954 3132 1151 3220 hentest
1186 3121 1678 3240 attendendapap.525

179 3254 406 3342 communi
442 3253 655 3370 possideri
676 3283 780 3368 pap.
803 3251 893 3338 106
957 3257 1002 3378 3.
1044 3255 1220 3342 Corttra.

179 3374 224 3496 3.
262 3375 447 3464 Sextuut.
1048 3376 1330 3467 Consuetudo
1381 3371 1506 3464 unico
1576 3383 1675 3454 actu

273 3501 382 3586 item
416 3498 746 3615 beneplacitum
781 3502 896 3617 Apo·
956 3501 1175 3592 contrario
1209 3499 1280 3586 vel
1313 3493 1507 3586 diiiormi
1557 3519 1677 3579 rum-

175 3621 378 3710 stoiicum
408 3651 689 3740 praesumere
719 3623 820 3710 iacit
847 3623 895 3710 ti·
957 3626 1078 3742 pitur
1107 3653 1211 3739 pop.
1249 3621 1332 3710 221
1377 3619 1421 3741 3.
1450 3613 1611 3704 Nihili.

179 3763 248 3834 cet
266 3775 353 3831 non
376 3745 612 3862 probatum
621 3777 724 3862 pap.
741 3743 890 3867 1003.
982 3773 983 3776 ‘
1048 3749 1158 3834 item
1192 3747 1380 3864 probata
1404 3769 1488 3827 non
1515 3736 1677 3824 dieitur

182 3867 350 3979 Quoad,
372 3897 476 3985 pop.
504 3870 595 3956 526
619 3869 663 3990 3.
687 3870 890 3962 Minoaue.
956 3871 991 3960 si
1025 3883 1192 3960 constet
1216 3869 1274 3957 de
1298 3865 1425 3956 unico
1449 3877 1548 3950 actu
1573 3888 1677 3946 con-

174 4023 280 4108 pup.
319 3992 401 4078 541
445 3990 490 4112 3.
528 3993 688 4080 Omnis.
958 3993 1092 4082 trario
1127 3991 1237 4080 ibid.

273 4113 402 4202 Unde
428 4147 508 4232 per
530 4113 892 4204 consuetudinem
1049 4115 1260 4226 Quamvis
1304 4115 1518 4202 darentur
1551 4104 1675 4192 mitte

178 4237 478 4326 centenariam
514 4239 581 4324 vet
616 4239 896 4326 immemoru-
957 4255 1076 4328 actus
1111 4270 1189 4356 pro
1223 4231 1542 4327 consuetudine
1564 4226 1672 4313 ibid.

177 4361 319 4450 bitem
357 4359 569 4448 tolluntur
590 4379 635 4450 et
669 4361 897 4449 moderan·
923 4453 928 4464 ,
1050 4361 1330 4450 Consuetudo
1354 4354 1438 4443 iuri
1462 4349 1677 4440 contraria

182 4504 254 4573 tur
286 4483 610 4573 Ecclesiastieae
645 4485 762 4604 leges
785 4513 889 4598 pap.
957 4515 1070 4604 quae
1104 4483 1266 4602 repetit
1298 4509 1421 4570 suaru
1456 4472 1675 4592 originem

179 4609 241 4696 73
276 4605 321 4728 3.
355 4603 552 4722 Sinpnios
580 4639 684 4726 pop.
720 4607 802 4695 541
847 4605 893 4729 3.
960 4641 985 4698 a
1017 4605 1296 4696 conniventia
1319 4621 1363 4692 et
1388 4595 1676 4718 permissione

181 4732 346 4818 Omttt's·
957 4747 1299 4832 antecessorum,
1333 4755 1417 4814 non
1456 4717 1678 4839 praeiudi·

276 4853 600 4942 Paroehiaiium
636 4856 796 4944 iurium
835 4871 896 4943 ta·
958 4869 1027 4944 cat
1069 4853 1421 4950 successoribus,
1459 4845 1591 4932 etiam
1641 4839 1676 4925 si

181 5005 285 5064 men
321 4975 481 5066 laesiva
530 4991 755 5097 tamquam
801 5009 895 5066 cor·
958 4993 1070 5065 esset
1124 5007 1205 5093 per
1253 4979 1434 5090 longum
1486 4983 1673 5084 tempus.

182 5099 893 5221 rupteiahaberidebetpu9.i(i3
955 5133 1058 5218 pap.
1095 5101 1186 5188 523
1220 5097 1266 5220 3.
1304 5098 1457 5213 Neque.

182 5225 228 5348 3.
267 5225 374 5322 Non,
410 5257 511 5342 pap.
549 5225 639 5315 523
667 5225 713 5350 3.
745 5228 893 5343 Neque.

277 5349 454 5465 Necnon
472 5349 507 5438 si
536 5349 785 5440 Tridentini
822 5351 899 5437 ob·
1055 5345 1168 5435 Vide
1202 5346 1463 5462 Episcopus,
1491 5337 1674 5550 713οη16.
