4530 6336
685 376 768 462 Die
798 377 859 466 26
890 377 998 466 felii
1033 379 1168 470 1879.
1585 389 1678 476 3⁷5

184 496 292 616 legis
325 495 553 615 ipsiusne
584 497 792 618 propriae
825 502 1057 592 creationis
1091 517 1135 592 ct
1167 504 1446 596 iustitutionis
1488 509 1673 600 subver-

188 637 300 712 teret
333 620 571 720 obiectum.

300 744 459 859 'Atque
491 741 573 831 boc
605 745 868 833 examussim
912 746 1103 836 infacto
1137 750 1391 856 accideret,
1438 754 1473 841 si
1519 751 1680 844 admit·

186 882 365 967 teretur,
392 863 511 982 quod
547 879 725 956 testator
757 867 937 957 Messina
970 870 1210 961 Canonicos
1254 874 1312 960 ab
1361 873 1453 994 ipso
1501 875 1671 993 crigen-

187 993 266 1084 dos
297 986 356 1076 ad
388 986 679 1078 confessiones
711 989 954 1080 audiendas
1009 993 1143 1082 etiam
1192 1011 1389 1113 tempore
1438 998 1578 1086 divini
1614 1000 1680 1086 of·

188 1112 273 1205 ficii
310 1142 395 1200 non
433 1110 575 1200 minus
608 1144 740 1232 quam
775 1113 831 1203 ad
866 1114 1141 1229 psallendum
1177 1116 1220 1205 iu
1254 1119 1386 1208 cboro
1410 1119 1675 1209 indiscrimi-

194 1236 333 1326 natim
369 1233 567 1350 obligare
600 1236 819 1340 voluisset,
850 1236 1063 1354 quoniam
1114 1236 1220 1328 dum
1270 1244 1671 1362 unusquisquefla-

186 1361 368 1449 nonieus
400 1358 500 1445 lruic
532 1357 788 1474 obligationi
822 1359 1069 1449 satisfacere
1088 1381 1378 1478 percenseret,
1406 1397 1454 1454 ac
1477 1366 1681 1483 respecti·

189 1516 244 1572 ve
277 1481 524 1571 facultatem
561 1480 647 1596 sibi
683 1514 762 1600 per
794 1497 1044 1572 testatorem
1080 1515 1330 1574 concessam
1370 1515 1573 1576 exercere
1607 1518 1676 1574 ar-

188 1607 443 1707 bitraretur,
501 1603 706 1723 perfacile
740 1638 763 1694 n
796 1605 938 1696 Choro
973 1637 1083 1696 unus
1117 1623 1213 1724 post
1255 1607 1387 1696 alium
1439 1609 1597 1713 abiret,
1625 1638 1673 1697 nc

187 1728 344 1820 divina
376 1725 637 1846 psalmodia,
666 1727 706 1816 in
741 1759 829 1846 qua
862 1729 1181 1820 Canonicorum
1214 1731 1410 1820 consistit
1457 1731 1669 1836 officium,

191 1851 371 1971 penitus
402 1849 730 1954 conticesceret,
758 1851 802 1941 id
835 1851 953 1970 quod
991 1853 1238 1942 nullatenus
1260 1853 1433 1944 admitti
1469 1883 1595 1972 posse
1621 1854 1682 1940 vi·

190 1977 336 2078 detur,
363 2003 463 2062 cum
498 1973 540 2061 in
576 1973 759 2062 arbitrio
793 1974 1112 2066 Canonieorum
1166 1977 1409 2068 remitteret
1445 1975 1679 2066 institutio·

189 2127 292 2188 nem
329 2096 468 2214 ipsam
504 2095 703 2186 funditus
736 2098 1037 2215 pessumdare.
1063 2101 1154 2187 lloe
1187 2100 1320 2217 igitur
1368 2131 1423 2190 ex
1464 2098 1677 2190 blossinae

189 2219 449 2340 fondatione
482 2219 575 2307 erui
611 2249 734 2334 posse
769 2220 958 2323 ridetur,
985 2221 1103 2338 quod
1139 2221 1344 2311 Canoniei
1394 2223 1587 2312 debeant
1623 2219 1682 2308 fa·

188 2343 398 2434 cultatem
431 2341 639 2430 audiendi
674 2342 873 2434 fidelium
897 2343 1217 2434 confessionem
1241 2346 1462 2451 obtincrc;
1491 2346 1681 2434 eiusmo-

191 2467 236 2556 di
270 2481 416 2553 autem
450 2463 655 2553 exercitio
689 2466 877 2582 perinde
912 2467 1167 2556 incumbere
1201 2498 1280 2585 pro
1307 2468 1562 2558 necessitate
1585 2465 1684 2582 qui·

187 2591 291 2680 dem
326 2587 541 2690 fidelium,
568 2587 644 2676 sed
680 2605 895 2706 quotenus
927 2619 1081 2679 verum
1116 2621 1165 2678 ac
1190 2589 1418 2710 proprium
1442 2589 1683 2681 Canonico-

188 2744 290 2802 rum
324 2709 518 2799 officium
553 2711 730 2800 divinae
762 2711 1032 2832 psalmodiae
1083 2713 1270 2803 vacandi
1320 2744 1405 2801 non
1450 2709 1677 2804 intermit-

194 2853 303 2924 tant.

196 3017 199 3028 ·
313 2959 401 3047 Nec
433 2954 589 3047 iisdem
623 2945 851 3048 Canonicis
884 2956 1111 3077 suffragari
1167 2959 1343 3048 videtur
1392 2955 1675 3048 observantia

188 3111 265 3170 seu
289 3081 576 3181 cousuetudo,
604 3111 737 3199 qnam
763 3082 819 3170 ab
841 3082 1060 3170 erectione
1083 3083 1270 3199 viguisse
1294 3080 1532 3186 affirmant;
1560 3107 1686 3198 proe-

191 3221 259 3292 tcr
292 3205 412 3294 enim
447 3234 579 3321 quam
614 3203 732 3322 quod
769 3234 823 3292 ex
858 3205 1138 3322 responsione
1160 3207 1218 3293 ab
1243 3207 1456 3322 Episcopo
1478 3203 1580 3292 huic
1602 3202 1685 3290 ob-

191 3326 371 3416 iectioni
405 3326 506 3415 data
540 3326 811 3416 consuetudo
845 3326 1092 3417 istiusmodi
1140 3358 1225 3417 uon
1277 3329 1508 3446 probatur,
1536 3353 1683 3442 neque

192 3447 325 3539 ctiam
360 3467 472 3538 essct
503 3449 805 3554 substincnda,
838 3451 983 3568 prouti
1032 3451 1167 3539 tradit
1214 3450 1433 3537 Passerini
1481 3449 1540 3536 orl
1589 3475 1682 3562 cop.

195 3570 539 3663 Consuetudinem
573 3571 639 3660 De
671 3573 826 3660 Cierio.
868 3604 951 3660 non
983 3573 1181 3662 resident.
1219 3575 1249 3660 6
1281 3605 1370 3690 rep.
1409 3574 1470 3661 10
1514 3605 1557 3659 η.
1597 3571 1689 3658 163

192 3737 211 3776 ε
250 3698 443 3820 praecisa
478 3696 764 3813 deputatione
800 3697 866 3784 vel
892 3695 1077 3813 legitimi
1100 3696 1349 3813 Superioris
1384 3695 1560 3785 lieentia
1585 3721 1687 3782 eon·

195 3861 212 3899 ι
253 3820 488 3910 suetudine
522 3818 744 3908 introduci
780 3850 864 3908 non
901 3833 1061 3935 potest,
1088 3837 1135 3907 ut
1177 3819 1387 3908 Cauouiei
1423 3849 1507 3908 non
1543 3817 1682 3904 iuter·

195 3985 212 4024 ι
252 3960 442 4035 essentcs
497 3943 641 4034 Choro
674 3961 802 4032 cansa
825 3941 1080 4032 celebrandi
1103 3941 1248 4032 Missas
1270 3943 1478 4060 privatas,
1510 3943 1681 4030 lucren-

195 4108 211 4146 ι
252 4083 323 4156 tur
355 4065 703 4171 distributiones
748 4096 851 4153 nam
894 4095 1022 4154 causa
1069 4065 1291 4156 excitandi
1325 4063 1569 4155 Canonicos
1620 4057 1681 4148 ad

197 4233 213 4268 ι
255 4191 529 4308 frequentem
562 4188 904 4278 celebrationem
939 4217 1040 4275 cum
1083 4187 1351 4307 praeiudicio
1401 4182 1688 4304 obligationis

197 4353 214 4392 ι
253 4311 310 4400 ad
344 4312 525 4400 chorum
560 4342 639 4402 nec
671 4327 737 4402 est
769 4309 1055 4412 rationabilis,
1086 4342 1163 4400 nce
1198 4341 1309 4400 nova
1342 4341 1471 4400 causa
1504 4326 1548 4398 et
1579 4333 1683 4424 spe·

195 4476 212 4514 ι
254 4433 392 4541 cialis,
418 4431 495 4522 scd
530 4434 746 4550 generalis
779 4451 823 4524 et
856 4433 1056 4552 praevisa
1087 4466 1112 4553 a
1148 4435 1242 4522 iure
1269 4433 1576 4554 etreprobata
1621 4455 1683 4516 ex

196 4600 212 4635 ι
257 4589 310 4646 co
343 4556 464 4676 quod
500 4571 667 4648 tantum
703 4573 787 4648 tras
819 4557 930 4647 aliae
963 4557 1139 4646 fuerunt
1173 4557 1460 4678 approbatam
1487 4569 1525 4642 et
1560 4549 1672 4638 idem

198 4723 215 4761 ι
258 4677 481 4768 dicendum
512 4678 566 4768 dc
595 4679 826 4769 absentibus
848 4713 971 4769 corson
992 4682 1294 4800 confessionum
1316 4676 1625 4770 audiendorum
1657 4712 1672 4748 ·

186 4822 318 4928 atque
350 4802 451 4891 lruic
484 4803 725 4895 sententiae
758 4805 998 4894 adhaerent
1031 4805 1252 4921 Fopnenus
1286 4805 1331 4892 in
1353 4833 1445 4919 cop.
1473 4801 1588 4888 Licet
1616 4795 1679 4882 De

189 4926 418 5045 praebend.
444 4959 558 5015 nutn.
584 4926 690 5032 ll8,
722 4943 761 5016 et
796 4925 949 5016 Bened.
973 4925 1094 5018 XIV
1117 4927 1256 5014 instit.
1289 4927 1378 5016 107
1406 4959 1450 5013 n.
1477 4924 1553 5014 76.
1809 5027 1823 5037 „

319 5053 418 5164 Quo
449 5065 598 5141 autem
648 5051 818 5168 plenior
851 5081 905 5139 ex
949 5050 1165 5168 exemplis
1198 5051 1243 5140 S.
1279 5051 1334 5137 H.
1371 5049 1427 5139 0.
1465 5044 1678 5136 reddatur

189 5175 512 5264 controversiae
554 5173 771 5280 defruitio,
823 5191 1072 5290 opportuno
1102 5172 1317 5263 succurrit
1362 5170 1573 5261 iudicium
1620 5163 1676 5252 ab

190 5297 348 5388 eodem
374 5301 420 5390 S.
458 5301 514 5388 0.
541 5298 765 5415 prolatum
799 5295 842 5386 in
878 5297 1162 5414 Apripcntinn
1193 5293 1548 5385 Distributionrnn
1584 5285 1676 5376 dici

192 5421 415 5539 lAprilis
448 5422 587 5525 1876,
626 5419 789 5540 inqua
828 5449 882 5508 ex
915 5419 1116 5536 Episcopi
1165 5419 1378 5508 relatione
1428 5411 1671 5514 constabat,

169 5543 472 5664 incapitulo
522 5543 636 5632 illius
679 5541 993 5665 Agrigentinac
1051 5542 1265 5634 Ecclesiae
1313 5533 1684 5634 cousuetudinem
