4350 6326
521 384 613 473 492
951 380 1028 467 Die
1056 381 1120 468 20
1151 379 1401 496 Septembris
1435 381 1573 472 t879.

523 505 641 595 dices
685 501 732 594 id
764 501 1099 620 intelligendum
1141 534 1234 593 esse
1268 518 1370 593 ante
1405 501 1730 592 inchoationem
1769 502 1899 602 sacri,
1949 500 2021 586 vel

527 629 621 744 ipso
649 625 841 742 expleto.
887 626 1008 714 Licet
1040 623 1157 714 enim
1197 626 1242 716 id
1285 627 1400 716 clare
1438 655 1525 714 non
1572 639 1757 726 constet,
1809 642 2026 712 attamen

527 746 656 839 sicuti
690 747 804 838 inter
835 747 1060 836 lllissarum
1092 747 1304 838 solemnia
1336 747 1648 838 inconveniens
1683 765 1852 836 nonest
1874 749 2033 834 Evan-

529 871 693 991 gelium
728 871 983 987 explanare,
1022 872 1164 988 pronti
1200 871 1345 990 praxis
1379 871 1523 972 docet,
1561 899 1706 986 neque
1739 871 1916 988 pariter
1941 867 2031 954 erit

529 993 793 1084 cateolmmim
828 993 1072 1110 perlegere.
1500 1005 1507 1017 ’

654 1117 804 1233 Neque
836 1115 1079 1204 subsidium
1115 1115 1280 1234 pariter
1311 1135 1485 1232 captare-
1520 1116 1666 1204 valent
1709 1115 1926 1206 Canonici
1977 1143 2035 1200 ex

531 1255 694 1328 asserta
726 1237 908 1356 arttiqna
941 1237 1294 1344 consuetudine,
1331 1269 1418 1356 qua
1451 1268 1497 1326 se
1530 1238 1756 1328 adstrictos
1798 1235 2033 1324 affirmant

536 1403 554 1442 ι
595 1360 663 1448 uei
698 1361 839 1476 giomi
872 1359 1014 1450 lestivi
1048 1393 1072 1448 a
1105 1361 1334 1450 celebrare
1375 1391 1453 1480 per
1480 1375 1670 1450 turno...
1717 1357 1775 1450 ed
1815 1360 2033 1448 assistere

536 1526 555 1563 a
595 1515 618 1570 a
651 1481 739 1570 due
772 1486 924 1586 lllesse,
961 1482 1053 1570 cioie
1087 1483 1127 1571 la
1160 1483 1457 1572 Conventuale
1490 1485 1677 1572 el’altra
1693 1483 1774 1570 che
1791 1481 1825 1570 si
1838 1481 2030 1570 celebra

538 1646 555 1683 c
595 1603 773 1722 quando
808 1605 1066 1696 incomincia
1101 1605 1144 1692 in
1175 1636 1276 1696 coro
1308 1605 1350 1694 la
1383 1605 1515 1694 recita
1547 1605 1606 1696 od
1640 1605 1667 1693 il
1702 1620 1830 1693 canto
1857 1604 1939 1692 del
1965 1604 2035 1692 di·
2159 1659 2160 1706 3

538 1771 554 1806 ι
595 1727 696 1814 vino
727 1723 866 1814 officio
905 1762 943 1833 »3
981 1727 1217 1844 Episcopus
1251 1729 1369 1816 enim
1408 1729 1584 1848 excipit,
1613 1729 1721 1816 lnaec
1758 1725 1909 1814 omnia
1952 1757 2031 1814 ve-

531 1848 650 1937 ritati
685 1878 772 1936 noo
800 1880 1054 1970 congruere,
1092 1849 1214 1968 quod
1254 1870 1302 1939 ut
1345 1851 1540 1970 probet,
1588 1853 1781 1940 iuratum
1822 1849 2033 1938 testimo·

532 1971 656 2059 nium
692 1969 815 2058 allert
853 1987 1043 2088 quatuor
1081 1971 1365 2064 Sacerdotula
1410 1977 1528 2064 omni
1568 1974 1827 2090 exceptione
1869 1973 2030 2059 maio-

531 2121 648 2198 rum,
687 2093 762 2210 qui
806 2123 960 2183 omnes
999 2127 1084 2184 uno
1115 2126 1191 2185 ore
1228 2096 1436 2201 latentur,
1473 2115 1684 2188 assertam
1721 2128 1746 2182 a
1785 2094 2026 2184 Canonicis

532 2214 846 2330 obligationem
883 2216 1123 2306 nullimode
1145 2218 1397 2323 subsistere,
1425 2219 1695 2340 eosdemque
1719 2217 1862 2334 primo
1888 2245 2027 2304 manc

531 2337 654 2426 etad
678 2337 907 2426 arbitrium
931 2357 975 2429 et
999 2341 1280 2430 commodum
1311 2371 1438 2431 sunm
1464 2343 1690 2432 celebrare
1717 2339 2022 2428 consuevisse,

657 2459 788 2546 Nihili
823 2461 1003 2551 tandem
1036 2462 1260 2554 laciendae
1295 2465 1501 2556 videntur
1542 2463 1750 2584 querelae
1784 2494 1808 2549 a
1840 2461 2024 2552 Contra·

534 2579 812 2670 ternitatibus
842 2585 1118 2675 Atriensibus
1160 2601 1413 2705 porrectae,
1460 2591 1628 2676 etenim
1662 2585 1718 2674 ad
1751 2582 2020 2701 Episcopum

532 2703 608 2823 qui
643 2719 788 2820 pastor
820 2707 1036 2797 Dominici
1074 2711 1218 2829 gregis
1255 2727 1335 2818 est,
1362 2711 1554 2828 pertinet
1587 2741 1638 2800 ea
1672 2708 1823 2796 omnia
1853 2723 2022 2794 statue·

532 2855 578 2912 re
612 2827 802 2942 quaein
836 2830 1062 2948 spirituale
1085 2832 1238 2952 populi
1269 2835 1441 2924 bonnm
1476 2849 1691 2952 vergunt3
1728 2829 1918 2948 populus
1942 2861 2021 2916 au·
2159 2929 2160 2952 Ν

532 2960 638 3052 tem,
661 2946 735 3065 qui
761 2963 804 3036 et
831 2952 1219 3045 Cortlraternitates
1251 2957 1602 3076 comprehendit,
1638 2985 1726 3044 non
1765 2952 2020 3070 praecipere

531 3069 608 3158 scd
631 3069 938 3162 sublimiorum
974 3091 1239 3195 potestatum
1281 3079 1500 3170 mandatis
1546 3091 1801 3169 reverenter
1833 3075 2017 3166 obedire

533 3207 724 3281 tenetur.

649 3317 760 3404 Cum
781 3333 926 3407 autom
945 3352 1073 3412 nemo
1091 3323 1204 3414 adsit
1221 3325 1296 3445 qui
1316 3339 1765 3442 praememoratarurn
1777 3319 2018 3412 Contratcr·

536 3435 727 3526 nitatum
763 3439 860 3529 iura
882 3442 1107 3550 defendat,
1134 3481 1190 3538 cx
1212 3447 1348 3537 officio
1370 3449 1721 3539 animadvertam
1739 3443 1858 3566 quod
1875 3473 1928 3531 ex
1952 3441 2017 3530 di·

534 3559 770 3676 spositione
794 3562 1025 3656 Pinnensis
1049 3571 1246 3689 Episcopi
1282 3573 1377 3688 plus
1411 3573 1516 3661 mali
1541 3601 1673 3690 quam
1695 3569 1803 3657 boui
1826 3565 1930 3656 oriri
1955 3565 2014 3650 vi·
2156 3685 2157 3688 w

531 3679 688 3786 delur,
715 3683 992 3808 subindeque
1024 3691 1413 3784 Contraternitates
1447 3727 1471 3783 a
1507 3695 1580 3783 tali
1615 3691 1881 3811 praescripto
1914 3717 2013 3776 exo·

532 3804 752 3940 parandas
784 3837 894 3898 esse.
930 3815 992 3900 llo
1015 3813 1084 3902 vel
1110 3815 1248 3933 magis
1270 3817 1372 3935 quia
1406 3847 1485 3906 nec
1518 3814 1665 3906 deficit
1687 3816 1731 3902 in
1755 3844 1807 3902 ea
1832 3811 2012 3929 regione

534 3928 780 4030 instructio,
820 3960 900 4019 nec
933 3933 1154 4052 simplices
1183 3939 1441 4030 Sacerdotes
1484 3941 1560 4059 qni
1610 3969 1696 4026 non
1747 3967 1802 4024 ex
1851 3933 2013 4022 iustitia
2155 4007 2156 4019 a

531 4043 611 4132 sed
634 4077 687 4134 ex
709 4050 922 4142 charitate
944 4055 1188 4150 doctrinam
1215 4063 1388 4152 tradere
1411 4077 1628 4165 tenentur,
1655 4059 1772 4177 adigi
1796 4089 1923 4178 posse
1948 4055 2010 4141 vi·

534 4165 697 4308 dentur
719 4171 774 4260 ad
797 4203 893 4260 eam
931 4179 1190 4271 tradendam
1225 4201 1268 4272 et
1300 4185 1484 4303 quidem
1507 4185 1593 4274 suh
1620 4183 1741 4302 gravi
1776 4180 2016 4298 suspensio·
2085 4293 2087 4298 ,
2154 4223 2155 4235 κ

531 4317 600 4376 nrs
623 4321 783 4406 poena.
809 4297 900 4386 Hoc
922 4318 1069 4391 autem
1093 4303 1260 4396 lucilius
1281 4309 1493 4398 suadetur
1515 4339 1568 4396 ex
1591 4305 1875 4426 responsione
1898 4305 1943 4394 S.
1962 4303 2009 4391 C.
2153 4417 2154 4420 Ν

533 4411 579 4497 in
604 4413 848 4505 Neritoaea.
872 4423 1071 4540 superius
1104 4429 1263 4531 relata,
1290 4462 1424 4549 quam
1448 4432 1687 4549 Episcopus
1720 4427 1763 4514 in
1798 4426 1862 4515 sui
1896 4428 2013 4512 lavo·
2153 4425 2154 4451 ¹

533 4563 629 4624 rem
666 4539 852 4629 invocat.
889 4546 1007 4634 Licet
1041 4550 1158 4638 euim
1193 4552 1347 4641 modus
1380 4587 1404 4641 a
1438 4543 1565 4644 SssO.
1593 4551 1834 4669 explicatus
1866 4547 2009 4646 luerit,
2152 4627 2153 4667 p

532 4656 789 4794 alodialem
822 4665 1098 4760 substineant
1131 4688 1290 4762 tontum
1322 4675 1460 4793 qttoad
1491 4673 1731 4766 Sacerdotes
1768 4669 2013 4759 celebrantes

533 4809 578 4864 m
611 4779 810 4872 Ecclesiis
842 4793 1060 4882 ruraliter
1090 4809 1128 4882 et
1159 4795 1299 4914 quood
1329 4799 1569 4889 Sacerdotes
1606 4798 1678 4916 qui
1712 4796 1883 4883 Missam
1916 4793 2013 4879 cele·
2151 4815 2152 4883 l

533 4897 711 4994 beabunt
734 4909 778 4994 in
810 4909 910 5000 aliis
932 4915 1132 5005 Ecclesiis
1153 4935 1247 5007 cate
1277 4936 1409 5010 tamea
1433 4923 1604 5011 Missam
1626 4916 1926 5038 parochialem
1952 4929 2013 5002 at·
2150 5005 2151 5028 Ν

535 5037 685 5114 tamen
718 5028 877 5122 iterem
901 5069 1030 5126 cansa
1053 5041 1246 5131 discussa
1267 5044 1351 5132 sub
1383 5045 1520 5136 dubio
1543 5087 1558 5124 ι
1587 5050 1653 5134 Aa
1669 5046 1725 5132 sit
1741 5039 1933 5131 stoodom
1954 5033 2016 5123 ael
2150 5031 2151 5099 l

532 5148 800 5286 recedendum
834 5189 860 5242 a
893 5157 1042 5248 decisis
1077 5165 1121 5250 ia
1143 5197 1238 5252 casa
1267 5207 1285 5246 ι
1310 5197 1565 5285 responsum
1585 5167 1696 5258 fuit:
1725 5163 1797 5252 Ad
1815 5161 1932 5251 tta
1949 5159 2013 5246 de·

533 5297 632 5357 cesis
655 5274 775 5364 irrata
808 5279 989 5372 randum.
1028 5285 1177 5375 Modus
1198 5303 1257 5376 est
1280 5288 1504 5380 substineri
1521 5292 1700 5381 edictam
1722 5285 1861 5406 quoad
1877 5282 2013 5374 Eccle-

532 5389 617 5478 sias
639 5399 803 5488 rurales
822 5419 995 5506 tantum,
1017 5409 1180 5498 motata
1198 5441 1333 5527 poena
1354 5419 1647 5532 suspensionis,
1669 5435 1708 5508 et
1729 5419 2009 5536 Episcopusse
