4558 6340
1032 330 1114 416 Die
1144 327 1206 418 26
1241 325 1412 444 Aprilis
1446 327 1584 416 t879.

1222 573 1415 662 Novae

885 821 1735 954 ANIMADVERSIONES

771 1101 1116 1190 tinrausoms
1150 1101 1489 1188 nurntnoun
1523 1101 1601 1186 nx
1634 1101 1858 1192 onntcto

818 1497 1152 1585 Eminentissimi
1185 1510 1223 1581 ct
1258 1493 1608 1582 Reverendissimi
1643 1495 1791 1584 Patras

694 1891 736 1974 t.
774 1779 918 1980 luter
949 1884 1161 1974 audacem
1198 1885 1278 1972 viri
1303 1885 1622 2002 impatientiam
1642 1901 1684 1973 et
1707 1881 1953 1972 affectatam
1979 1885 2056 1974 im·

566 2007 855 2102 becitlit'atem
893 2008 1087 2096 mulieris
1112 2009 1378 2098 matrimonii
1404 2041 1532 2098 causa
1559 2039 1736 2096 versans
1761 2009 1803 2092 in
1829 2005 1908 2096 hac
1929 2039 2061 2126 quae·

567 2137 728 2236 stione,
753 2133 941 2222 infausto
964 2131 1119 2248 sydera
1145 2132 1351 2220 occubuit
1376 2131 1656 2248 insuperiori
1687 2131 1944 2220 discrimine
1979 2133 2065 2222 diei

570 2259 632 2348 25
667 2255 867 2345 transacti
903 2255 1061 2342 mensis
1097 2256 1302 2360 Ianuarii,
1329 2286 1466 2372 quum
1509 2251 1880 2372 dispensationem
1922 2275 2062 2370 postu-

567 2382 706 2470 lantes
738 2379 991 2467 Franciscus
1026 2379 1164 2480 Pizzo,
1192 2381 1267 2496 qui
1302 2409 1435 2466 novas
1467 2409 1516 2468 ac
1549 2379 1721 2464 inutiles
1776 2377 1953 2494 nuptias
1997 2411 2065 2466 co-

567 2534 661 2593 ram
687 2501 805 2594 civiti
841 2501 1090 2617 Magistratu
1125 2501 1236 2588 inire
1259 2503 1538 2618 pertentavit,
1567 2519 1611 2588 et.
1645 2502 1824 2588 Viotaus
1859 2499 2062 2606 Arduini,

567 2659 699 2746 quarn
736 2625 923 2741 coniugii
947 2655 1045 2711 cum
1081 2623 1237 2712 eodem
1262 2625 1472 2714 contracti
1498 2623 1804 2740 intempestivo
1828 2625 2063 2738 poenituit,

566 2752 655 2838 voti
688 2766 912 2868 compotes
948 2747 1130 2833 tuissent
1165 2745 1325 2836 effecti.
1353 2749 1521 2864 ingenti
1560 2747 1740 2864 quidem
1796 2745 2066 2836 testimonio-

568 2903 664 2958 rum
699 2873 875 2958 cohorte.
912 2869 1148 2988 procubuit
1180 2901 1406 2990 oppressa.
1434 2873 1554 2958 Unus
1597 2887 1775 2956 econtra
1810 2869 1929 2956 testis
1963 2869 2066 2958 ade·

568 3011 650 3096 rat,
678 3009 721 3080 et
754 2993 934 3113 quidum
969 2993 1182 3085 Sacerdos
1233 2993 1458 3106 Regularis
1492 3008 1536 3082 et
1586 2991 1950 3110 probatissimus,
1986 2995 2063 3112 qui

567 3116 771 3206 omnibus
804 3115 1152 3204 contradicebat.
1178 3119 1327 3204 Testes
1362 3117 1528 3204 inducti
1576 3117 1860 3232 deponebant
1894 3113 1951 3202 de
1986 3149 2060 3202 ou-

570 3239 680 3336 ditn,
708 3255 752 3324 et
784 3237 841 3325 de
875 3239 1042 3354 privata
1097 3240 1356 3328 eorumdem
1405 3241 1614 3357 opinione
1647 3271 1701 3326 cx
1735 3239 1896 3326 auditis
1931 3231 2063 3330 rebus

569 3379 793 3475 concepta3
823 3361 1061 3478 Religiosus
1095 3395 1201 3450 vero
1233 3395 1259 3452 a
1291 3367 1336 3456 S.
1366 3363 1446 3453 hoo
1466 3363 1633 3452 Ordine
1666 3361 1900 3480 requisitus
1923 3359 2059 3478 depo-

572 3483 661 3573 suit
694 3484 751 3571 de
785 3485 896 3572 tacto
931 3483 1108 3602 proprio
1142 3485 1264 3575 etde
1299 3485 1410 3574 visu.
1439 3488 1501 3574 ΙΙΙί
1526 3485 1797 3574 affirmabant
1827 3515 2067 3603 numquam

569 3607 777 3722 coniuges
821 3638 899 3694 nec
932 3607 1202 3696 cohabitasse
1246 3641 1325 3696 nec
1356 3610 1685 3714 condormiisse3
1724 3610 1844 3700 unde
1878 3611 2062 3696 reeban·

572 3749 644 3818 tur
667 3761 747 3817 nec
781 3731 935 3818 uxorio
983 3729 1121 3819 officio
1157 3761 1336 3820 navasse
1385 3732 1680 3850 operamflic
1703 3750 1898 3821 econtra
1932 3731 2067 3850 depo-

568 3855 720 3957 nebat,
747 3884 792 3940 se
818 3884 901 3939 una
935 3883 1032 3939 cum
1069 3884 1253 3969 sponsae
1287 3853 1419 3940 fratre
1442 3855 1500 3944 ad
1524 3856 1737 3971 nuptialia
1772 3855 1955 3944 bettaria
1987 3856 2066 3941 de-

571 3975 783 4090 gustanda
816 3976 1053 4065 adeuntem
1099 3975 1304 4093 coniuges
1327 3977 1448 4064 domi
1475 3977 1711 4084 invenisse,
1738 3977 1898 4065 absente
1917 3993 2054 4094 putre,

570 4096 690 4214 quod
727 4097 843 4184 idem
885 4116 975 4203 est,
1025 4101 1143 4187 nudo
1191 4115 1314 4188 teste.
1362 4101 1662 4188 Veruntamen
1697 4134 1797 4190 curn
1841 4101 1896 4189 de
1939 4102 2065 4189 unico

572 4235 681 4306 tosta
704 4239 920 4336 ageretur,
936 4223 1096 4311 nudam
1123 4221 1255 4311 tidem
1282 4223 1375 4340 ipse
1397 4223 1479 4310 sibi
1503 4223 1768 4313 conciliavit.
1789 4223 1972 4312 Confido
1998 4225 2061 4310 ni·

572 4340 825 4446 hito'minus,
853 4343 972 4464 quod
997 4344 1128 4435 bodie
1153 4377 1299 4448 mane,
1340 4345 1649 4434 incertitudine
1683 4347 2066 4434 inconsummatio-

572 4465 639 4552 nis
661 4467 844 4554 carnatis
879 4468 1135 4556 luculentius
1159 4471 1471 4573 demonstrata,
1500 4471 1567 4556 vet
1591 4469 1963 4590 dispensationem
1990 4499 2063 4585 pe-

571 4587 690 4674 nitus
725 4587 980 4694 inficiantes,
997 4593 1067 4680 vel
1100 4624 1152 4680 ea
1184 4625 1272 4712 qua
1316 4592 1489 4708 fulgetis
1528 4594 1761 4712 prudentia
1797 4610 1841 4680 et
1879 4591 2061 4696 iustitia,

571 4708 899 4824 diligentiorem
925 4717 1098 4802 testium
1125 4717 1452 4835 inquisitionem
1475 4715 1813 4819 demandantes
1851 4733 2067 4834 opportu-

574 4829 673 4918 nius
708 4833 999 4922 incotumitati
1032 4839 1302 4928 Sacramenti
1338 4838 1570 4927 consulatis
1595 4840 1795 4956 perinde.

700 4956 747 5042 2.
784 4957 934 5068 Quum
959 4963 1285 5050 sacramentalis
1304 4961 1913 5052 vinculi'indissolubilitatem
1931 4958 1985 5050 eir
2002 4959 2068 5048 di·
2166 4994 2168 4998 ’

572 5075 676 5164 vina
698 5078 973 5169 institutione
992 5080 1162 5171 hauriat
1180 5085 1527 5188 matrimonium,
1543 5101 1587 5174 et
1603 5117 1740 5207 quum
1762 5116 1840 5201 per
1858 5085 2063 5173 unionem

573 5229 806 5316 corporum
824 5203 1317 5324 ineffabilemysterium
1341 5209 1515 5296 unionis
1532 5211 1669 5298 Verbi
1689 5209 1838 5295 Divioi
1863 5239 1964 5296 eum
1990 5211 2065 5296 Ec·

570 5321 698 5409 clesia
715 5323 757 5409 in
778 5347 1001 5447 assumpta
1020 5329 1311 5433 humanitate,
1328 5347 1372 5418 et
1390 5333 1603 5447 corporati
1622 5331 1816 5454 quadam
1838 5331 2066 5420 intuitione

569 5443 628 5530 ad
661 5445 897 5540 humanam
932 5469 1133 5542 naturam
1156 5471 1334 5544 aeterno
1358 5455 1534 5545 foedere
1556 5455 1776 5544 divinitati
1800 5455 2057 5544 consocian-
2085 5507 2090 5532 ι
