4558 6340
693 370 776 456 Die
807 370 869 457 26
899 367 1077 486 Aprilis
1110 370 1247 458 1879.
1626 369 1720 460 23⁷

234 541 251 580 ι
289 493 467 582 bitualis
500 492 701 610 illiusque
736 493 928 582 liberum
961 494 1217 582 exercitium
1254 521 1334 608 pro
1369 507 1567 608 tempore
1623 494 1727 582 exi·

233 663 249 702 ι
291 617 506 708 stentibus
538 616 741 732 Capitulo
764 631 809 704 et
831 617 1060 706 Canonicis
1093 616 1239 705 dictae
1271 615 1535 731 Collegiatae
1574 617 1722 706 Eccle-

234 785 251 826 ι
290 743 396 844 siae,
434 738 549 827 dicta
582 737 852 828 Auctoritate
886 754 1051 842 nostra,
1087 738 1219 828 ctiam
1263 756 1478 857 perpetuo
1521 737 1723 857 iniungas

233 907 250 946 ι
289 883 333 952 et
369 864 586 977 imponas:
624 861 681 948 ita
718 878 764 948 ut
797 867 914 954 Cura
949 865 1206 950 Animarum
1241 877 1317 948 aut
1351 891 1429 976 per
1471 861 1587 976 ipsos
1638 895 1719 980 pro

235 1029 253 1070 ι
293 1003 488 1102 ternpore
511 984 742 1074 existentes
758 985 1008 1104 Capitulum
1024 1003 1068 1072 ct
1085 985 1324 1074 Canonicos
1347 984 1487 1072 dictae
1509 985 1724 1104 Collegia-

237 1152 254 1194 ι
298 1126 368 1197 tae
401 1106 614 1196 Ecclesiae
643 1137 722 1223 per
742 1123 924 1208 tornum,
945 1139 1022 1196 seu
1058 1139 1136 1224 per
1168 1137 1305 1196 unum
1322 1106 1597 1221 presbiteram
1629 1142 1717 1196 sur·
1785 1165 1789 1172 ,

236 1275 254 1316 r
294 1231 475 1317 calorem
512 1229 724 1318 idoneum
769 1232 815 1316 V
814 1232 992 1318 icarium
1032 1231 1233 1318 Curatum
1280 1231 1624 1346 nuncupandum
1662 1233 1722 1320 ab

236 1397 254 1436 ι
294 1355 459 1444 eisdem
496 1383 575 1468 pro
611 1371 808 1470 tempore
841 1356 1129 1443 existentibus
1177 1354 1379 1469 Capitulo
1412 1371 1455 1441 et
1488 1353 1722 1443 Canonicis

238 1521 254 1558 ι
296 1477 438 1565 dictae
471 1476 736 1594 Collegiatae
769 1478 984 1566 Ecclesiae
1016 1477 1321 1594 deputandum
1371 1475 1425 1564 ad
1464 1493 1620 1562 nutum
1658 1493 1723 1564 ta-

239 1643 256 1682 «
300 1630 399 1687 men
433 1599 693 1687 eorumdem
732 1631 813 1717 pro
851 1615 1048 1718 tempore
1082 1601 1361 1688 existentium
1395 1599 1721 1687 Canonicorum

244 1767 260 1803 ι
300 1721 601 1824 amoriltilem‚
640 1753 738 1812 cum
772 1755 964 1840 congrua
991 1723 1205 1813 mercedis
1228 1722 1522 1840 assignatione
1545 1723 1602 1810 ab
1621 1721 1725 1840 ipsis

238 1886 257 1927 a
296 1845 527 1934 Canonicis
562 1845 859 1964 praefigenda,
897 1849 1090 1934 exerceri
1124 1845 1305 1934 debeat.
1345 1887 1360 1921 ι

361 1969 626 2056 Huiusmodi
659 1971 834 2058 Bullam
886 1971 1180 2087 Apostolicam
1226 1965 1436 2058 Canonici
1475 1966 1724 2057 executioni

234 2088 453 2182 mandare
486 2091 712 2206 cupientes
745 2107 1008 2194 statuerunt,
1036 2111 1084 2182 ut
1105 2123 1206 2182 cura
1228 2092 1579 2207 animarumper
1603 2090 1719 2206 ipsos

243 2213 455 2305 turuatim
498 2230 789 2306 exerceretur.
842 2218 1004 2304 Verum
1055 2217 1099 2304 in
1134 2217 1244 2304 lacto
1278 2212 1490 2330 estquod
1526 2239 1728 2300 recusan-

237 2339 367 2442 tibus
390 2335 685 2450 Dignitatibus
720 2369 798 2454 per
830 2340 1191 2440 Thesaurarium,
1229 2355 1450 2425 annuente
1493 2334 1719 2453 Capitul0,

239 2477 466 2577 tamqnam
501 2458 637 2576 ipsius
675 2463 893 2552 Vicarium
930 2463 1214 2556 amoribilem
1248 2459 1441 2549 exercita
1485 2457 1565 2546 luit
1615 2459 1727 2548 duos

241 2616 320 2704 pcr
352 2613 501 2670 annos.
540 2585 710 2695 Quibus
743 2585 927 2702 expletis
963 2619 1041 2704 per
1079 2583 1390 2675 resolutionem
1428 2580 1727 2698 Capitnlarem

240 2721 454 2798 statutum
490 2705 584 2808 luit,
625 2727 673 2796 ut
720 2706 927 2827 deinceps
978 2710 1224 2798 animarum
1273 2737 1403 2795 curae
1452 2701 1726 2792 exercendae

240 2831 424 2920 idoneus
442 2829 640 2918 Vicarius
664 2832 913 2920 amoribilis
930 2831 1254 2950 praeficeretur:
1277 2849 1408 2947 atquc
1427 2827 1469 2914 in
1505 2827 1732 2916 huiusmo-

241 2953 285 3042 di
328 2952 528 3038 termiois
561 2955 795 3042 constituta
817 2963 1083 3074 cnra'usque
1105 2955 1159 3044 ad
1182 2981 1350 3044 annum
1385 2951 1506 3038 t838
1540 2948 1726 3038 immota

241 3076 469 3164 remansit.
497 3075 594 3186 Quo
613 3102 720 3166 sane
743 3095 943 3196 tempore
961 3080 1160 3195 Capitulo
1187 3077 1325 3164 visum
1344 3091 1424 3176 est,
1454 3073 1623 3160 Vicario
1641 3073 1732 3159 Cu·

241 3216 334 3288 rato
354 3213 519 3300 amoto,
540 3201 767 3288 servitium
804 3203 1052 3319 parochiale
1086 3199 1315 3292 Canonicis
1338 3195 1624 3300 demandare,
1652 3194 1731 3310 qui

243 3353 323 3439 per
357 3338 536 3410 turnum
557 3324 809 3412 huiusmodi
836 3323 1021 3412 officium
1042 3326 1221 3443 explere
1244 3323 1516 3412 debuissent.
1545 3322 1733 3406 Verum*

246 3462 392 3532 tamen
425 3445 483 3531 ob
518 3447 829 3537 nonnullorum
866 3449 1167 3538 exCanonicis
1202 3445 1503 3534 reluctantium
1539 3440 1616 3558 qui
1651 3439 1734 3527 boc

245 3597 407 3654 munus
439 3570 656 3685 suscipere
701 3569 997 3660 detrectarunt
1034 3639 1044 3675 ,
1083 3572 1246 3660 lactum
1292 3587 1356 3657 cst
1390 3583 1436 3653 ut
1469 3595 1600 3653 curae
1632 3562 1728 3650 ani·

246 3719 421 3778 marum
455 3705 629 3807 pondus
679 3727 702 3782 a
740 3695 1359 3810 quibusdamsustineretur,
1396 3692 1454 3778 ab
1496 3688 1591 3776 aliis
1630 3715 1735 3773 vero

247 3843 353 3900 non.

369 3937 426 4022 Ut
459 3935 637 4026 huiusce
674 3939 992 4058 inaequalitatis
1020 3973 1068 4030 ac
1107 3939 1427 4056 discrepantiae
1460 3963 1614 4024 causae
1637 3945 1735 4019 tan·

247 4057 348 4146 dem
382 4059 620 4176 aliquando
657 4063 830 4152 medela
864 4082 1106 4182 pararetur,
1143 4063 1396 4181 Capitulum
1428 4059 1501 4149 die
1533 4059 1594 4144 26
1627 4059 1737 4143 lllar·

249 4182 293 4267 tii
330 4183 451 4268 t877
501 4182 696 4299 legitime
736 4203 1050 4306 congregatum
1087 4186 1282 4274 unanimi
1310 4215 1523 4274 consensu
1555 4180 1731 4268 statuit:

257 4345 273 4382 ι
310 4305 402 4392 Che
437 4307 508 4393 nel
545 4310 758 4423 prossimo
790 4311 971 4399 biennio
1019 4311 1047 4398 il
1094 4327 1221 4398 turno
1264 4309 1380 4397 della
1428 4311 1542 4399 Cura
1581 4303 1736 4391 debba
1798 4351 1801 4356 ·

255 4465 271 4503 ι
313 4427 626 4534 incominciare
658 4431 702 4518 di
737 4463 899 4537 nuovo,
937 4432 1089 4525 dando
1112 4433 1242 4550 luogo
1267 4431 1407 4549 prima
1441 4430 1524 4518 alle
1566 4423 1738 4540 dignita

257 4587 274 4628 ι
315 4551 504 4638 secondo
540 4554 567 4639 il
599 4553 693 4642 loro
736 4557 892 4645 ordine
924 4587 949 4646 e
985 4556 1055 4673 poi
1092 4586 1263 4675 passere
1287 4555 1325 4642 ai
1349 4551 1572 4651 Canonici,
1611 4575 1737 4663 rego·

258 4711 274 4748 ι
314 4671 483 4762 laudosi
517 4676 705 4768 secondo
729 4680 917 4770 l'ordine
949 4680 1066 4768 delle
1090 4677 1337 4789 prebende,
1364 4707 1489 4764 come
1512 4670 1612 4789 oggi
1628 4697 1739 4756 sono

256 4834 273 4874 r
315 4797 550 4912 possedute
587 4867 598 4888 .
638 4867 648 4888 .
691 4869 701 4892 .
738 4831 762 4892 e
795 4805 884 4892 cosi
915 4803 1122 4892 debbauo
1145 4831 1287 4892 essere
1310 4797 1560 4890 classilicate
1584 4795 1622 4881 le
1645 4821 1740 4908 pre·

257 4957 274 4996 ι
313 4920 467 5010 bcnde
499 4955 580 5042 per
612 4925 817 5044 rigunrdo
849 4927 893 5014 ai
926 4924 1160 5015 successori
1204 4924 1278 5014 dci
1321 4921 1516 5011 suddetti
1551 4912 1738 5007 Canoni-

260 5079 277 5120 ι
317 5043 371 5146 ci,
414 5043 457 5129 in
498 5047 631 5136 modo
664 5050 743 5137 che
777 5051 805 5136 il
839 5081 963 5138 corso
999 5048 1069 5136 del
1106 5064 1249 5148 turno,
1288 5047 1357 5136 ncl
1397 5076 1494 5134 caso
1531 5041 1614 5129 clre
1645 5033 1743 5125 tutti

260 5202 277 5244 ι
317 5179 599 5258 accettassero
634 5203 722 5258 non
758 5203 884 5288 possa
931 5173 1092 5260 durare
1135 5169 1212 5288 piir
1253 5169 1334 5258 che
1375 5160 1640 5290 quattordici
1673 5159 1744 5246 bi-

261 5327 278 5366 «
318 5290 454 5406 eunii.
499 5332 516 5370 ι
554 5297 685 5394 llaec,
702 5292 781 5384 scd
806 5325 909 5382 vero
930 5294 1193 5409 Capitularis
1216 5293 1422 5380 resolutio
1445 5289 1619 5378 cuidam
1642 5283 1745 5372 Viu-

257 5411 404 5518 centio
438 5415 570 5505 Gauri
606 5418 825 5508 Canopico
858 5417 1114 5512 Coadiutori
1138 5415 1255 5504 haud
1276 5415 1436 5518 arrisit,
1463 5412 1539 5532 qui
1573 5407 1744 5528 proxim

258 5549 529 5627 condentem
563 5539 841 5632 immutatam
877 5560 1010 5663 atque
1042 5541 1264 5662 praelatae
1297 5540 1450 5629 Bullae
1500 5529 1747 5654 dispositio-
