4350 6326
542 423 633 511 558
1131 419 1434 508 tunnx

533 599 651 670 ctum
699 579 858 666 iterum
906 575 1104 698 exigatur
1138 607 1242 694 pop.
1312 577 1376 665 vis
1420 609 1574 668 ornnes
1616 581 1823 670 Canonici
1861 583 2020 678 defica-

531 705 626 792 266
661 703 705 827 3.
744 701 828 788 linc.
1312 713 1412 790 rent
1440 731 1545 818 pop.
1580 703 1673 792 262
1706 701 1751 826 3.
1793 702 1922 815 Quin.

782 923 787 932 ,
986 859 990 866 ’
1404 824 1697 916 Constituitur
1728 841 2026 923 etccnserva-

626 946 739 1038 Vide
770 943 1010 1044 Absolutio.
1232 1019 1234 1023 .
1314 961 1385 1034 tur
1419 977 1500 1064 per
1532 946 1640 1037 duas
1672 949 1742 1036 vel
1767 966 1854 1040 tres
1877 983 2025 1070 perso·

1312 1099 1388 1159 nas
1419 1099 1524 1187 pap.
1561 1071 1652 1160 t20
1685 1069 1730 1192 3.
1769 1075 1921 1192 Neque.

753 1192 1021 1283 CANONlCl
1455 1303 1459 1308 .

1468 1315 1863 1410 CAPPELLANlA

625 1439 830 1530 Canonici
881 1436 1042 1556 aliique
1079 1437 1244 1530 Cathe-

532 1565 667 1654 dralis
700 1561 770 1650 vel
804 1560 1070 1678 Collegiatae
1103 1560 1244 1650 Eccle·
1400 1561 1472 1651 Ad
1491 1579 1644 1651 nutum
1670 1564 1918 1656 amovihilis
1936 1600 2020 1656 non

531 1688 620 1777 siae
642 1684 818 1775 servitio
843 1683 1075 1800 mancipati
1098 1684 1244 1802 singu·
1306 1683 1427 1771 venit
1461 1685 1641 1774 nomine
1676 1687 1883 1778 Beneficii
1914 1723 2016 1810 puy.

530 1810 582 1898 lis
604 1809 762 1900 diebus
784 1806 915 1895 choro
933 1807 1145 1896 interesse
1167 1806 1242 1897 de
1307 1808 1399 1895 530
1433 1805 1477 1929 3.
1522 1807 1661 1919 Quod.

528 1935 638 2022 beot
682 1962 731 2019 ac
779 1929 1006 2019 canonicas
1056 1929 1240 2048 psallere

527 2056 656 2146 horas
684 2084 788 2171 pop.
814 2055 905 2142 283
929 2051 974 2173 3.
1001 2053 1237 2140 Conclusio.
1568 2055 1751 2147 CAUSA

621 2174 841 2270 Canonico
864 2205 952 2263 non
984 2175 1242 2265 interessen-

529 2318 570 2390 te
592 2300 723 2391 choro
747 2297 951 2388 omnibns
973 2297 1106 2401 horis,
1134 2298 1242 2388 istae
1398 2300 1538 2390 Causa
1583 2301 1921 2391 matrimonialis
1957 2319 2022 2393 est

527 2425 660 2513 horae
700 2423 742 2509 in
780 2420 869 2510 fine
912 2419 1015 2508 anni
1058 2436 1241 2539 possunt
1305 2421 1504 2511 omnium
1555 2423 1811 2541 gravissima
1850 2455 1956 2542 pop.
1993 2429 2022 2514 2

527 2545 709 2664 colligi,
747 2561 878 2632 etex
927 2543 990 2632 eis
1032 2541 1239 2631 constitui
1305 2543 1349 2665 3.
1387 2543 1478 2631 Est.

526 2669 637 2775 dies,
674 2683 717 2754 et
750 2697 804 2755 ex
827 2665 988 2756 diebus
1011 2680 1098 2755 tres
1118 2695 1240 2754 men·
1396 2665 1591 2756 Nedum
1621 2670 1737 2758 enim
1781 2672 1928 2788 agitur
1961 2671 2017 2762 de

525 2823 592 2880 ses
610 2791 836 2880 absentiae
850 2791 1024 2906 po9.75
1040 2787 1234 2910 §.Quocl
1303 2789 1399 2878 inre
1433 2791 1680 2881 alterutrius
1697 2793 1913 2910 coniugis,
1941 2795 2018 2884 sed

619 2913 689 3004 Ad
724 2912 1078 3002 constituendum
1106 2913 1239 3002 servi·
1302 2930 1345 3001 et
1368 2913 1425 3002 de
1443 2913 1712 3004 Sacramenti
1732 2916 1908 3004 vinculo
1932 2917 2016 3006 dis·

526 3038 638 3126 tium
683 3066 842 3124 novem
882 3035 1101 3124 mansium
1149 3065 1236 3123 non
1301 3035 1511 3126 solvendo
1554 3037 1663 3125 ittet.
1705 3055 1749 3126 et
1778 3071 1883 3156 pop.
1923 3041 2013 3128 467

523 3175 626 3249 sunt
643 3157 915 3276 colligendae
928 3173 1232 3276 punctaturae;
1302 3157 1347 3280 3.
1380 3158 1471 3247 Est.

523 3281 602 3372 sed
641 3282 724 3399 ipsi
759 3281 855 3371 dios
894 3281 1159 3370 residentiae
1193 3296 1237 3369 et
1392 3280 1677 3399 Subindeque
1700 3283 2011 3372 exBeuedicti·

522 3405 812 3508 servitii‚sive
836 3405 1029 3492 continui
1053 3403 1232 3508 luerint,
1301 3435 1357 3492 na
1408 3403 1729 3495 Constitutione
1781 3435 2008 3524 processus

522 3529 614 3616 sive
664 3527 937 3644 interpolati,
972 3527 1235 3616 numerandi
1298 3545 1364 3615 est
1397 3527 1724 3629 conficiendos,
1752 3529 1835 3616 sub
1868 3561 2012 3647 poena

522 3667 745 3768 suntpop.
772 3651 832 3737 79
859 3648 903 3772 3
929 3649 1170 3768 Reliquum.
1298 3650 1510 3739 nullitatis
1563 3648 1761 3737 omnium
1809 3667 2004 3741 aetorum

1299 3771 1408 3862 ibid.
1446 3789 1484 3862 et
1510 3804 1614 3892 pop.
1652 3771 1748 3894 23.
1775 3774 1869 3862 Est.

620 3895 731 3983 tide
763 3894 1105 3984 Distributiones.

1391 4019 1506 4109 Vide
1539 4020 1685 4110 Actus.

716 4139 1030 4234 CANONlCUS

621 4265 1131 4356 POENlTENTlARlUS
1246 4331 1248 4340 ·
1505 4265 1801 4355 GLAUSULA

611 4513 731 4598 Dum
777 4509 1065 4600 confessiones
1109 4509 1230 4600 audit
1387 4507 1476 4594 Pro
1505 4524 1574 4596 tuo
1597 4507 1778 4596 arbitrio
1812 4506 2007 4596 concedas

519 4635 562 4720 iu
597 4633 785 4724 Ecclesia
829 4651 1055 4754 tamquam
1104 4666 1230 4754 prae·
1294 4633 1338 4720 in
1372 4629 1623 4750 Apostolico
1648 4633 1780 4720 Brevi
1805 4632 2006 4751 apposita

516 4777 614 4848 'serus
648 4759 693 4846 iu
736 4758 869 4848 choro
904 4759 1091 4847 habetur
1120 4790 1224 4874 pop.
1294 4753 1539 4846 nihilalind
1561 4767 1642 4859 est,
1661 4783 1794 4873 quarn
1817 4783 2007 4844 conven-

518 4881 609 4970 374
642 4879 687 5002 3.
724 4881 818 4970 Est.
1293 4877 1466 4968 tionalis
1497 4875 1685 4966 lormula
1718 4877 1777 4964 ob
1800 4907 2008 4966 reveren·

1295 5005 1398 5092 tiam
1425 5001 1470 5088 in
1495 5017 1775 5090 executorem
1788 5030 1892 5118 pop.
1913 5001 2004 5088 tta

714 5127 1037 5218 CAPITULUM
1292 5125 1337 5248 3.
1375 5125 1446 5228 nt,
1906 5118 1912 5132 “

1385 5249 1495 5337 Hinc
1517 5245 1754 5366 Episcopus
1778 5247 1822 5334 in
1844 5245 1934 5336 vim
1960 5245 2006 5332 il·

599 5375 833 5496 Nunquam
853 5373 1055 5479 moritur,
1077 5403 1226 5492 quarn·
1290 5373 1371 5462 lius
1403 5371 1621 5461 clausulae
1654 5368 1777 5459 haud
1800 5397 1999 5460 recusare
