4350 6326
534 329 1208 468 'mmmmmm
1556 387 1648 478 sm

160 505 264 597 cilio
298 501 606 595 barcinonensi
638 501 721 589 sub
770 499 993 588 Recaredo
1039 533 1130 589 cen.
1168 504 1197 590 2
1229 523 1439 596 statutum
1477 509 1649 600 inveni:-

161 647 238 717 tur
268 677 298 694 -
330 628 390 715 ibi
422 677 452 694 ·-
498 627 548 714 llt
595 657 684 711 cum
733 620 915 708 chrisma
954 621 1207 740 preshyteris
1249 629 1518 719 Dioeeesenis
1559 665 1643 748 pro

161 749 374 868 neophitis
407 747 705 871 confirmandis
738 743 880 842 datur,
922 743 1035 832 nihil
1063 779 1145 860 pro
1199 749 1377 867 liquoris
1402 757 1543 868 pretio
1579 789 1648 844 oc-

156 876 364 992 cipiotor.
402 876 448 960 ln
482 868 761 962 Cabiloncnsi
796 899 887 953 ceu.
928 869 987 954 l6
1018 869 1221 960 habetur.
1268 916 1283 951 ι
1328 876 1520 988 Quidam
1561 879 1647 968 lra·

163 1039 185 1075 ι
225 1015 310 1086 tres
327 990 891 1099 dixerunt,consuetudinis
913 991 1119 1109 antiquae
1141 1025 1235 1084 esse
1258 997 1299 1084 in
1325 1028 1478 1086 eorum
1502 1001 1646 1090 Eccle-

165 1161 186 1200 ι
226 1119 313 1218 siis,
338 1136 384 1208 ut
408 1151 489 1237 pro
510 1119 706 1206 balsamo
728 1111 920 1204 emendo
954 1113 1007 1200 ad
1043 1117 1229 1206 chrisma
1262 1119 1527 1229 laciendum,
1554 1125 1646 1214 sive

163 1285 182 1321 ι
223 1275 302 1360 pro
337 1241 623 1330 luminaribus
655 1238 870 1330 Ecclesiae
902 1238 1228 1344 concinnandis
1264 1243 1413 1343 binos,
1443 1245 1512 1333 vel
1544 1279 1646 1364 qua·

164 1408 183 1442 ·
224 1384 366 1454 ternos
400 1365 602 1454 denarios
636 1359 880 1481 presbyteri
914 1358 1085 1446 darent.
1123 1363 1248 1452 Unde
1297 1396 1449 1455 omnes
1492 1370 1646 1480 statui-

163 1532 182 1566 «
225 1521 335 1594 mus,
372 1489 484 1576 sieut
518 1519 596 1604 pro
630 1481 886 1576 dedicandis
919 1483 1122 1588 basilicis,
1160 1505 1203 1574 et
1237 1487 1395 1577 dandis
1412 1491 1644 1580 ordinibus

161 1651 183 1691 ι
222 1609 327 1698 nihil
361 1610 664 1729 accipiendum
698 1625 778 1710 est,
818 1610 876 1694 ita
911 1605 1043 1694 etiam
1078 1637 1159 1723 pro
1192 1611 1404 1716 balsamo,
1452 1613 1543 1700 sive
1576 1618 1644 1703 lu-

161 1777 180 1810 ·
221 1733 466 1822 minacibus
499 1732 695 1821 emendis
735 1729 842 1818 nihil
891 1730 1136 1848 presbyteri
1184 1735 1371 1821 chrisma
1421 1737 1641 1851 accepturi

160 1897 180 1934 e
219 1855 341 1944 dent.
376 1859 466 1944 ·tn
500 1854 737 1944 Oxoniensi
771 1853 949 1942 eonr2l
993 1855 1360 1944 PP..itrdicaruot
1397 1859 1640 1948 absurdum

153 2009 250 2065 esse
283 1978 402 2095 quod
432 2011 515 2095 pro
550 1978 786 2076 chrismate,
822 1977 888 2065 uel
921 1973 1011 2063 oleo
1033 1976 1204 2095 aliquid
1240 1981 1436 2093 culpetur
1466 2013 1557 2068 cum
1583 1999 1643 2070 to-

149 2102 234 2188 ties
278 2100 352 2186 hoe
381 2101 643 2218 prohibitura
674 2131 755 2187 esse
796 2100 1053 2216 reperiatur.
1109 2099 1271 2188 Eodem
1321 2102 1458 2190 lerme
1494 2105 1640 2194 'modo

150 2223 387 2312 concinunt
420 2223 583 2312 Concil.
606 2223 832 2310 Barcinos.
855 2255 945 2308 cau.
969 2225 1015 2327 2,
1044 2221 1249 2310 Meldense
1270 2255 1362 2310 cen.
1390 2225 1466 2325 45,
1487 2225 1641 2344 Aquis·

152 2375 330 2464 pronon.
372 2347 403 2434 Ε)
432 2365 548 2464 port.
584 2348 601 2432 l
637 2375 728 2462 cop.
755 2347 800 2448 5,
829 2345 1087 2434 Euseritcnsc
1124 2379 1216 2434 eon.
1253 2347 1299 2432 9.

276 2469 401 2557 Hisce
435 2469 767 2587 sapientissimis
820 2467 1180 2586 dispositionibus
1225 2469 1384 2586 iugiter
1433 2470 1640 2561 adhaese-

150 2605 257 2678 runt
287 2595 472 2680 llornani
508 2591 754 2694 Pontifices,
792 2592 868 2710 qui
905 2592 1157 2707 praesertim
1183 2592 1239 2680 ad
1261 2593 1514 2682 evellendas
1537 2627 1639 2682 con·

147 2713 408 2803 suetudines
430 2731 473 2804 ct
495 2715 875 2833 tergiversationes
888 2743 1184 2832 quascumque
1204 2717 1283 2804 hac
1300 2747 1433 2833 super
1449 2747 1493 2802 rc
1512 2749 1638 2806 exor-

148 2855 213 2926 tas
247 2837 513 2926 insudarunt
547 2838 804 2926 mandantes
831 2868 893 2924 ne
926 2868 1006 2956 pro
1057 2839 1289 2927 chrismate
1333 2839 1390 2926 ab
1437 2839 1635 2929 Ecclesiis

145 2961 342 3078 pecunia
374 2962 574 3080 exigatur
606 2961 737 3048 etiam
761 2960 794 3046 si
821 2961 900 3047 hoc
923 2961 1081 3047 babeat
1104 2959 1392 3050 consuetudo.
1422 2962 1640 3050 Audiatur

147 3084 429 3172 lnnocentius
468 3085 512 3171 in
562 3115 655 3201 cap.
692 3083 760 3170 tta
781 3115 884 3201 quoe
907 3083 964 3169 to
995 3084 1267 3172 DeSimoaio
1297 3133 1326 3150 -
1359 3083 1422 3170 ibi
1455 3133 1483 3148 -
1522 3126 1537 3160 ι
1576 3086 1637 3174 Ea

152 3247 170 3284 ι
210 3237 323 3324 quae
356 3206 411 3294 de
457 3207 666 3295 avaritiae
705 3224 748 3294 et
783 3205 1032 3323 cupiditatis
1076 3208 1221 3298 radice
1259 3204 1541 3328 proveniunt,
1589 3225 1637 3297 et

151 3371 169 3407 ι
210 3328 481 3446 inspeciem
524 3330 799 3423 Simoniacae
839 3329 1064 3445 pravitatis
1115 3349 1371 3448 erumpunt,
1421 3347 1526 3417 sunt
1567 3361 1639 3447 pe·

150 3491 170 3533 r
212 3451 329 3538 nitus
374 3452 692 3570 extirpanda...
731 3451 992 3540 Audivimus
1025 3452 1144 3570 qnod
1181 3481 1384 3540 nummos
1419 3483 1497 3568 pro
1523 3451 1638 3542 chri-

150 3617 169 3654 s
210 3590 350 3663 smate
381 3575 668 3694 extorquetis,
704 3607 813 3694 qnos
849 3605 962 3663 nunc
994 3575 1356 3678 cathedraticum,
1394 3574 1634 3694 aliquando

6 3739 13 3746 ·
152 3739 169 3775 ι
211 3697 457 3813 paschalem
491 3701 849 3814 praestationem,
878 3697 1099 3786 interdum
1124 3700 1424 3815 Episcopalem
1449 3729 1636 3786 consuc-

150 3861 169 3900 ι
209 3817 358 3908 dinem
391 3822 637 3940 appellatis.
674 3823 790 3934 Quia
826 3853 930 3908 sero
964 3823 1045 3910 hoc
1084 3821 1375 3909 simoniacum
1426 3851 1518 3908 esse
1568 3853 1636 3909 co·

148 3981 166 4022 r
207 3941 444 4061 gnoscitur,
485 3945 761 4044 mandamus,
799 3958 1013 4062 quatenus
1049 3961 1278 4062 praetextu
1313 3941 1494 4031 alicuius
1537 3973 1637 4032 ron·

154 4107 170 4144 e
211 4066 470 4167 suetudinis,
512 4067 577 4154 vel
611 4067 892 4186 praelationis
925 4069 1215 4184 praescriptos
1249 4065 1452 4154 denarios
1492 4066 1638 4155 nulla·

151 4229 168 4266 ι
209 4205 333 4276 tenus
369 4191 566 4308 exigatis,
591 4207 809 4307 procerte
844 4191 1009 4295 scituri,
1036 4191 1154 4310 quod
1189 4192 1221 4278 si
1257 4189 1336 4278 hoc
1370 4217 1629 4306 praesump-

152 4352 168 4390 ·
209 4311 365 4414 seritiS,
404 4313 651 4430 periculum
687 4314 853 4402 ordinis
886 4329 929 4401 et
962 4313 1184 4432 dignitatis
1217 4312 1413 4432 poteritis
1437 4342 1522 4397 non
1559 4313 1637 4398 im·

150 4473 167 4513 ‹
211 4435 366 4524 merito
400 4436 639 4524 formidare
669 4479 707 4524 ι.

270 4559 435 4646 Exinde
469 4558 517 4646 sn
551 4560 669 4680 quod
715 4561 927 4650 Gunzulez
948 4560 990 4647 in
1010 4558 1339 4650 Commentario
1374 4557 1430 4647 ad
1464 4557 1630 4646 dictum

143 4697 273 4796 caput
306 4681 667 4770 consuetudinem
720 4681 885 4804 aliquid
919 4682 1125 4801 exigendi
1166 4711 1249 4798 pro
1286 4685 1473 4796 expensis
1506 4680 1632 4800 scotis

147 4804 192 4889 iu
227 4803 318 4891 oleo
350 4819 388 4891 et
421 4805 602 4892 helsorno
635 4807 932 4924 corruptelam
958 4806 1164 4924 appellat,
1203 4821 1246 4892 et
1281 4803 1460 4892 resolvit
1482 4819 1631 4890 corrtra

145 4926 401 5015 Gibalinum
438 4929 672 5015 simoniam
718 4931 893 5046 proprie
932 4930 976 5016 ia
1011 4929 1224 5045 praesenti
1267 4925 1383 5015 duri.
1421 4925 1631 5017 Similiter

145 5047 351 5166 Pirhirtp.
390 5049 465 5138 tit.
505 5052 532 5138 5
565 5065 633 5138 ttt.
671 5055 698 5139 3
732 5067 827 5140 sect.
863 5053 893 5138 2
927 5050 971 5174 g
1008 5053 1176 5138 haum.
1205 5051 1265 5140 36
1287 5053 1331 5138 in
1365 5050 1534 5140 dietum
1558 5081 1630 5135 ca·

147 5185 229 5290 pnt
264 5173 441 5262 adnotat
494 5205 578 5262 non
632 5188 801 5263 tantum
855 5174 1079 5292 prohiberi
1132 5175 1331 5293 pecuiam
1376 5173 1490 5289 exigi
1537 5202 1616 5290 pro

147 5295 393 5384 Chrismate
435 5295 654 5385 sedetiam
688 5329 770 5413 pro
811 5300 901 5414 ipso
943 5298 1104 5413 liquore
1125 5297 1394 5398 Clnisnsetis,
1422 5297 1507 5382 siue
1530 5292 1630 5379 tat-

148 5449 261 5505 samo
294 5435 331 5506 ct
364 5419 454 5508 oleo
476 5437 709 5508 consecrato
747 5491 755 5508 .
799 5489 808 5508 .
852 5489 861 5509 .
895 5437 941 5508 ut
967 5418 1124 5508 eloritis
1148 5417 1319 5506 hahetur
1348 5421 1392 5504 in
1414 5415 1632 5506 can.Plo-
