4446 6330
647 342 730 430 Die
761 343 822 432 25
855 341 1051 432 Ianuarii
1086 343 1222 434 1879.
1615 349 1676 438 49

187 469 249 558 ris
275 465 465 584 spatium
496 462 540 550 in
573 494 695 552 suam
732 464 917 580 patriam
955 493 1002 554 se
1039 495 1220 582 sponsus
1252 469 1496 574 reduceret,
1520 503 1678 590 oppor-

189 611 340 682 tunam
364 585 677 675 adhaesionem
700 605 743 676 et
759 619 1020 678 consensum
1044 589 1251 705 genitoris
1272 624 1457 712 sponsae
1483 613 1685 712 expecta·

188 735 326 804 turus.
369 750 386 790 ι
426 710 603 796 Tornati
645 711 800 800 incasa
838 709 916 830 (ita
951 713 1236 832 Franciscus),
1276 716 1303 804 il
1349 719 1473 804 Prete
1507 717 1679 808 lratello

194 879 210 916 ι
253 837 314 923 mi
345 833 476 934 disse,
511 832 592 920 che
608 847 750 921 stante
780 833 984 922 l'asscuza
1020 837 1089 924 del
1118 838 1253 952 padre
1279 841 1336 928 mi
1354 839 1530 928 ritirassi
1555 873 1577 928 a
1605 843 1685 934 Sa·-

191 999 208 1036 .
249 960 336 1059 lea,
379 955 436 1043 da
452 953 567 1042 dove
591 957 728 1072 patrui
756 973 928 1045 tornare
952 959 1061 1046 nella
1085 961 1294 1072 prossima
1323 964 1563 1052 Domanica
1595 995 1679 1080 per
1832 1015 1837 1028 ·

191 1121 209 1164 ι
248 1081 506 1170 combinare
551 1078 579 1164 il
617 1079 749 1178 modo
784 1081 827 1166 di
865 1080 954 1167 lare
989 1081 1015 1167 il
1051 1097 1267 1170 cuntratto
1311 1085 1455 1187 civile,
1505 1105 1682 1176 mentre

191 1243 209 1284 ι
250 1205 336 1321 egli
380 1202 451 1289 nel
501 1199 738 1320 lrattempu
778 1205 974 1290 avrebbe
1023 1219 1221 1293 otlenuto
1271 1207 1298 1294 il
1350 1239 1559 1298 consenso
1609 1208 1683 1298 del

192 1369 208 1406 ι
250 1324 389 1445 padre
429 1367 468 1411 ⁸.
506 1325 612 1435 Quis
637 1355 723 1439 non
742 1326 945 1442 concipit,
985 1357 1198 1446 perquam
1234 1329 1363 1418 avide
1402 1331 1444 1418 iu
1472 1331 1684 1446 praedam

184 1481 280 1540 sese
308 1451 515 1536 iuvenem
556 1450 807 1553 corticeisse,
850 1480 983 1566 quam
1018 1451 1364 1568 postdiuturuas
1396 1455 1567 1542 labores
1602 1489 1686 1573 pa·

182 1593 325 1662 ratam
352 1571 565 1670 habebat,
593 1603 650 1688 ne
675 1573 865 1688 propitio
889 1575 1098 1690 temporis
1122 1592 1349 1664 momento
1366 1579 1683 1694 praeterlapso,

184 1698 362 1785 ieiunus
413 1693 579 1796 abiret,
616 1714 998 1813 permaneretque·
1021 1697 1213 1786 diutius?

310 1819 361 1908 2l
379 1884 388 1904 .
408 1821 552 1906 Potest
568 1818 752 1935 quidem
767 1818 1004 1936 aliquando
1019 1821 1285 1907 contrarium
1302 1822 1516 1925 aecidere;
1545 1841 1585 1909 ct
1612 1825 1687 1912 ubi

187 1973 273 2032 nou
326 1942 563 2058 incongrue
597 1939 665 2028 hic
697 1939 781 2028 dici
817 1942 969 2058 possit,
1014 1985 1029 2018 α
1068 1945 1106 2028 si
1137 1975 1273 2056 parva
1308 1944 1402 2030 licet
1451 1975 1690 2059 componere

190 2067 358 2180 mapais
381 2105 421 2162 o,
459 2063 711 2178 exemplam
746 2063 965 2182 proferam
1000 2066 1081 2152 viri
1120 2066 1327 2184 Principis
1361 2068 1487 2156 huius
1536 2069 1680 2159 almae

184 2187 335 2286 Urbis,
375 2187 467 2304 qui,
506 2184 765 2274 exordiente
789 2188 868 2273 boc
889 2189 1077 2289 saeculo,
1107 2191 1294 2305 nuptiali
1319 2191 1400 2276 ritu
1425 2221 1524 2278 eum
1549 2223 1672 2306 prae·

184 2310 326 2400 nobili
364 2311 542 2426 Virgine
575 2309 893 2398 solemnissime
926 2311 1163 2410 celebrato,
1200 2315 1356 2400 eodem
1406 2315 1499 2428 ipso
1549 2345 1677 2402 manc

185 2435 242 2522 ab
277 2435 552 2550 Imperatore
584 2435 836 2550 Napoleone
869 2433 925 2518 ad
960 2435 1199 2522 exercitum
1235 2435 1276 2522 iu
1313 2435 1448 2523 aciem
1474 2465 1677 2552 congres-

185 2587 338 2646 surum
386 2557 547 2643 accitus
596 2555 692 2643 luit.
746 2556 956 2643 Nuntium
1012 2559 1176 2674 quippe
1221 2559 1376 2673 accipit
1425 2559 1677 2648 adolescens

186 2682 302 2766 inter
340 2680 543 2796 pronuba
586 2679 803 2782 convivia3
859 2695 984 2795 urget
1034 2681 1247 2796 Principis
1299 2681 1550 2795 imperium,
1594 2713 1674 2769 nec

185 2803 274 2890 ulla
311 2831 433 2890 mora
467 2801 734 2906 conceditur3
788 2832 946 2918 sponsa
995 2803 1157 2892 exinde
1212 2803 1355 2892 adbuc
1402 2802 1579 2904 intacta,
1635 2821 1679 2890 et

186 2925 524 3013 convivantibus
546 2926 741 3012 attonitis
776 2925 951 3027 relictis,
988 2924 1241 3013 conscendit
1272 2955 1454 3044 equum,
1488 2926 1681 3044 illucque

187 3048 384 3152 advolat,
422 3049 498 3134 ubi
534 3047 679 3135 llartis
727 3047 849 3136 luror
881 3046 1193 3136 debacchatur.
1246 3048 1487 3165 Concipine
1536 3067 1679 3164 potest

184 3173 360 3261 heroica
408 3170 662 3290 huiusmodi
711 3170 975 3259 abstinentia
1025 3171 1068 3257 in
1119 3171 1279 3274 villica,
1331 3173 1407 3289 qui
1457 3171 1678 3286 virginem

186 3293 328 3398 duxit;
369 3311 501 3412 atque
536 3292 578 3380 in
613 3323 666 3382 eu
698 3295 835 3410 quod,
875 3324 961 3380 uon
996 3294 1263 3381 concitatum
1298 3293 1511 3411 Principis
1536 3295 1681 3409 impa-

185 3418 323 3516 rium,
361 3448 448 3503 non
484 3416 667 3504 bellicus
699 3417 878 3535 clangor
909 3416 1118 3504 eumdem
1153 3416 1466 3536 intempestive
1506 3435 1682 3534 separat

187 3571 421 3658 asponsa‚
459 3537 536 3628 sed
572 3539 793 3657 ingratum
828 3539 1058 3628 consilium
1099 3540 1362 3658 expectandi
1397 3540 1533 3628 soceri
1581 3568 1683 3626 con·

187 3694 382 3765 sensum,
422 3662 600 3750 interim
637 3681 782 3750 tamen
817 3695 898 3782 per
938 3662 1056 3750 diem
1108 3693 1245 3779 prope
1296 3665 1516 3778 integram
1566 3660 1679 3747 solur

187 3817 282 3874 cum
319 3786 410 3872 sala
443 3815 600 3904 sponsa
633 3787 677 3869 ia
709 3785 908 3873 solitaria
941 3783 1200 3872 aubitatione
1234 3784 1544 3903 relinquitur?
1731 3887 1733 3892 Ι

311 3911 389 3997 22.
427 3909 563 4027 Atqui
609 3923 783 3996 econtra
833 3941 883 3994 ea
928 3905 1157 3994 solitudine
1206 3909 1288 3996 viri
1333 3937 1436 3996 cum
1485 3905 1678 3994 laemina

185 4034 472 4150 praesumitur
504 4031 673 4145 copula·
707 4061 761 4118 ex
795 4029 1109 4118 commoditate
1146 4031 1226 4119 leci
1260 4049 1302 4118 et
1337 4030 1549 4147 temporis
1590 4059 1675 4114 ma-

189 4158 305 4244 aima
339 4155 530 4273 exsurgit
561 4155 846 4270 praesumptio
879 4154 1186 4240 conteruistionis
1226 4153 1432 4253 carnalia·
1483 4151 1540 4238 ita
1591 4167 1679 4238 tra-

190 4279 301 4368 dunt
335 4279 392 4367 de
429 4277 626 4364 unanimi
660 4277 873 4366 sententia
910 4277 1347 4366 raauutttunttus
1382 4276 1424 4362 iu
1476 4303 1570 4389 cap.
1606 4273 1680 4358 Li·

193 4403 292 4489 teris
327 4401 378 4488 de
405 4401 783 4515 praesumptioaila
810 4431 923 4486 attat.
950 4401 996 4496 lt,
1021 4429 1130 4486 uera.
1160 4397 1274 4486 Unde
1293 4414 1412 4513 puto,
1439 4395 1683 4484 llllObEN-

192 4523 271 4612 SIS
303 4525 347 4611 in
384 4527 457 4610 cit.
493 4554 725 4639 capuam.
764 4525 809 4620 t,
847 4519 1091 4610 BUTRIUS
1124 4521 1166 4606 in
1217 4519 1309 4606 eud.
1362 4551 1456 4638 cap.
1510 4521 1537 4605 3
1586 4516 1670 4602 loc.

190 4680 301 4734 uum.
341 4651 387 4744 lt,
422 4645 540 4760 Aap.
582 4647 660 4732 DE
695 4645 943 4733 UBALDIS
976 4644 1066 4730 iau.
1093 4675 1203 4732 cous.
1231 4643 1416 4730 matrim.
1445 4641 1602 4726 diuers.
1646 4637 1676 4724 lt

96 4815 98 4821 ·
195 4801 307 4858 num.
345 4773 420 4873 33,
457 4769 777 4857 anabausts
808 4767 955 4854 consil.
998 4768 1186 4854 matrim.
1223 4765 1280 4854 ll
1325 4795 1436 4850 rrum.
1491 4762 1520 4850 9
1570 4791 1678 4848 uera.

188 4891 526 4982 ratramus
562 4893 710 4978 consil.
739 4891 830 4980 389
862 4922 974 4976 utura.
1015 4889 1075 4978 l0
1125 4889 1201 4978 lib.
1238 4880 1285 4993 2',
1325 4880 1676 4974 SPERELLIUS

191 5015 332 5103 Dacis.
369 5015 458 5135 sar.
494 5014 591 5103 eccl.
632 5017 721 5104 136
752 5046 866 5101 num.
902 5013 980 5109 25.
1018 5011 1347 5102 Maa'oaffltts
1379 5008 1430 5098 de
1456 5035 1683 5123 praesum-

191 5136 373 5253 ptionib.
410 5137 486 5225 tit.
523 5139 553 5222 6
582 5167 725 5252 praes.
761 5137 822 5226 89
853 5183 882 5202 -
915 5135 977 5222 ibi
1010 5181 1040 5198 -
1071 5133 1275 5220 Dubitari
1307 5163 1427 5246 saepe
1458 5129 1577 5226 solet,
1602 5157 1677 5213 ⁴an

193 5261 421 5377 oirpiuitas
427 5277 780 5376 praesumatur...
802 5257 1058 5346 Declaratur
1068 5258 1230 5370 prime,
1250 5255 1349 5357 ltacc
1368 5251 1675 5370 praesumptio,

194 5397 236 5467 ut
271 5383 404 5471 lacum
435 5414 516 5470 nea
549 5382 709 5487 tabeat,
748 5379 913 5500 quaudo
946 5393 1088 5467 extant
1109 5379 1363 5466 coniecturae
1385 5393 1422 5464 et
1440 5376 1565 5492 'sipuu
1587 5403 1681 5461 cor·

195 5507 464 5622 ruptionis...
481 5505 668 5594 Secunda
684 5523 742 5595 est
759 5505 1010 5600 coniectura,
1036 5499 1278 5614 QUANDO
1294 5497 1526 5592 PUELLA
1544 5489 1681 5584 IPSA

129 5647 134 5654 ’
1525 5647 1553 5733 7
