4558 6340
565 365 658 456 221
1032 357 1114 444 Dic
1144 354 1206 442 26
1242 351 1413 470 Aprilis
1449 353 1585 442 t879.

565 483 816 580 centenaria
846 479 1142 580 observantia,
1194 507 1282 594 qua
1317 475 1539 564 mediante
1571 475 1719 564 omnia
1753 473 2058 592 praescriban-

567 629 658 714 tur,
696 605 844 694 ornnia
879 619 1120 702 mutantur,
1148 597 1610 716 omnia'acquiruutur
1645 601 1706 685 Dc
1738 599 1849 684 Luca
1881 598 1946 684 Dc
1978 600 2060 686 Ga·

567 766 665 822 aon.
702 730 822 816 Dise.
841 727 889 813 2.
921 757 965 812 n.
992 726 1038 821 6,
1062 723 1168 810 lloto
1189 755 1328 808 coram
1364 722 1539 808 Molinae
1574 723 1710 808 Dacis.
1747 722 1840 807 962
1871 753 1987 807 arant.
2013 726 2055 810 7.

569 857 642 946 Ad
676 881 810 974 quem
846 847 1050 935 ellectum
1074 844 1317 934 sufficerent
1339 861 1527 962 quatuor
1547 841 1826 962 Apostolicae
1848 845 2062 961 provisio-

571 1010 664 1080 nes,
691 1005 804 1094 qrrae
826 971 1028 1060 ellectum
1051 968 1178 1085 plene
1196 969 1359 1056 luerint
1389 967 1567 1054 sortitae
1600 967 1656 1054 ad
1689 966 1850 1054 tradita
1873 997 1954 1085 per
1985 969 2064 1054 llo·

573 1117 662 1190 tam
697 1100 741 1185 in
777 1094 905 1183 decis.
941 1093 1032 1180 333
1065 1123 1178 1176 natm.
1215 1093 1244 1178 5
1277 1123 1386 1207 seqq.
1412 1091 1474 1177 Ex
1497 1089 1661 1207 quibus
1693 1091 1851 1178 Orator
1886 1089 2063 1178 triade-

571 1220 692 1312 dueit
725 1221 770 1306 l.
808 1215 1142 1331 Praepositurae
1168 1213 1433 1330 Dignitatem
1469 1242 1556 1298 nou
1587 1211 1720 1300 luisse
1752 1241 1999 1300 concessam
2034 1244 2058 1300 a

571 1342 790 1460 Capitale,
817 1338 895 1428 sed
930 1335 1281 1453 independenter
1313 1337 1371 1422 ab
1404 1337 1561 1424 endem
1609 1337 1859 1434 subsistere,
1896 1336 1943 1422 2.
1972 1365 2062 1423 esse

574 1495 727 1554 veram
750 1462 1020 1580 Dignitatem
1049 1457 1268 1576 quaesibi
1307 1457 1497 1546 vindicat
1531 1459 1680 1545 omnia
1716 1457 1826 1559 iura,
1862 1475 1904 1546 et
1940 1489 2062 1573 prae-

574 1588 791 1704 rogativas
809 1584 977 1700 primae
1002 1581 1212 1698 Dignitati
1244 1595 1561 1696 competentes,
1588 1583 1633 1667 3.
1655 1611 1742 1666 non
1770 1581 1900 1668 licere
1932 1581 2060 1698 quaid-

571 1741 706 1829 quam
739 1709 849 1796 circa
884 1703 1087 1792 eamdem
1110 1717 1301 1790 statuere
1335 1702 1579 1790 inconsulto
1612 1705 1795 1793 Summo
1827 1703 2052 1806 Pontifice,

580 1833 655 1952 qni
679 1827 1071 1946 manusapposuit.
1211 1829 1215 1836 ’

704 1951 861 2064 Quoad
895 1950 1135 2038 secaradum
1171 1965 1317 2064 caput,
1356 1979 1453 2034 cam
1490 1951 1698 2038 Summus
1736 1947 1933 2035 Pontifex
1949 1977 2062 2035 con-

574 2074 726 2166 tuterit
761 2072 1013 2190 Praeposito
1048 2071 1226 2159 Pirinoli
1261 2071 1520 2189 dignitatem
1565 2103 1656 2157 cam
1700 2071 1892 2158 omnibus
1943 2070 2063 2156 illins
2117 2175 2120 2184 y

577 2196 744 2286 iaribas
791 2229 837 2282 uc
871 2195 1137 2310 pertinentiis
1174 2195 1419 2282 admiratur
1441 2195 1560 2310 quod
1595 2193 1739 2281 cidem
1789 2195 1958 2280 minora
1982 2193 2064 2280 de-

575 2339 814 2436 negentur,
839 2316 948 2405 dum
971 2317 1137 2404 maiora
1168 2317 1470 2406 conceduntur
1501 2317 1554 2404 ad
1576 2347 1775 2404 uormmn
1800 2317 1925 2403 Caer.
1949 2317 2061 2432 Epi-

576 2473 692 2558 acop.
736 2440 813 2527 lib.
861 2443 890 2526 2
938 2471 1032 2556 cap.
1082 2441 1142 2526 3t
1190 2457 1234 2526 et
1281 2440 1584 2528 declarationis
1631 2441 1676 2529 S.
1717 2442 1803 2526 Rit.
1856 2441 2062 2554 Conprep.

579 2568 624 2652 ia
673 2561 910 2650 Gernadea.
950 2563 1086 2660 17112,
1123 2562 1191 2650 cui
1226 2563 1341 2650 enirn
1378 2565 1473 2682 plns
1507 2563 1622 2665 licet,
1661 2593 1745 2649 non
1780 2561 1915 2650 debet
1948 2563 2066 2676 qnod

578 2687 724 2776 minus
746 2699 914 2774 estnon
934 2685 1066 2772 licere
1088 2717 1139 2772 ea
1164 2717 1252 2798 rep.
1280 2686 1340 2773 53
1376 2689 1462 2774 iar.
1489 2689 1536 2772 in
1558 2687 1601 2772 6.
1624 2684 1823 2772 Praelata
1847 2683 2064 2802 siqnidem

576 2808 687 2899 sede
720 2808 763 2894 in
801 2806 946 2893 medio
982 2824 1079 2924 post
1119 2809 1271 2911 altare,
1323 2809 1638 2898 animadvertit
1673 2808 1815 2894 locum
1868 2807 2063 2894 mediam

578 2963 659 3050 pro
691 2927 878 3045 digniori
923 2929 1075 3018 haberi
1117 2930 1210 3016 sive
1259 2929 1377 3046 apud
1414 2931 1679 3049 prophanas,
1717 2931 1809 3018 sire
1842 2929 1959 3047 apud
1996 2932 2071 3017 uc-

578 3052 839 3144 clesiasticos
872 3053 934 3138 uti
968 3085 1023 3140 ex
1070 3054 1258 3144 Nicaena
1300 3051 1467 3168 cynred„
1521 3069 1567 3140 et
1615 3053 1782 3138 Daniel.
1836 3052 1942 3167 Cap.
2003 3055 2062 3139 13

585 3215 603 3254 ε
646 3176 826 3266 Veniet
858 3173 951 3261 sede
983 3177 1028 3261 ia
1062 3175 1205 3264 taedio
1248 3193 1452 3274 nostram,
1504 3193 1543 3264 et
1593 3176 1738 3263 indica
1779 3173 1914 3272 nodis,
1966 3175 2064 3290 qaia

584 3297 662 3384 tibi
694 3300 805 3382 Dens
848 3295 967 3385 dedit
1005 3297 1200 3387 donarem
1243 3300 1458 3386 smectatis
1498 3341 1537 3384 ι.
1579 3300 1623 3387 Si
1660 3300 1807 3416 itaque
1856 3329 1910 3386 ex
1962 3297 2065 3384 iaris

582 3418 868 3535 dispositione
900 3420 1020 3538 prior
1043 3423 1292 3518 nominatus
1324 3453 1349 3510 a
1381 3425 1567 3512 Sumam
1600 3421 1811 3509 Pontilice
1845 3420 2068 3540 praecellit

584 3541 854 3660 subscriptos
888 3541 930 3628 in
966 3542 1121 3653 iisdem
1156 3544 1308 3632 litteris
1341 3545 1447 3660 Gap.
1478 3544 1680 3632 Maadato
1702 3545 1745 3631 ia
1764 3545 1840 3642 6.,’
1867 3561 1911 3631 et
1932 3541 2070 3658 magis

578 3663 880 3784 privilegiatus
916 3665 1075 3753 minori
1109 3666 1386 3784 privilegiato
1420 3669 1680 3784 praelector,
1722 3667 1829 3782 Cap.
1868 3667 2060 3752 Acernat.

580 3787 631 3876 de
665 3785 825 3874 Priail.
864 3787 910 3874 ia
941 3789 1010 3888 6„
1048 3789 1210 3876 exinde
1248 3791 1370 3907 sequi
1422 3789 1605 3878 affirmat
1656 3805 1702 3878 ut
1748 3791 1824 3907 qui
1875 3787 2064 3908 primam

585 3909 855 4025 Dignitatem
891 3911 1051 3998 retinet
1081 3943 1329 4028 qaoorrmqae
1361 3913 1523 3998 nornine
1542 3929 1723 4010 uocetur,
1759 3911 1907 4028 alique
1939 3943 2071 4025 proe-

580 4029 691 4118 ectlil
704 4029 823 4118 ¹alias
840 4031 1019 4118 eiusdem
1037 4035 1249 4120 Ecclesiae
1268 4034 1513 4150 dignitates:
1531 4035 1672 4155 Scorl'.
1686 4037 1784 4122 tac.
1798 4035 1906 4121 Can.
1921 4033 2016 4119 tit.
2046 4031 2059 4116 l

585 4153 671 4240 Tit.
725 4155 785 4239 10
817 4185 859 4238 a.
901 4155 975 4257 13,
1004 4159 1133 4244 etDc
1173 4158 1286 4244 Laco
1309 4157 1573 4246 del'raeem.
1602 4159 1706 4246 dise.
1746 4159 1808 4246 20
1839 4191 1884 4244 n.
1922 4155 2074 4242 tha·

585 4273 664 4362 het
696 4279 742 4362 in
775 4275 1023 4392 Collepiatia
1053 4281 1178 4398 firma
1199 4311 1357 4396 semper
1380 4299 1612 4368 remanente
1629 4282 1956 4397 praeeminentia
1975 4278 2073 4392 pri·

579 4429 670 4484 mae
713 4399 965 4514 Dipnitatis.
1018 4404 1139 4490 llanc
1189 4435 1318 4520 porro
1351 4404 1702 4522 praecedentiam
1750 4435 1838 4492 non
1887 4399 2075 4488 restrin-

584 4521 628 4638 gi
662 4521 799 4608 relate
832 4523 888 4611 ad
922 4523 1163 4612 lunationes
1196 4555 1310 4643 quae
1356 4529 1465 4614 liunt
1515 4529 1625 4615 intm
1676 4527 1910 4617 Ecclesiam
1945 4522 2074 4609 docet

580 4642 799 4762 Scnrsont.
836 4642 917 4732 lor.
954 4649 1027 4734 cit.
1064 4679 1107 4734 a..
1135 4648 1194 4736 l5
1215 4699 1242 4714 -
1266 4651 1328 4737 ibi
1349 4697 1379 4716 -
1415 4689 1432 4728 ι
1472 4653 1565 4737 Non
1600 4669 1664 4738 est
1687 4652 1756 4740 laic
1778 4647 2075 4737 omittendum

591 4805 608 4844 ι
648 4766 707 4854 ad
761 4767 1005 4882 pleniorem
1050 4769 1180 4859 huius
1228 4771 1437 4860 materiae
1486 4774 1699 4878 notitiam,
1747 4772 1866 4892 qaod
1915 4770 2073 4860 eadem

590 4927 607 4965 c
648 4915 827 5006 prorsus
858 4893 1010 5010 regula
1042 4895 1259 4982 servanda
1298 4913 1361 4983 est
1396 4927 1472 5013 pro
1507 4897 1838 4984 determinanda
1863 4921 2077 5012 persona-

592 5049 613 5088 ·
650 5041 746 5099 rum
775 5015 1147 5129 praecedentiam
1173 5019 1341 5108 actibus
1361 5018 1440 5136 qui
1463 5035 1671 5137 geruntur
1686 5039 1807 5108 extra
1819 5015 2071 5113 Ecclesiam,
2225 5027 2228 5031 ’

590 5169 608 5209 c
645 5165 699 5222 reo
717 5136 1010 5227 observantur
1029 5141 1074 5226 in
1095 5141 1196 5244 illis,
1221 5143 1299 5260 qui
1327 5144 1439 5230 intra
1471 5141 1676 5230 eamdem
1700 5142 1826 5244 strant,
1853 5172 1908 5228 ac
1928 5135 2074 5258 proin·-

588 5294 611 5330 0
642 5255 705 5344 oe
732 5259 771 5345 si
806 5259 907 5376 quis
928 5261 1208 5368 incedendo,
1235 5264 1303 5353 vel
1328 5263 1574 5354 incedendo
1620 5265 1667 5352 in
1703 5265 1891 5353 Ecclesia
1939 5259 2074 5350 tabet

592 5413 609 5452 ι
649 5383 1459 5504 praecedentiamdcbctparilormiter
1477 5387 1607 5475 simili
1627 5385 1820 5504 gaudere
1839 5410 2072 5504 praeroga·

584 5534 607 5574 ι
626 5501 739 5620 ‚tiva
776 5506 820 5591 in
855 5507 1035 5625 reliquis
1070 5508 1378 5614 luacdmihus,
1413 5537 1516 5600 natu
1535 5531 1645 5602 esset
1663 5511 1920 5617 absurdum,
1944 5501 2068 5628 quod
