4350 6326
590 351 671 438 Die
703 353 764 438 20
795 351 1045 466 Septembris
1079 350 1215 441 t879.
1559 355 1651 449 503

10 469 11 486 '
140 472 232 563 lib.
278 476 435 562 3vnr.
474 503 567 588 arcp.
609 473 664 560 t3
699 505 810 561 aretin.
848 475 893 562 5.
931 477 983 562 Et
1032 475 1199 592 optimo
1232 476 1412 598 quidem
1447 478 1644 586 consilio,

145 598 234 684 tali
262 595 383 686 enim
408 595 723 684 consuetudine
746 595 1035 712 praebendati
1058 597 1224 686 lucilius
1241 600 1543 691 vacationibus
1564 604 1650 694 sibi
1747 705 1753 720 .

137 719 371 809 concessis
406 733 648 822 uterentur,
666 733 798 836 atque
821 718 896 822 ita,
922 719 1069 807 auimo
1093 719 1408 842 aliquantisper
1430 725 1643 831 relaxato,

146 840 408 930 ferventius
441 857 483 926 et
517 839 700 928 alacrius
734 839 788 929 ad
834 839 1077 930 recitandas
1111 843 1247 930 Horas
1279 846 1509 934 canonicas
1542 848 1650 936 alia·

144 995 248 1082 que
285 961 571 1052 ecclesiastica
605 961 844 1050 ministeria
878 963 1084 1052 obeunda
1119 963 1330 1054 redirent.

283 1087 343 1176 Eo
376 1085 446 1172 vel
481 1083 631 1172 lortius
664 1087 766 1202 quia
815 1085 907 1200 ipsa
940 1115 1119 1204 quoque
1161 1086 1367 1175 innititur
1416 1091 1652 1183 Constitu·
1745 1133 1748 1142 λ

143 1207 356 1294 tionibus
388 1206 732 1326 Capitularibus,
770 1206 1010 1326 inquibus
1044 1209 1257 1323 expressis
1291 1207 1437 1299 verbis
1471 1231 1655 1304 cavetur

141 1330 240 1416 sub
277 1329 322 1450 S.
359 1330 418 1416 23
451 1345 498 1414 ut
519 1329 788 1446 qui,eecepto
821 1329 1053 1417 uacationis
1086 1347 1281 1446 tempore,
1308 1331 1470 1421 divinis
1502 1333 1655 1458 officiis

140 1482 238 1538 non
276 1450 548 1570 interfuerint
563 1466 811 1568 penetentnr
833 1467 871 1540 et
893 1450 1207 1541 distributiones
1230 1454 1500 1570 quotidianas
1535 1459 1653 1548 nullo

141 1573 282 1662 modo
314 1573 572 1690 percipient.
590 1573 932 1664 Constitutioues
956 1605 1086 1692 porro
1109 1575 1372 1692 capitulares
1395 1578 1537 1696 legem
1575 1613 1652 1698 pro

141 1695 548 1816 Capitulo‘edicere
562 1712 730 1784 certum
749 1713 829 1800 est,
842 1697 1033 1786 maxime
1049 1696 1102 1800 si,
1115 1714 1163 1786 ut
1182 1697 1224 1784 iu
1249 1699 1458 1804 themate,
1474 1702 1530 1788 ab
1553 1703 1647 1822 ipso

140 1819 235 1908 loci
275 1817 509 1907 Ordinario
557 1819 859 1938 promulgatae
898 1838 939 1905 et
978 1818 1123 1908 editae
1172 1819 1352 1910 luerint.
1396 1823 1484 1912 Nee
1517 1823 1642 1916 deest

141 1940 510 2030 rationabilitatis
543 1941 670 2045 ratio,
713 1943 771 2030 ob
804 1969 937 2060 quam
972 1941 1133 2030 isthaec
1155 1942 1441 2049 cousuetudo,
1465 1976 1544 2034 ceu
1569 1949 1641 2037 lex

142 2064 323 2152 indicta
357 2063 455 2153 luit.
492 2061 864 2181 Quandoquidem
899 2064 1041 2184 ipsam
1082 2065 1315 2184 plusquam
1349 2063 1645 2160 centenariam

143 2217 250 2275 esse
281 2185 487 2289 dubitare
512 2185 574 2275 las
614 2217 700 2274 non
739 2205 821 2292 est,
873 2187 996 2277 sicuti
1036 2202 1080 2275 et
1126 2189 1421 2277 centenariam
1472 2191 1516 2277 iu
1551 2193 1647 2283 iure

143 2309 430 2427 aequiparari
466 2309 806 2398 immemorabili
844 2378 854 2412 ,
892 2309 1257 2398 immemorialem
1304 2341 1409 2400 vero
1441 2314 1650 2432 aequipa-
1726 2314 1732 2324 ’

144 2431 243 2520 rari
278 2431 510 2550 privilegio
542 2429 696 2528 docet
718 2432 855 2532 Gloss.
891 2431 937 2518 in
971 2461 1063 2548 cap.
1103 2432 1228 2520 Novit
1269 2432 1320 2520 de
1351 2433 1487 2520 India.
1524 2437 1640 2528 verb.

144 2553 491 2642 consuetudinem
510 2569 553 2640 et
572 2571 691 2670 patet
714 2587 766 2644 ex
800 2585 894 2671 cap.
930 2555 1063 2670 Super
1107 2555 1353 2672 qmbusdam
1397 2554 1645 2678 docentque

143 2708 247 2766 una
281 2677 386 2765 eobo
420 2677 521 2782 DD.

285 2800 436 2918 Neque
469 2799 616 2886 obstat
648 2799 682 2888 si
718 2799 888 2888 dicatur
920 2831 1018 2888 cum
1070 2800 1214 2888 Probo
1246 2799 1304 2886 ad
1349 2801 1546 2890 Monaeb.
1600 2805 1646 2890 in

146 2922 194 3009 d.
239 2953 333 3038 cap..
367 2954 440 3010 nn.
477 2921 541 3007 De
572 2921 717 3010 cleric.
753 2953 834 3008 non
867 2919 999 3009 rasid.
1038 2921 1083 3007 in
1122 2923 1151 3008 6
1183 2954 1297 3010 num.
1325 2923 1387 3012 34
1421 2943 1648 3014 asserente

148 3046 289 3132 talem
323 3041 685 3134 consuetudinem
720 3074 807 3132 uon
844 3045 1005 3147 valere,
1043 3060 1085 3130 et
1120 3043 1380 3164 accipientes
1427 3046 1643 3136 distribu·
1772 3107 1774 3110 -

148 3167 297 3257 tiones
332 3168 374 3252 in
409 3165 608 3254 absentia
643 3167 778 3254 teneri
812 3167 869 3256 ad
903 3165 1245 3271 restitutionem,
1283 3198 1382 3255 cum
1409 3169 1507 3257 talis
1539 3200 1645 3258 con·

151 3289 342 3378 suetudo
376 3286 725 3404 reprebendatur
743 3289 787 3376 in
806 3286 853 3374 d.
874 3319 966 3404 cop.
985 3319 1061 3374 nn.
1079 3305 1122 3374 et
1155 3319 1286 3407 saepe
1318 3323 1343 3377 a
1377 3292 1424 3381 S.
1446 3293 1643 3410 Congre-

131 3411 331 3529 gatioue
363 3403 632 3501 Concilii'sit
681 3409 872 3498 decisum
917 3410 1120 3499 absentes
1169 3413 1453 3500 recreationis
1507 3445 1642 3503 eausa

151 3563 243 3621 non
279 3534 434 3622 lucrari
469 3532 549 3620 uisi
583 3531 746 3621 tructus
779 3531 1097 3622 beneficiorum
1132 3549 1176 3620 et
1223 3533 1342 3624 nullo
1387 3534 1522 3623 modo
1574 3535 1644 3625 di-

151 3653 440 3744 stributiones
474 3655 763 3774 quotidianas,
808 3685 887 3745 nec
925 3653 1286 3746 consuetudinem
1338 3656 1642 3747 immemoria·

154 3777 242 3866 lem
277 3779 466 3868 obstare.

92 3900 94 3906 ’
277 3905 386 3990 Nam
423 3903 466 3989 in
516 3904 632 3994 dicto
682 3901 823 4021 capite
873 3901 999 3991 unico
1045 3902 1322 4019 improbatur
1361 3902 1641 3993 consuetudo

153 4027 199 4113 in
232 4023 500 4142 quibusdam
535 4025 732 4115 Ecclesiis
766 4023 1011 4113 introducta
1044 4043 1092 4112 ut
1125 4026 1199 4142 qui
1234 4025 1377 4113 absint
1431 4057 1456 4113 a
1503 4027 1640 4116 cboro

150 4147 320 4264 absque
356 4149 464 4234 iusta
509 4167 552 4238 et
584 4149 781 4265 legitima
816 4177 941 4235 eausa
975 4147 1032 4234 de
1056 4147 1147 4234 iure
1170 4177 1369 4236 concessa
1391 4141 1638 4264 percipiant

151 4267 498 4376 distributiones,
539 4303 623 4358 uon
643 4302 749 4359 vero
775 4270 1081 4388 improbantur
1103 4269 1275 4359 loturae
1297 4270 1638 4358 consuetudines

155 4393 377 4508 legitimae
411 4394 715 4512 praescriptae,
752 4391 880 4482 sicuti
914 4423 994 4480 nec
1029 4393 1143 4509 ipsas
1183 4393 1407 4509 improbat
1449 4393 1639 4481 Triden-

154 4513 295 4602 tinum
332 4516 375 4601 in
409 4547 504 4602 sess.
542 4517 603 4603 at
635 4546 729 4632 cap.
767 4515 826 4602 l2
861 4513 912 4600 de
944 4515 1119 4632 reform.
1157 4515 1234 4602 obi
1270 4515 1310 4602 in
1348 4528 1472 4602 usum
1509 4543 1639 4602 revo-

152 4656 222 4724 cat
254 4637 466 4725 Bouilacii
500 4637 883 4729 constitutionem.
934 4639 1132 4726 lamvoro
1176 4638 1211 4724 si
1248 4640 1317 4726 lex
1371 4665 1458 4723 uon
1508 4636 1640 4725 faeiat

154 4760 422 4850 mentionem
455 4759 511 4849 de
544 4760 858 4850 cousuetudine
885 4755 1056 4863 lutura,
1094 4760 1171 4848 sed
1216 4758 1473 4876 simpliciter
1519 4759 1640 4847 tollat

151 4883 435 5000 praeteritam
457 4883 834 4987 consuetudinem,
851 4881 972 5000 quod
995 4881 1131 5001 possit
1148 4881 1205 4968 de
1227 4911 1340 4968 novo
1368 4881 1515 4970 induci
1539 4913 1640 4970 eon·

151 5005 340 5094 suetudo
373 5005 518 5094 eidem
543 5007 627 5125 legi
662 5007 875 5125 derogans
908 5003 1069 5093 docent
1101 5003 1236 5091 Gloss.
1262 5003 1308 5091 in
1332 5003 1462 5090 Glem.
1495 5004 1636 5091 Statu·

153 5145 239 5214 turn
277 5127 327 5214 de
355 5127 490 5228 elect„
530 5128 720 5216 Ancbnr.
750 5129 794 5215 in
816 5159 910 5244 cap.
936 5128 954 5212 l
987 5126 1039 5214 de
1070 5123 1251 5214 Constit.
1276 5127 1323 5214 in
1344 5127 1391 5213 6⁰
1407 5157 1523 5214 nnm.
1549 5129 1625 5229 30,
1661 5163 1664 5170 ¹

152 5250 309 5338 cover.
347 5250 424 5337 loc.
473 5251 544 5340 eit.
579 5257 711 5338 'nana
747 5252 793 5358 le,
834 5253 1026 5367 Vasqnez
1071 5247 1307 5366 cadim.
1346 5249 1436 5339 tw
1467 5281 1563 5366 cap.
1601 5251 1631 5337 8

149 5404 261 5460 num.
299 5373 376 5460 70.
413 5373 505 5460 lmo
539 5373 639 5463 licet
672 5373 1193 5491 consuctudotamquam
1222 5372 1533 5461 irrationabilis
1551 5401 1638 5494 per

148 5493 290 5614 legem
326 5497 559 5614 reprobata
591 5497 662 5601 sit,
699 5493 847 5586 tamen
881 5493 1004 5617 posse
1038 5497 1149 5585 vires
1173 5523 1395 5584 resumere
1414 5495 1470 5586 ad
1488 5495 1632 5616 legem
