4530 6336
723 295 806 382 Die
834 295 897 383 26
927 293 1034 384 lolii
1067 295 1206 384 t879.
1617 299 1708 387 323

221 423 287 516 nti
322 421 414 536 ipsa
448 417 609 506 mulier
642 447 759 506 nunc
782 416 917 505 vidua
939 417 1124 506 llletthar
1145 418 1329 538 eiusque
1349 415 1497 520 hevir,
1520 447 1569 506 ac
1591 421 1715 508 Prin·

223 575 327 662 ceps
360 540 619 659 Pelagoniae
646 556 748 628 tunc
779 541 911 632 Siculi
944 540 1075 658 Regis
1100 543 1142 628 in
1165 542 1352 631 anaria
1376 541 1542 660 legatus
1574 544 1719 658 probe

227 680 459 758 testantur.
483 662 590 750 Huic
611 675 758 750 autem
783 662 956 750 mrrlieri
982 663 1159 752 honoris
1181 679 1226 753 et
1244 663 1425 754 affectus
1447 663 1632 750 vinculis
1654 664 1721 752 ita

224 786 405 880 Petrum
436 787 688 874 devinctum
716 785 848 872 luisse
892 804 1110 874 asseverat
1140 787 1317 890 Orator,
1360 805 1410 874 ιιι
1445 786 1722 902 impossibile

226 912 364 1001 lermc
389 909 501 998 leret
543 908 617 996 alii
653 908 827 996 mulieri
861 939 991 997 suum
1015 909 1206 1000 adiicere
1227 911 1442 998 animum.
1463 905 1522 994 At
1545 924 1723 1022 praeter

226 1030 1721 1146 huiusmodiobstaculumprolibarenubendoluliaeChel·d’llostel

228 1157 347 1248 aliud
383 1151 631 1244 adinveniri
653 1153 839 1270 adurget
863 1153 907 1240 in
932 1154 1177 1244 invincibili
1202 1155 1445 1274 antipathia
1464 1172 1508 1242 et
1532 1155 1721 1243 naturali

229 1278 462 1375 aversione
482 1278 595 1366 hanc
622 1306 725 1390 erga
761 1275 1010 1380 mulierem,
1034 1280 1106 1366 cni
1145 1281 1319 1368 nonnisi
1358 1276 1487 1366 minis
1515 1276 1724 1365 exhaere-

228 1400 422 1493 dationis
440 1401 498 1489 ab
522 1399 655 1486 amita
678 1397 848 1486 Eulasia
872 1399 1052 1489 incussis
1075 1400 1393 1520 despopondit.
1409 1400 1576 1488 Omnes
1598 1398 1718 1486 enim

229 1522 498 1614 conveniunt
520 1521 579 1610 ab
600 1520 791 1638 ipsomet
816 1521 982 1610 inducti
1003 1539 1137 1613 testes
1161 1556 1247 1614 nna
1270 1553 1369 1612 curn
1389 1519 1567 1610 Notario
1586 1523 1723 1608 Bren-

231 1644 642 1736 nctuitabadvcrsa
657 1660 780 1760 parte
793 1645 1007 1759 producto
1051 1641 1571 1767 (quibusplenamhrlcm
1594 1674 1724 1762 prae-

230 1761 432 1860 standam
464 1797 557 1856 esse
579 1767 731 1854 subdit
764 1785 946 1883 propter
976 1771 1144 1858 bonum
1179 1771 1298 1860 vitae
1331 1767 1651 1872 testimonium,
1678 1784 1723 1856 ct

230 1889 528 1980 corrditionem
556 1887 760 1978 socialem
795 1887 840 1974 in
865 1923 952 2008 qua
976 1895 1199 1982 constituti
1236 1888 1538 2009 reperiuntur)
1573 1889 1616 1974 in
1642 1889 1720 1979 de·

232 2013 438 2104 claranda
473 2027 561 2100 tam
586 2013 865 2129 praecedenti
890 2017 1111 2105 Bosmelet
1135 2017 1375 2133 antipathia
1397 2043 1500 2131 erga
1523 2011 1717 2128 puellam

232 2136 588 2239 Chol-d’llostol‚
627 2165 761 2252 quarn
796 2135 841 2222 in
874 2141 1105 2229 statuenda
1144 2139 1305 2239 amitae
1343 2138 1568 2257 pressione
1608 2137 1724 2222 eius-

235 2291 323 2377 que
355 2257 485 2346 minis
518 2256 934 2361 exhaeredationis,
973 2280 1019 2348 ut
1063 2263 1305 2380 praefatam
1350 2261 1533 2351 duceret
1567 2257 1727 2346 mulie-

234 2411 349 2470 rem.
1666 2413 1683 2424 ·*

360 2503 662 2618 Antipathiam
696 2521 842 2591 autem
878 2505 1012 2624 magis
1049 2507 1273 2627 magisque
1307 2503 1506 2594 roborari
1536 2498 1725 2591 affirmat

236 2645 327 2716 tam
360 2657 415 2713 cx
447 2624 720 2714 confessione
753 2624 889 2742 ipsius
923 2629 1146 2734 mulieris,
1193 2659 1309 2748 qnae
1346 2629 1389 2717 in
1414 2623 1619 2748 precibus
1642 2655 1724 2741 pro

236 2747 515 2868 separatione
549 2747 757 2838 tribunali
796 2749 914 2837 civili
950 2752 1155 2842 exhibitis
1181 2753 1290 2842 lassa
1314 2767 1378 2840 ost
1404 2793 1421 2830 ι
1449 2749 1529 2838 che
1551 2747 1595 2834 in
1619 2746 1723 2864 ogni

244 2914 258 2950 ι
299 2901 434 2988 epora
466 2871 496 2958 il
530 2871 687 2988 Signor
720 2869 768 2958 di
791 2873 1013 2962 Bosmelct
1034 2875 1088 2964 ha
1111 2877 1370 2965 dimostrato
1388 2873 1472 2962 alla
1494 2901 1574 2959 sua
1596 2901 1725 2987 sposa

243 3038 260 3074 ι
301 2995 340 3082 la
374 2992 451 3112 piri
484 2993 652 3110 grande
685 2991 999 3100 indillcrouza,
1037 2999 1117 3087 che
1150 3002 1368 3117 giungeva
1417 2997 1571 3085 alcuna
1603 2993 1724 3081 volta

245 3160 261 3196 ι
301 3115 393 3204 lino
427 3115 466 3202 al
500 3115 723 3234 disprczzo
751 3158 791 3218 ι,
828 3149 962 3235 quam
996 3151 1051 3209 ex
1085 3123 1219 3238 ipsius
1261 3139 1362 3210 ante
1396 3116 1726 3207 matrimonium

241 3239 522 3360 persuasione
552 3271 637 3357 (pun
671 3269 750 3326 uos
784 3257 935 3328 monet
968 3242 1080 3331 adeo
1113 3276 1217 3360 erga
1250 3243 1484 3333 mulierem
1508 3243 1752 3328 Bamnem.

238 3393 331 3454 sese
364 3359 692 3453 indillerentem
725 3360 871 3465 luisse,
909 3373 958 3454 ht
1007 3366 1100 3483 ipsa
1133 3367 1390 3485 dignoscere
1440 3361 1635 3482 potuerit
1666 3359 1726 3448 li-

241 3516 344 3574 nem
376 3485 492 3572 illius
523 3484 642 3574 haud
677 3485 833 3602 ipsam,
869 3487 985 3576 bene
1018 3519 1124 3578 vero
1157 3521 1280 3579 suam
1315 3489 1465 3578 dotem
1498 3511 1592 3574 esse
1629 3523 1647 3564 ι
1688 3482 1725 3570 il

239 3607 324 3696 erio
364 3608 556 3724 pensiero
588 3609 747 3696 ottnale
776 3610 799 3694 ri
829 3608 902 3696 elce
952 3611 995 3698 la
1031 3614 1119 3700 mia
1149 3615 1324 3736 [ortana
1355 3615 1376 3698 i
1407 3623 1515 3696 stata
1545 3636 1624 3722 per
1658 3603 1762 3701 tui.

242 3731 277 3820 r'l
305 3730 550 3847 principale
582 3745 766 3852 nocente
795 3730 867 3820 del
898 3736 1167 3824 matrimonio
1206 3751 1245 3823 »ζ
1282 3734 1363 3826 Cui
1397 3729 1584 3820 concinit
1608 3728 1725 3816 testi-

241 3855 440 3948 monium
475 3854 609 3970 ipsius
641 3856 844 3944 avunculi
878 3858 1052 3947 llemiei
1087 3858 1279 3972 Quesnel
1321 3851 1585 3976 deponentis
1622 3891 1640 3930 ι
1680 3849 1728 3936 lo

241 3979 294 4064 luo
328 4007 405 4067 rem
414 4007 493 4092 pre
523 3978 754 4067 rimarecto
787 3977 859 4066 che
892 3979 928 4066 it
957 3981 1114 4099 Sipnor
1148 3983 1294 4071 Pietro
1335 3975 1542 4067 Besrnelet
1574 4005 1647 4063 erc
1679 3972 1729 4062 di

241 4131 296 4186 nn
329 4117 534 4188 carattere
564 4101 692 4192 rrrolto
724 4101 880 4220 [reddo
913 4137 935 4190 e
967 4105 1096 4192 nrelto
1128 4107 1335 4192 risernato
1375 4143 1414 4190 ι.
1438 4099 1591 4188 ,Μίυαε
1613 4125 1729 4184 vero

241 4221 623 4314 exhaeredationis
655 4223 907 4316 confirmari
940 4257 995 4316 ex
1027 4227 1138 4334 laeto
1172 4259 1261 4345 quo
1294 4229 1450 4314 Petrus
1482 4220 1724 4321 besmelet‚

243 4377 445 4436 onerosas
478 4346 749 4436 conditiones
782 4347 943 4438 adiecit
978 4365 1025 4438 ut
1056 4349 1139 4438 sibi
1173 4363 1451 4469 praetextum
1476 4359 1649 4460 pararet
1671 4339 1729 4426 ad

243 4469 417 4585 nuptias
450 4469 730 4561 avertendas.
765 4472 913 4583 Quare
945 4471 1230 4591 augmentum
1261 4470 1377 4559 dotis
1410 4467 1605 4588 primum
1640 4491 1727 4580 pe-

247 4609 341 4678 tere
369 4592 553 4695 curavit,
590 4607 636 4680 at
656 4592 849 4684 obtinuit
877 4594 973 4684 «ha
1005 4595 1260 4684 demandato
1281 4591 1334 4682 ed
1354 4602 1537 4680 ettennto
1570 4618 1625 4674 nn
1648 4617 1731 4671 an·

248 4731 385 4810 meato
415 4713 464 4802 di
486 4745 657 4830 assepno
684 4755 701 4794 ι
728 4715 789 4804 ita
813 4719 1057 4808 contrarius
1092 4719 1210 4809 testis
1240 4715 1447 4831 Quosnel3
1468 4741 1570 4798 mox
1595 4709 1728 4797 inuti·

244 4835 346 4924 liter
368 4837 751 4928 commendatitias
782 4837 928 4930 literas
963 4860 1006 4932 ct
1037 4861 1236 4932 mutuam
1279 4837 1726 4958 pecuniaesnmmam

241 4989 360 5048 vane
391 4993 417 5048 a
449 4961 612 5050 loanne
644 4963 737 5050 Rex
771 4965 982 5078 expetivit
1016 4961 1397 5054 uttrnnslretando
1435 4955 1724 5048 hmericanas

245 5083 445 5201 regiones
476 5085 794 5180 aversationem
818 5101 862 5172 et
884 5083 1074 5176 familiae
1112 5083 1358 5202 pressiones
1378 5083 1591 5201 effugeret
1609 5117 1625 5157 ι
1646 5077 1728 5163 lle·

246 5235 292 5294 so
325 5205 382 5294 ita
417 5207 486 5297 hic
520 5205 637 5296 testis
669 5207 814 5298 uelem
834 5207 1039 5296 endore'n
1061 5209 1225 5331 fissarri
1250 5211 1294 5296 in
1315 5213 1409 5328 quei
1437 5219 1557 5325 paesi
1579 5235 1606 5290 a
1626 5201 1726 5323 fine,

246 5330 308 5415 mi
340 5325 501 5427 dicero,
538 5327 586 5416 ‹ti
617 5331 816 5418 settrersi
847 5331 905 5419 ad
935 5363 991 5418 nn
1023 5333 1324 5431 matrimonio,
1365 5327 1436 5419 rte
1470 5331 1513 5417 ln
1545 5357 1622 5416 atta
1650 5323 1730 5446 sa*

242 5449 400 5567 ariplr'a
446 5451 591 5548 colera
619 5453 824 5570 imporph'
858 5457 904 5543 ἰ.
948 5455 1167 5546 Perdoras
1217 5455 1322 5576 quin
1356 5453 1445 5542 imo
1467 5453 1629 5541 inactu
1654 5477 1736 5534 nu·

243 5573 392 5692 ptialis
423 5589 669 5666 contractus
701 5576 977 5669 conditiones
1009 5579 1246 5698 apposuit,
1283 5594 1344 5668 ut.
1366 5607 1414 5666 se
1443 5573 1471 5665 a'
1503 5571 1727 5664 matrinae
