4516 6318
538 376 632 465 112
984 373 1066 462 Die
1098 372 1156 460 15
1189 369 1415 458 Februarii
1448 369 1586 458 1879.

531 504 816 616 Quapropter
845 496 1071 585 decretum
1112 492 1331 582 Antistitis
1364 490 1654 582 viterbiensis
1687 491 1821 578 etiam
1855 489 1940 578 boc
1966 487 2039 578 'ex

532 625 670 714 latere
707 621 950 736 inspectum
985 634 1135 736 aperta
1169 607 1370 706 nullitate
1405 613 1511 704 allici
1551 613 1788 718 concludit,
1825 645 1905 702 ceu
1940 614 2045 704 ele-

537 763 693 864 ganter
724 744 867 830 innuit
901 743 1088 858 ipsemet
1130 739 1366 828 hodiernus
1413 742 1546 826 Effius
1591 738 1826 854 Episcopus
1859 736 1905 823 in
1941 735 2045 824 suis

543 869 677 958 literis
727 863 1058 952 inlormatoriis.
1107 867 1201 951 Huc
1247 880 1390 952 autern
1428 877 1668 978 perventus
1702 859 1761 946 ait
1795 859 2047 948 ridiculum

538 1021 645 1081 esse·
668 988 859 1076 obiicere
893 987 950 1076 de
984 985 1234 1076 huiusmodi
1268 985 1477 1100 rescripto
1511 983 1665 1075 disseri
1700 1013 1930 1098 nonposse
1952 980 2049 1068 nisi

540 1111 727 1231 aperitio
761 1111 846 1198 oris
881 1111 1001 1228 prius
1034 1110 1314 1226 impetretur.
1351 1107 1603 1198 lnauditum
1629 1106 1747 1192 enim
1769 1123 1833 1192 est
1855 1107 2049 1196 decreta

538 1235 881 1352 Episcoporum,
927 1264 1041 1353 quae
1058 1236 1265 1348 rescripta
1289 1234 1367 1324 SS.
1403 1229 1804 1348 Congregationum
1821 1229 2054 1346 interpre-

542 1373 709 1458 tantur,
747 1355 827 1444 bac
859 1355 945 1444 oris
977 1357 1221 1474 aperitione
1255 1351 1469 1472 indigere.

669 1478 739 1566 Ad
774 1479 1015 1566 secundum
1063 1509 1166 1566 vero
1214 1509 1316 1566 suae
1349 1475 1556 1564 orationis
1590 1491 1719 1591 caput
1759 1474 2045 1562 transvolans

541 1635 627 1694 non
647 1601 781 1690 modo
798 1601 995 1689 nullitate
1012 1601 1128 1690 inlici
1144 1601 1202 1687 ait
1221 1598 1466 1716 praelatum
1480 1598 1725 1700 decretum,
1741 1597 1818 1688 sed
1836 1596 1953 1684 inlici
1974 1611 2046 1684 et·

542 1731 630 1816 iam
650 1725 955 1841 famigeratam
977 1724 1313 1812 transactionem
1339 1724 1441 1810 anni
1467 1722 1604 1824 1706,
1627 1720 1841 1839 quiacum
1860 1719 2039 1807 dictum

542 1852 772 1942 decretum
809 1846 910 1932 anni
946 1848 1066 1934 1664
1089 1847 1221 1934 luerit
1258 1885 1275 1924 α
1317 1845 1408 1932 bose
1440 1845 1759 1966 e-fondanrcnto
1794 1842 2050 1930 dell'istro-

541 1987 676 2060 mento
711 1969 758 2056 di
792 1969 1017 2056 concordia
1049 1968 1261 2056 dell’nnno
1296 1969 1434 2066 1706,
1479 2009 1495 2048 ι
1533 1983 1577 2056 et
1611 1997 1711 2055 cum
1739 1965 1848 2056 illud
1884 1982 2049 2082 utpote

540 2093 710 2213 patenti
761 2092 960 2179 nullitate
1008 2093 1209 2180 laborans
1256 2091 1473 2178 corruerit
1520 2093 1581 2178 uti
1637 2121 1738 2177 mox
1791 2091 2039 2204 probatum

543 2219 641 2318 luit,
682 2246 821 2331 prono
856 2215 991 2302 veluti
1025 2214 1151 2302 alveo
1192 2213 1330 2302 lluere
1362 2213 1513 2302 subdit
1547 2230 1592 2303 et
1634 2211 1914 2300 concordiam
1955 2243 2040 2300 an·

544 2341 589 2430 ni
627 2337 750 2426 1706
792 2368 905 2454 quae
951 2335 1147 2453 praelato
1187 2336 1363 2425 decreto
1396 2337 1605 2437 accessit,
1644 2337 1759 2422 mole
1798 2367 1876 2422 sua
1912 2363 2051 2424 ruere

544 2487 851 2552 neccsseesse.
890 2459 1076 2571 Quando
1122 2460 1239 2546 enim
1275 2461 1516 2576 principale
1549 2489 1634 2546 nou
1675 2459 1899 2561 subsistit,
1947 2487 2044 2546 nec

545 2615 599 2673 ea
632 2613 746 2700 qnae
770 2597 1013 2699 sequnntur
1035 2583 1269 2670 consistere
1294 2614 1419 2698 posse
1449 2583 1628 2670 tradunt
1655 2581 1759 2697 lepus
1778 2582 1867 2670 ¹129
1890 2583 1961 2669 etl
1980 2583 2046 2670 78

543 2706 595 2830 [Γ.
633 2706 684 2793 de
716 2705 852 2820 repul.
892 2705 1001 2790 iuris
1034 2719 1072 2792 et
1101 2703 1152 2824 [Γ.
1190 2704 1241 2792 de
1266 2705 1404 2820 pecul.
1444 2706 1570 2821 legat.
1607 2707 1723 2793 llaec
1745 2705 1846 2792 satis
1879 2735 2044 2820 super·
2082 2719 2085 2724 ’

544 2861 632 2947 que
670 2859 763 2914 esse
799 2828 932 2914 ¹instat
967 2827 1020 2914 ad
1055 2827 1338 2944 famigeratae
1370 2828 1632 2918 concordiae
1667 2828 1912 2916 nullitatcm
1948 2827 2039 2916 illi·

547 2983 600 3042 co
634 2950 1010 3069 proclamandam3
1051 2981 1204 3038 verum
1239 2952 1324 3040 alia
1368 2951 1696 3040 vehementiora
1736 2967 1781 3038 et
1826 2951 2048 3039 validiora

548 3087 805 3192 argumenta
859 3103 954 3161 rem
1004 3075 1299 3193 perstringere
1348 3077 1582 3163 subsumit.
1625 3076 1738 3162 Saue
1785 3105 1923 3162 canon
1972 3088 2045 3162 est

548 3195 915 3312 iurisprudentiae
950 3215 1044 3284 tum
1078 3197 1216 3285 civilis
1240 3213 1331 3284 turn
1357 3195 1681 3288 Ecclesiasticae
1705 3197 2044 3286 transactionem

545 3319 640 3410 lieri
677 3349 764 3405 non
789 3341 915 3436 posse
940 3319 1019 3406 nisi
1054 3319 1109 3408 de
1143 3351 1190 3408 re
1224 3321 1358 3410 dubia
1393 3339 1436 3408 et
1470 3323 1545 3411 lite
1580 3321 1759 3424 incerta,
1798 3351 1878 3408 ceu
1911 3321 2047 3409 docet

548 3443 631 3530 lere.
670 3442 687 3527 l
729 3438 779 3560 [Γ.
819 3441 869 3528 de
918 3459 1115 3530 transact.
1162 3460 1205 3532 et
1248 3446 1330 3530 len.
1382 3446 1439 3532 12
1471 3444 1521 3566 [Γ.
1559 3444 1667 3532 God.
1714 3443 1871 3532 codem.
1918 3445 2034 3532 lam·

547 3597 652 3660 vero
700 3565 1040 3681 (lapellanorum
1093 3567 1187 3654 iura
1222 3567 1402 3654 minime
1445 3567 1581 3656 dubia
1622 3567 1753 3655 luisse
1796 3567 2033 3670 substinet,

548 3717 650 3778 cum
710 3718 761 3774 ea
804 3688 1048 3778 luculenter
1080 3706 1391 3806 promanarent
1433 3723 1457 3777 e
1497 3691 1722 3780 veteribus
1777 3719 2046 3778 monumen-

549 3815 604 3900 tis
648 3827 691 3898 et
743 3812 978 3928 praecipue
1022 3841 1047 3902 e
1084 3813 1263 3930 Synodo
1306 3813 1646 3902 Eminentissimi
1693 3811 1892 3930 Episcopi
1938 3809 2043 3898 bluti

550 3965 666 4024 anno
709 3933 830 4022 1614
882 3934 1014 4037 edita,
1055 3953 1147 4024 tum
1181 3969 1204 4023 e
1238 3935 1416 4052 Synodo
1457 3935 1800 4024 Eminentissimi
1842 3934 2045 4051 Episcopi

551 4055 772 4147 brancatii
806 4056 908 4144 anni
950 4060 1095 4162 t653,
1136 4058 1357 4178 equibus
1398 4059 1678 4148 manifestum
1720 4061 1913 4175 erumpit
1955 4088 2046 4144 ne-

548 4177 657 4266 dum
700 4179 850 4266 Missae
898 4182 1208 4270 Conventualis
1242 4213 1366 4285 onm,
1404 4182 1482 4270 sed
1531 4200 1574 4270 et
1622 4212 1679 4270 ue
1713 4181 1821 4270 illud
1856 4180 2043 4298 quidem

549 4301 777 4388 lllissarum
816 4301 872 4390 de
918 4304 1046 4394 Fert'a
1104 4325 1147 4394 ct
1190 4305 1246 4394 de
1279 4306 1325 4397 V
1325 4305 1453 4420 icitia
1476 4305 1531 4395 ad
1554 4335 1627 4396 eos
1666 4303 1942 4422 pertinuisse.
1982 4304 2044 4388 At

551 4453 610 4510 ne
659 4422 780 4512 litem
837 4425 1019 4542 quidem
1079 4427 1291 4516 incertam
1347 4427 1434 4516 dici
1491 4429 1683 4547 potuisse
1728 4426 2040 4544 prosequitur:

548 4545 596 4632 l⁰
633 4547 746 4658 Quia
795 4547 889 4636 iura
922 4549 1291 4666 Capellanorum,
1326 4551 1390 4642 uti
1431 4580 1535 4638 mox
1565 4553 1751 4654 dictum,
1782 4550 1876 4640 luce
1911 4549 2041 4636 meri-

550 4669 680 4763 diana
724 4669 906 4760 clariora
950 4674 1214 4764 emicabant:
1251 4673 1298 4762 2ο
1337 4673 1441 4792 quia
1479 4705 1575 4762 eam
1609 4673 1803 4764 Vicurius
1841 4675 2045 4762 Genera-

552 4792 604 4879 lis
622 4794 810 4896 viderat,
838 4814 881 4882 et
927 4798 1098 4884 innixus
1132 4796 1340 4912 praelatis
1381 4797 1549 4885 iuribus
1574 4797 1766 4912 ipsorum
1803 4795 1953 4884 lavore
1977 4794 2044 4882 di·

549 4932 759 5002 remerat:
797 4915 844 5004 3⁰
869 4919 1044 5006 taudem
1079 4922 1183 5036 quia
1216 4951 1315 5009 eam
1349 4935 1587 5036 agnoverat
1626 4919 1670 5008 in
1715 4937 1811 5006 actu
1855 4919 1901 5008 S.
1941 4916 2046 5006 Visi-

550 5036 726 5126 tatiouis
756 5039 889 5128 Effius
914 5041 1152 5158 Episcopus
1185 5047 1461 5148 santanaco,
1498 5057 1543 5133 et
1576 5073 1729 5131 eorum
1757 5042 1905 5132 lavore
1936 5038 2042 5130 deli·

553 5158 722 5250 niverat
748 5161 904 5250 Vicarii
930 5165 1157 5256 Generalis
1178 5167 1439 5256 seutentiam
1464 5165 1742 5256 confirmans.
1765 5169 1876 5258 Cum
1896 5166 2042 5280 itaque

552 5311 695 5397 neque
728 5313 796 5372 res
817 5281 969 5392 dubia,
997 5319 1076 5376 uec
1121 5289 1180 5382 ,lis
1234 5291 1398 5380 incerta
1454 5291 1498 5377 in
1533 5295 1726 5380 themate
1774 5289 1921 5392 luerit,
1971 5289 2039 5372 lu·

550 5405 845 5498 coloratissima
895 5429 1044 5525 patere
1076 5410 1208 5501 inlert
1244 5417 1578 5504 transactionem
1637 5415 1719 5502 rite
1763 5443 1813 5504 ac
1847 5411 2043 5530 legitime

552 5523 653 5734 ipici
698 5527 815 5738 bplud
864 5537 1085 5650 potuisse,
1134 5536 1323 5656 ideoque
1358 5537 1522 5626 nullam
1558 5569 1606 5626 oc
1633 5536 1804 5626 irritam
1827 5566 1920 5628 esse
1945 5561 2044 5656 pro·

555 5679 727 5737 caman
764 5683 852 5740 am.
