4558 6340
716 378 798 464 Die
830 377 891 464 26
924 375 1099 494 Aprilis
1131 377 1151 464 l
1162 379 1271 466 879.
1651 379 1744 469 t99

250 499 337 586 ceri
354 497 538 596 solitam,
569 519 788 598 macera,
816 501 1035 617 omniaque
1065 533 1192 588 onera
1223 519 1475 618 supportare
1490 519 1528 590 et
1545 501 1743 618 Capella-

246 654 321 709 uas
363 637 401 709 et
437 623 723 710 Ministroutes
756 656 846 710 eum
880 622 1142 722 adiurantes,
1185 641 1313 740 prout
1357 626 1506 712 lleator
1550 628 1624 743 qui
1653 659 1735 744 pra

246 759 431 859 tempore
472 745 559 864 fuit
586 746 720 861 ipsius
753 746 961 833 Ecclesiae
993 747 1135 834 Sancti
1167 747 1343 862 Georpii
1375 747 1568 835 hacteuus
1601 749 1741 869 facere

238 885 371 983 prout
395 868 544 954 solitas
566 868 654 988 [11th
676 887 935 956 uaauuteuere
968 886 1169 968 teneatur,
1198 889 1236 958 ct
1260 872 1394 986 ipsius
1427 871 1639 958 Ecclesiae
1672 872 1742 959 cli-

245 993 427 1107 puilates
445 990 732 1096 obtinentium,
754 1025 801 1078 ac
818 993 1260 1108 Gauoaicorumcaput
1277 995 1485 1082 existat...
1503 995 1654 1082 Voluit
1673 995 1737 1082 in·

252 1143 386 1230 super
400 1114 599 1202 laudatus
613 1115 810 1202 Pontilex
835 1133 885 1202 ut
901 1147 978 1231 pro
999 1117 1187 1236 Capituli
1207 1149 1398 1234 congrua
1420 1116 1738 1206 sustentatione

248 1238 578 1351 assignarentur
599 1241 740 1325 otesuia
762 1257 800 1326 el
821 1239 990 1362 a'nputa
1005 1240 1249 1355 praedictae
1268 1240 1476 1326 Ecclesiae
1491 1239 1536 1326 S.
1562 1240 1739 1356 Georpii

246 1377 284 1446 et
318 1359 392 1446 illi
425 1357 682 1447 adnexarum
717 1362 990 1448 utembrorum
1023 1379 1061 1450 et
1090 1363 1392 1478 pertinentium
1424 1363 1602 1482 pactas,
1642 1361 1737 1450 recl·

248 1481 380 1580 clitus,
415 1498 655 1598 prouectus,
692 1486 807 1583 iura,
845 1483 1103 1572 obventiones
1135 1502 1173 1572 el
1221 1486 1493 1572 emolumenta
1536 1488 1736 1575 ¹uniuersa

248 1622 330 1692 totu
365 1623 477 1691 certa
509 1639 632 1721 queam
667 1608 825 1695 incerta
858 1608 982 1695 etiam
1015 1611 1179 1695 ratioue
1211 1609 1406 1696 exercitii
1423 1639 1545 1694 caerae
1567 1607 1732 1695 auima-

247 1759 398 1816 rum...
416 1730 586 1843 percipi
598 1729 725 1817 solita
743 1763 790 1817 ac
807 1765 858 1818 ec
871 1729 977 1846 pede
996 1731 1151 1819 altoris
1158 1733 1508 1847 provenientia...
1530 1729 1734 1820 Tandem

247 1851 471 1940 coristitnit
500 1867 546 1938 ut
573 1881 625 1939 ex
667 1852 717 1940 iis
748 1855 1063 1971 praecaeteris
1107 1857 1381 1972 Praepositus
1408 1854 1634 1972 duplicem
1675 1853 1742 1942 di-

246 1975 557 2063 stributionem
598 1976 817 2064 obtineret
860 1977 1016 2065 iutuitu
1049 1977 1241 2064 exercitii
1274 1995 1311 2065 et
1344 1978 1481 2063 oneris
1503 2007 1627 2063 curae
1650 1979 1742 2064 ani-

246 2129 410 2184 marum
446 2098 519 2183 illi
552 2099 840 2198 iucuuabeutis,
879 2118 1013 2217 atque
1052 2117 1100 2189 nt
1134 2100 1225 2218 ipse
1267 2119 1490 2217 tamqnam
1527 2130 1737 2218 praesens

247 2221 292 2307 in
326 2221 458 2308 choro
492 2221 746 2322 baberetur,
790 2225 961 2340 quoties
1008 2223 1050 2311 in
1089 2223 1285 2311 ciusdem
1311 2225 1562 2311 animarum
1605 2253 1741 2312 curae

249 2345 455 2431 exercitio
491 2362 727 2462 occupatus
775 2345 902 2436 loret.

372 2467 617 2556 Constituta
647 2467 798 2586 itaque
830 2469 1178 2584 bacCollegiatn
1210 2470 1411 2572 Ecclesia,
1449 2469 1562 2556 inter
1607 2467 1738 2556 buius

248 2590 516 2706 Collegiatae
547 2589 798 2706 Capitulum
835 2612 877 2680 et
915 2589 1223 2682 Procuratores
1256 2592 1471 2682 Ecclesiae
1505 2591 1743 2683 S.loannis

244 2713 464 2832 quaedam
485 2713 534 2800 lis
551 2713 837 2803 exardescere
853 2717 977 2833 coepi
985 2732 999 2800 t
1018 2747 1132 2805 anno
1153 2715 1274 2804 l660
1291 2717 1403 2804 circa
1424 2717 1489 2800 ius
1504 2713 1743 2801 conceden-

247 2839 291 2926 di
305 2837 524 2954 cappellus
539 2854 583 2922 et
607 2839 872 2954 sepulturas,
907 2869 1073 2928 necnon
1116 2839 1228 2927 circa
1247 2840 1442 2956 ipsorum
1465 2839 1737 2924 Procurato-

245 2990 342 3049 rnm
362 2961 612 3063 electiones
630 2993 678 3050 ac
697 2963 1039 3051 nominationem
1057 2961 1384 3051 Concionatoris
1403 2977 1447 3048 et
1460 2961 1735 3077 Organistae.

246 3085 372 3196 Quae
411 3114 515 3169 vero
543 3083 594 3170 lis
630 3085 852 3172 amicabili
889 3085 1177 3174 transactione
1217 3086 1290 3174 die
1313 3087 1374 3172 28
1396 3083 1598 3172 Octobris
1623 3112 1736 3170 nnn-

248 3207 350 3294 ciati
383 3236 485 3294 mox
524 3207 627 3292 anni
667 3209 908 3325 composita
947 3209 1056 3298 luit.
1091 3209 1322 3326 Siquidem
1346 3221 1566 3293 annuente
1609 3203 1738 3324 Capi·

248 3332 340 3417 tulo
355 3345 566 3416 statutum
590 3345 655 3417 est
677 3331 987 3448 (lappellarum
1007 3350 1049 3418 et
1073 3332 1404 3448 sepulchrorum
1428 3328 1732 3416 concessiones

246 3451 343 3539 fieri
390 3455 433 3538 in
471 3469 695 3568 posterum
737 3454 902 3543 debere
952 3485 976 3541 a
1015 3455 1265 3571 Praeposito
1298 3453 1490 3569 Capituli
1532 3468 1575 3538 et
1627 3456 1740 3540 Pro·

247 3575 521 3663 curatoribus
559 3577 771 3665 Ecclesiae
809 3581 854 3669 S.
877 3579 1064 3682 loannis,
1099 3593 1461 3697 proventnsvero
1491 3572 1743 3664 concessio-

247 3730 354 3788 num
401 3729 480 3814 pro
523 3699 761 3788 medietate
799 3701 1001 3817 Capitale
1030 3701 1188 3790 cedere
1221 3701 1404 3803 debere,
1448 3714 1492 3786 et
1537 3729 1616 3813 pro
1651 3696 1745 3784 alia

249 3819 487 3910 medietate
519 3825 566 3912 S.
603 3823 778 3911 loannis
811 3825 1040 3912 Ecclesiae.
1077 3826 1199 3914 Circa
1223 3842 1370 3912 autem
1395 3821 1501 3909 alias
1523 3820 1746 3938 quaestio·

255 3977 331 4033 nes
367 3962 511 4060 partes
544 3944 880 4035 declaraverunt
912 3947 1117 4037 standum
1154 3977 1247 4035 esse
1293 3946 1597 4034 observantiae
1647 3943 1735 4030 iam

253 4067 455 4155 existenti
491 4080 534 4155 et
547 4069 771 4158 sententiis
790 4072 834 4157 in
857 4069 1091 4159 subsecuta
1106 4071 1288 4158 materia
1311 4067 1455 4172 editis,
1482 4067 1602 4155 iuxta
1625 4095 1735 4184 quas

251 4205 455 4307 poterant
478 4190 779 4280 Procuratores
807 4209 1042 4309 praesentes
1074 4193 1256 4281 eiusdem
1278 4192 1488 4280 Ecclesiae
1510 4189 1665 4305 elipere
1699 4201 1736 4275 et

253 4315 471 4400 uomiuare
503 4313 613 4399 alios
647 4314 949 4404 Procuratores
985 4316 1152 4435 futuros
1184 4319 1229 4403 iu
1263 4315 1380 4403 dicta
1417 4313 1621 4412 Ecclesia,
1669 4309 1745 4426 qui

255 4453 389 4523 taurea
422 4436 668 4556 comfirmari
711 4438 914 4528 debeat...
944 4469 1023 4554 per
1055 4439 1350 4555 Praepositum
1377 4433 1642 4552 praedictum
1672 4429 1755 4517 di:

260 4577 346 4646 ctae
378 4559 573 4645 lllatricis
607 4560 831 4664 Ecclesiae,
863 4563 988 4648 sicuti
1021 4562 1144 4649 etiam
1181 4561 1238 4648 ad
1281 4562 1581 4647 Procuratores
1618 4585 1743 4672 prae·

256 4681 389 4770 clictos
416 4697 571 4797 spectat
614 4683 769 4800 elipere
810 4703 847 4774 et
871 4685 1090 4773 aooaiuure
1132 4683 1475 4772 Praedicatorem
1519 4695 1556 4766 et
1598 4679 1747 4793 Orpa-

253 4811 469 4894 mmmm..

291 5003 297 5012 .
381 4931 467 5016 Nec
484 4928 603 5034 satis,
625 4929 848 5021 sciendum
870 4931 987 5020 enim
1004 4951 1069 5021 est
1090 4930 1209 5051 qnod
1225 4929 1475 5048 Capitulum
1494 4929 1542 5018 S.
1566 4919 1747 5040 Georgii

259 5051 513 5168 exemplum
562 5052 739 5142 imitans
773 5053 951 5143 alterius
982 5055 1170 5172 Capitoli
1204 5049 1472 5169 Collegiatae
1519 5051 1565 5140 S.
1602 5043 1741 5148 Petri.

259 5175 302 5262 io
337 5174 603 5293 quibusdam
637 5177 991 5268 solemnitatibus
1037 5175 1288 5266 lunationes
1336 5177 1380 5262 in
1425 5169 1743 5262 succursalibus

168 5349 173 5356 .
258 5298 459 5386 Ecclesiis
487 5329 700 5418 peragere
737 5301 896 5419 coepit.
943 5302 1132 5416 Quando
1166 5317 1313 5388 autem
1364 5296 1411 5384 id
1460 5291 1657 5385 evenerit
1704 5304 1749 5380 et

259 5419 439 5540 quando
473 5421 588 5512 inter
622 5424 763 5542 ipsum
799 5440 843 5514 et
875 5424 1017 5526 dictae
1051 5421 1264 5514 Ecclesiae
1298 5419 1556 5537 Capellanos
1578 5449 1627 5507 ac
1649 5419 1753 5506 Pro·

261 5565 483 5636 curatores
516 5577 572 5636 ex
604 5547 686 5639 hae
717 5551 843 5656 lites,
879 5549 1118 5640 violentiae
1158 5562 1203 5639 et
1249 5545 1453 5640 scandala
1491 5559 1585 5633 orta
1631 5555 1749 5643 sunt,
