4558 6340
711 401 798 487 Die
824 393 886 490 76
918 401 1091 519 Apn‘lt's
1125 404 1262 496 tolo.
1412 403 1417 408 ’
1639 412 1735 500 229

364 521 490 612 Hisce
524 523 729 640 utrinque
778 525 914 614 lusius
960 528 1231 644 ponderatis,
1269 531 1461 648 quaein
1501 532 1732 652 allegatio-

240 644 373 732 nibus
403 644 720 736 distribuendis
754 651 1043 740 enucleantur
1077 681 1278 768 propono
1307 651 1610 746 dirimendum

878 895 1096 983 DUlllUlll

369 1135 445 1225 A·
475 1138 678 1236 decretum
714 1141 917 1255 Episcopi
960 1140 1049 1228 diei
1098 1141 1157 1231 lll
1192 1144 1301 1230 allatii
1336 1145 1455 1233 t877
1489 1147 1544 1233 ait
1577 1149 1729 1270 coufir-

239 1259 435 1347 mmtdum
470 1263 535 1349 vel
567 1261 870 1384 infirmandum
903 1267 951 1352 in
983 1295 1095 1354 casu.

365 1651 636 1864 Alllirmative
669 1655 726 1745 ad
761 1655 950 1772 primam
976 1673 1164 1778 partem,
1193 1660 1393 1778 negative
1416 1660 1472 1750 ad
1496 1665 1732 1756 secundam

245 1793 289 1866 et
322 1807 426 1896 amp
448 1781 527 1868 ius.

371 2231 701 2430 Attrflada
736 2339 1013 2433 Ot‘rtoltts.
1039 2343 1341 2458 :Capitulum
1368 2345 1629 2436 Cathedrale
1652 2351 1726 2438 Ec·
1759 2367 1864 2458 8933,
1889 2371 1953 2460 24
1976 2403 2073 2490 cap,
2100 2373 2162 2462 12

242 2464 395 2552 clesiae
431 2463 691 2578 Alipbanae,
733 2462 853 2550 catius
888 2463 1010 2579 origo
1044 2464 1203 2553 iniuria
1239 2483 1487 2586 temporum
1522 2487 1566 2556 ct
1599 2471 1729 2560 doen·
1762 2490 1812 2579 ,le
1843 2493 2034 2616 Reform,

240 2601 491 2676 mentorum
540 2585 717 2672 interitu
762 2585 805 2672 in
843 2588 1112 2703 antiquitatis
1154 2587 1338 2706 ealigine
1367 2593 1590 2696 obruitur,
1643 2627 1730 2684 an-

239 2743 297 2798 no
333 2711 453 2796 4705
476 2709 825 2824 componebatur
855 2711 1001 2800 decem
1039 2713 1268 2800 Canonieis
1302 2727 1477 2830 praeter
1510 2715 1618 2804 duas
1651 2719 1732 2806 Di-

240 2834 442 2950 gnitateS,
484 2832 847 2920 archidiaconum
884 2865 1047 2950 nempe
1078 2849 1123 2922 et
1155 2835 1477 2924 Primicerium.
1516 2839 1735 2930 Redditus

240 2961 403 3047 lllassae
446 2955 699 3070 capitularis
745 2955 1192 3044 desumebanturex
1233 2960 1430 3076 quinque
1479 2960 1732 3078 duplicibus

243 3077 542 3198 praebendis,
580 3108 767 3196 quarum
801 3079 970 3196 ‘singuli
1002 3079 1211 3167 Canonici
1245 3081 1475 3170 dimidiam
1509 3085 1734 3203 percipie-

240 3203 388 3302 bant,
424 3231 504 3288 nee
539 3231 624 3286 uon
658 3231 713 3288 ex
747 3201 936 3320 quadam
987 3233 1122 3320 parra
1157 3233 1293 3290 massa
1333 3210 1573 3310 communi,
1612 3239 1733 3325 quae

242 3324 391 3441 aequis
425 3325 622 3438 partibus
646 3323 758 3410 inter
780 3324 959 3412 eosdem
987 3326 1225 3415 Canonicos
1247 3327 1531 3416 dividebatur
1553 3362 1634 3448 pro
1665 3332 1734 3421 dil-

242 3447 576 3535 stributionihus
609 3445 890 3564 quotidianis.
916 3453 1077 3536 Tractu
1109 3449 1185 3536 sed
1221 3479 1325 3537 vero
1362 3453 1573 3568 temporis
1604 3484 1732 3568 prae·

240 3569 417 3658 bondae
449 3570 685 3687 separatim
707 3570 1002 3658 administrari
1028 3589 1264 3686 coeperunt
1289 3589 1332 3660 et
1350 3575 1725 3683 administrantur,

240 3691 274 3779 si
296 3692 447 3780 demas
473 3693 873 3796 poenitentiarium,
896 3725 1009 3811 quae
1027 3694 1170 3782 adhuc
1194 3695 1317 3782 alteri
1335 3697 1574 3786 canonicali
1600 3729 1726 3814 prae·

241 3813 387 3902 banda
435 3815 554 3902 unita
606 3832 790 3918 manet,
837 3815 1038 3934 duasque
1070 3818 1206 3921 aliae,
1249 3851 1365 3935 quae
1404 3819 1501 3908 aliis
1544 3820 1727 3928 totidem

239 3937 417 4028 ineunte
440 3939 522 4024 boc
544 3969 651 4025 aevo
678 3970 762 4026 una
785 3939 958 4026 iunctae
983 3941 1176 4028 luerunt.

364 4063 482 4146 inter
514 4060 754 4150 Canonicos
787 4081 986 4150 servatur
1018 4081 1204 4181 systema
1237 4065 1444 4180 optionis,
1468 4063 1511 4151 in
1536 4065 1627 4156 vim
1652 4065 1730 4156 de·

240 4185 346 4270 creti
380 4183 650 4301 Episcopalis
681 4183 769 4271 diei
803 4188 830 4271 7
866 4186 1130 4274 Decembris
1163 4189 1299 4291 l839,
1339 4189 1383 4276 in
1420 4217 1507 4304 quo
1543 4189 1730 4276 habetur

246 4345 263 4384 r
304 4307 518 4394 Volumus
548 4324 794 4425 praeterea,
831 4308 1108 4396 decernimus
1131 4329 1174 4397 et
1196 4310 1440 4410 statuimus,
1461 4325 1509 4398 ut
1528 4311 1571 4396 in
1590 4327 1731 4426 poste·

248 4467 264 4505 ι
305 4459 401 4516 rum
437 4428 565 4516 liceat
599 4431 932 4533 Archidiacono,
971 4433 1240 4534 Primieerio,
1278 4431 1508 4522 Canonieis
1540 4433 1726 4520 Theolo-

248 4592 265 4629 ι
304 4583 373 4668 go,
413 4553 768 4659 poenitentiario,
807 4556 966 4642 Curato
990 4571 1034 4644 et
1055 4555 1235 4676 reliquis
1253 4585 1332 4672 pro
1356 4571 1557 4669 tempore
1579 4556 1728 4642 Gano-

246 4714 264 4752 r
306 4675 469 4762 uicis...
507 4677 728 4792 portiones
761 4678 1041 4768 canonicales
1074 4679 1280 4793 deinceps
1315 4691 1540 4764 vacaturas
1572 4691 1729 4796 optare

247 4839 263 4876 e
303 4814 344 4884 et
377 4827 614 4896 assumere,
640 4825 811 4888 servata
834 4831 1011 4917 semper
1036 4801 1151 4890 inter
1169 4818 1369 4917 optantes
1391 4798 1613 4915 dignitatis
1635 4829 1728 4916 gra·

246 4959 263 4998 ‹
304 4920 384 5008 dus
408 4937 451 5006 et
473 4921 658 5010 choralis
691 4923 855 5012 servitii
891 4923 1238 5041 praeeminentia
1260 4939 1305 5012 et
1326 4921 1654 5040 praecedentia,
1683 4939 1728 5010 et

249 5079 267 5120 e
308 5043 489 5132 exclusis
501 5075 676 5162 semper
691 5046 749 5132 ab
761 5049 939 5161 optione
955 5045 1174 5162 praedicta
1197 5045 1473 5166 portionibus
1497 5043 1729 5136 Amlaidin-

246 5204 262 5242 ι
301 5166 457 5268 conali,
481 5167 784 5268 Primiceriali‚
808 5169 1080 5287 Theologali,
1103 5167 1427 5258 -Poenitentiali
1471 5179 1515 5256 et
1544 5169 1724 5273 Curata,

246 5327 263 5366 ι
303 5319 420 5407 quae
461 5290 779 5380 successoribus
835 5305 949 5380 sarta
1004 5308 1116 5380 tecta
1167 5291 1383 5382 servanda
1416 5319 1494 5407 per
1548 5319 1731 5380 mensae

247 5449 264 5488 ι
303 5413 566 5529 Capitularis
619 5415 921 5504 Oeconomum
975 5414 1215 5504 vacationis
1270 5430 1474 5533 tempore
1530 5413 1732 5504 admini-

250 5569 266 5614 ‹
306 5549 516 5625 atrentur.
556 5577 572 5616 »
