4516 6318
240 576 325 663 Dic
360 573 469 660 locis
503 572 562 657 tu
599 567 750 656 Martii
790 565 911 656 4879
953 567 994 652 ia
1033 561 1204 652 l’olott'o
1238 562 1489 680 Apostolico
1528 565 1738 652 Vaticano

366 724 449 811 crit
480 722 610 812 Socra
642 719 926 835 Conpreptttio
966 715 1154 804 Concita·
1190 713 1559 812 extraordinario,
1589 717 1633 800 in
1656 747 1737 831 quo

363 886 626 988 proponetur
649 869 973 988 infrascriptum
997 865 1186 963 dcclrr'nm,
1215 867 1334 952 iacta
1370 897 1520 950 retorem
1556 865 1736 954 eiusdem
1891 917 1903 936 ·

365 1021 518 1110 Sacrae
550 1019 900 1137 Conprcpatr'ont‘s
935 1015 986 1104 tle
1021 1017 1114 1102 itae
1147 1013 1451 1104 resolvendum.

304 1535 549 1642 austun
587 1531 791 1638 serua
830 1533 1262 1636 {nouolutum
1300 1532 1674 1634 nnrtcmonn
1760 1477 1768 1504 '

240 1891 498 2006 Armatus
526 1887 613 2022 qui
643 1889 794 2020 vulgo
821 1885 962 1990 audit
988 1887 1364 1990 matrimonium
1390 1887 1553 2007 civile,
1578 1887 1739 2020 pariat

347 2027 764 2164 impedimentum
808 2030 1029 2132 iustitiae
1072 2031 1303 2166 publicae
1342 2032 1641 2132 honestatis.

511 2387 949 2523 lllSCUllSUS
1002 2389 1461 2520 SliCllll'l'rlllll

816 2855 1172 2908 “OQM

379 3189 571 3388 Mirari
607 3299 750 3386 l'orsau
786 3303 885 3418 quis
919 3299 1093 3415 poterit,
1116 3300 1235 3418 qarod
1271 3321 1363 3419 post
1400 3299 1742 3390 consultissimae

244 3425 566 3514 lucubrationes
589 3423 723 3512 trium
747 3423 791 3511 in
818 3423 1068 3543 theologicis
1092 3442 1134 3511 et
1158 3427 1374 3514 canonicis
1398 3424 1639 3544 disciplinis
1663 3456 1739 3542 pe·

242 3547 552 3638 citissimorum
590 3549 783 3635 virorum
819 3580 953 3666 super
984 3549 1223 3666 praemisso
1256 3549 1409 3651 dubio,
1434 3552 1491 3638 ab
1528 3551 1740 3666 Episcopo

239 3674 408 3762 Nolano
444 3671 681 3790 proposito,
703 3671 948 3790 quidquam
975 3703 1049 3760 me
1070 3673 1260 3760 adiicere
1287 3673 1452 3762 utiliter
1481 3703 1605 3790 posse
1639 3703 1742 3758 cen-

240 3827 376 3886 seam.
414 3793 501 3887 Sed
537 3825 671 3883 nemo
700 3809 818 3883 certe
853 3797 1102 3899 mirabitur,
1125 3797 1199 3918 qui
1235 3799 1358 3885 novit
1392 3797 1478 3886 mei
1514 3829 1608 3885 esse
1643 3823 1740 3884 mu·

239 3921 374 4024 ueris,
400 3949 534 4036 sapor
567 3917 773 4007 omnibus
795 3919 1137 4040 quaestionibus,
1164 3951 1278 4040 quae
1307 3920 1587 4010 dirimendae
1622 3919 1741 4008 dele·

241 4063 399 4132 cuntur
433 4044 475 4130 iu
511 4041 742 4131 ordinariis
792 4047 875 4130 ΕΕ.
914 4047 1009 4132 VV.
1045 4045 1258 4151 comitiis,
1295 4045 1531 4135 nonnullas
1565 4075 1746 4132 exarare

242 4168 643 4257 animadversiones
679 4167 722 4254 in
758 4166 877 4269 lolio,
904 4169 1025 4287 quod
1058 4169 1116 4257 de
1151 4199 1274 4256 more
1296 4169 1595 4258 distribuitur.
1618 4171 1744 4280 Quae

241 4291 425 4410 quidem
460 4288 865 4378 animadversiones
899 4291 942 4378 in
979 4293 1186 4380 anteactis
1220 4323 1396 4414 quoque
1434 4292 1737 4412 temporibus,

243 4414 318 4503 ubi
353 4415 529 4534 gravius
561 4415 738 4532 aliquod
776 4415 1001 4532 negotium
1027 4416 1311 4533 respicerent,
1346 4418 1518 4536 plenius
1542 4447 1743 4503 nonnun-

245 4567 378 4658 quam
403 4538 563 4656 exponi
587 4555 909 4626 consueveruot
938 4540 1020 4628 sul»
1055 4539 1180 4626 titulo
1213 4539 1451 4627 discursus.
1480 4540 1741 4655 Exemplum

240 4661 374 4781 igitur
397 4660 845 4780 praeclarissimorum
873 4661 1258 4778 praedecessorum
1289 4677 1503 4781 sequutus
1528 4662 1614 4750 mei
1650 4693 1747 4750 mu-

241 4785 360 4875 neris
394 4805 538 4903 partes
571 4783 818 4906 aggredior.

366 4913 497 5002 Sacra
530 4907 885 5012 Poenitentiaria,
906 4940 1039 5026 super
1062 4911 1144 4999 hoc
1167 4927 1333 5028 puncto
1366 4909 1534 5030 pluries
1568 4923 1736 5023 rogata,

241 5031 370 5150 plura
394 5033 536 5124 edidit
559 5063 784 5150 respousa,
803 5065 920 5151 quae
942 5033 1085 5150 prima
1119 5033 1263 5122 fronte
1285 5033 1496 5124 videntur
1519 5030 1742 5150 quaestio-

239 5185 343 5246 nem
369 5159 412 5246 in
437 5189 565 5248 sensu
588 5156 846 5246 affirmativo
870 5157 999 5274 plane
1021 5157 1249 5248 dirimere.
1268 5161 1363 5261 Ast,
1379 5189 1429 5247 re
1453 5159 1591 5274 magis
1616 5180 1742 5244 acca·-

238 5295 331 5368 rate
350 5297 594 5400 perspecta,
609 5283 755 5370 verius
778 5281 921 5369 lorsan
944 5279 1184 5370 dicendum
1210 5297 1292 5385 est,
1308 5284 1485 5372 Sacram
1512 5279 1748 5368 Paeniten-

241 5403 414 5496 tiariam
438 5432 517 5526 per
538 5421 784 5494 memorata
816 5433 1024 5523 responsa
1049 5405 1564 5525 noluissequaestionem
1590 5404 1745 5493 decre·

239 5527 351 5618 toric
382 5527 598 5632 delinire,
625 5527 701 5618 sed
736 5527 881 5648 potius
914 5529 1178 5620 sententiam
1214 5533 1461 5648 proponere
1484 5535 1564 5650 plo
1588 5529 1743 5646 regula

1557 5681 1616 5768 “ll
