4516 6318
515 311 579 402 88
970 305 1055 394 Die
1084 302 1145 394 25
1177 301 1373 392 Ianuarii
1407 297 1545 392 t879.

510 450 645 526 ctam.
683 429 787 518 item
821 457 877 520 ex
910 424 1155 518 Sacerdotis
1189 423 1276 514 iam
1312 424 1494 514 Paroehi
1528 419 1808 540 depositione
1839 425 2010 514 eruitur

505 547 760 678 personam,
787 550 855 639 cui
890 547 1131 668 denegatus
1166 547 1247 636 suit
1269 549 1329 638 ab
1354 547 1745 664 Archipresbytero
1769 546 2005 664 Angelieus

511 678 654 802 paniS,
677 674 861 762 minime
880 671 1014 789 ipsius
1038 671 1334 789 poenitentem
1358 671 1508 764 fuisse:
1533 669 1713 788 insuper
1729 671 1762 758 si
1788 702 1923 760 unum
1948 673 2011 761 al-

515 823 716 893 terumve
734 797 925 914 excipias
945 793 1097 884 testem
1113 794 1407 912 deponentem
1429 793 1892 911 Archipresbyterum:
1910 827 2012 912 pre·

514 927 652 1049 scrire
676 921 712 1006 te
740 919 1054 1006 conversazioni
1073 918 1272 1038 pincioli,
1292 919 1358 1006 vet
1388 919 1598 1035 neptique
1623 916 1656 1004 il
1680 951 1751 1002 suo
1775 919 2009 1018 ruinistem,

513 1082 595 1137 non
617 1043 886 1134 edocenrenei
905 1041 1099 1139 dr‘soorsi,
1117 1071 1270 1130 omnes
1288 1039 1701 1130 sermeconveninnt
1719 1041 1759 1126 iu
1785 1039 1865 1128 troc
1887 1041 2009 1159 quod

515 1171 623 1261 nihii
661 1169 701 1254 in
738 1198 789 1253 eo
824 1166 1164 1280 reprehensione
1196 1164 1379 1280 dignum
1399 1164 1648 1252 inveniatur
1666 1161 1813 1281 quoad
1839 1193 2001 1267 mores,

515 1311 559 1384 et
576 1293 684 1382 sacri
706 1287 935 1384 ministerii
948 1289 1220 1384 exercitium.
1244 1293 1361 1380 Dum
1385 1305 1534 1378 contra
1560 1288 1601 1374 in
1621 1287 2007 1392 Canonicosmon·

513 1416 643 1505 nullis
677 1411 889 1530 exceptis,
928 1413 1118 1500 habetur
1150 1409 1269 1529 quod
1315 1412 1514 1500 abnuunt
1548 1427 1822 1499 sacramenta
1867 1411 2011 1498 mini-

514 1557 669 1628 strare.
705 1539 872 1628 Omnes
908 1550 1052 1623 autem
1089 1565 1140 1622 eo
1173 1535 1436 1650 conspirant,
1465 1552 1512 1624 ut
1535 1533 1768 1622 ostendant
1803 1534 1923 1654 quod
1959 1534 2012 1620 ti-

514 1663 720 1782 tigiorum
756 1690 883 1748 eausa
916 1659 970 1746 sit
1006 1657 1248 1745 i'interesse:
1286 1675 1473 1777 votaque
1508 1657 1801 1778 protendunt,
1840 1674 1887 1744 ut
1921 1655 2014 1746 strue

376 1838 379 1846 ι
514 1783 720 1902 imposito
754 1781 903 1898 iurgiis
937 1799 979 1870 et
1012 1781 1164 1870 litibus
1209 1779 1324 1868 inter
1346 1785 1586 1872 Canonicos
1615 1799 1658 1869 et
1682 1779 2012 1900 Archipresby-

516 1926 658 1996 terum
681 1907 812 1993 etiam
834 1908 875 1991 in
892 1906 1089 1994 Sacrario
1113 1903 1245 2022 ipsius
1273 1906 1489 1996 Ecclesiae
1512 1905 1710 1995 exercitis
1733 1933 1831 1991 cum
1854 1903 2012 2024 populi

514 2030 719 2121 scandalo
758 2060 839 2145 pax
874 2028 1026 2117 redeat
1061 2031 1176 2116 inter
1211 2045 1371 2150 partes.

641 2155 704 2239 Ex
728 2151 1001 2268 depositione
1020 2169 1165 2239 autem
1188 2153 1364 2241 testium
1398 2151 1797 2241 extraiudiciaiium
1820 2151 2010 2238 habetur

514 2276 961 2396 Archipresbyterum
994 2290 1193 2362 anteacto
1219 2291 1415 2393 tempore
1439 2281 1579 2365 aleam
1603 2276 1677 2364 sed
1701 2273 1883 2364 minoris
1909 2305 2005 2362 mo-

449 2461 452 2468 ·
515 2397 911 2490 mentiexcrcuisse
932 2398 974 2483 in
1003 2397 1221 2514 apothecis
1245 2401 1479 2488 mexicanis
1505 2399 1633 2518 vulgo
1667 2399 1799 2522 Cassi,
1827 2397 2007 2486 mulieri

514 2522 734 2642 pessimae
767 2520 884 2608 vitae
916 2519 1268 2609 communionem
1304 2522 1480 2640 publice
1524 2555 1774 2625 recusasse,
1821 2520 2007 2608 minime

394 2675 400 2692 ⁸
515 2645 796 2764 prohabilem
829 2675 921 2732 esse
955 2643 1074 2762 quod
1109 2643 1324 2734 adstiterit
1361 2645 1654 2750 marrtmonio,
1703 2643 2003 2734 denunciatio·

515 2770 646 2857 nibus
679 2766 914 2886 despectis.
952 2768 1023 2854 Ab
1057 2799 1144 2856 uno
1180 2785 1303 2872 teste,
1330 2799 1463 2888 quem
1499 2771 1866 2888 Archipresbyter
1888 2766 2007 2853 inter

514 2921 614 2981 suos
649 2904 851 2978 numerat
884 2891 1060 2993 hostes,
1099 2892 1251 2979 haberi
1275 2889 1392 2981 :cie
1424 2892 1694 2980 discorreudo
1728 2892 1792 2979 cot
1831 2891 2010 2976 Pretore

515 3013 584 3103 dei
619 3011 924 3112 tdondomento,
945 3015 1075 3130 questi
1108 3014 1173 3131 pii
1206 3047 1332 3102 octeno
1374 3031 1657 3104 secrctomente
1702 3011 1911 3136 confidete
1956 3009 2007 3097 di

514 3137 686 3253 esserpii
718 3152 823 3223 stato
857 3136 1026 3224 rimesso
1056 3167 1134 3254 per
1179 3137 1485 3257 insormnzione
1524 3173 1579 3227 nn
1627 3141 1764 3226 cnrt'co
1813 3137 1923 3258 sotto
1957 3133 2004 3220 oi

518 3261 700 3352 Vescooo
737 3260 867 3346 Mons.
909 3260 1111 3375 Mortueci
1138 3291 1217 3377 per
1253 3261 1288 3346 ie
1317 3263 1604 3378 persecuzioni
1626 3265 1837 3350 esercitntc
1859 3274 2002 3346 contro

519 3383 791 3500 l'Areiprete.
828 3383 986 3496 Quoad
1021 3383 1268 3474 [acuitatem
1302 3415 1430 3489 vero,
1468 3417 1600 3505 quam
1636 3385 2002 3504 archipresbyter
2079 3477 2081 3484 ¹

516 3525 758 3596 asseruerat
791 3507 848 3596 ab
881 3505 1093 3626 Episcopo
1112 3509 1353 3598 D’Alionso
1378 3510 1635 3613 obtinuisse,
1654 3540 1755 3596 eum
1781 3509 1823 3596 in
1850 3505 2001 3602 finem,

473 3637 491 3648 ‘
516 3648 565 3718 ut
588 3629 632 3718 in
658 3631 722 3717 ius
737 3630 976 3720 Canonicos
1001 3649 1198 3735 voearet.
1220 3663 1386 3721 necnon
1421 3633 1565 3751 quoad
1590 3631 1922 3750 promissionem
1947 3629 2004 3716 ab

515 3753 674 3844 eodem
698 3755 907 3874 Episcopo
927 3754 1009 3870 ipsi
1027 3755 1182 3842 saetam
1207 3755 1433 3844 obtinendi
1452 3787 1615 3873 nempe
1641 3756 1869 3844 Buttarum
1892 3761 2008 3868 Apo-

514 3875 2010 3996 stolicarumgratuitamexpeditionem,retulitDelegatusscripsisse

516 3997 728 4117 Episcopo
754 3999 1088 4118 D'Altonso,qui
1114 4032 1192 4118 per
1214 4001 1347 4119 ipsius
1382 4021 1559 4120 neptem
1586 4003 1829 4122 respondit:
1857 3999 1942 4088 Clte
1963 4001 2011 4085 ni

361 4123 365 4132 '
479 4177 483 4184 -
515 4117 803 4236 Arcipretene‘
825 4121 1027 4209 Cononici
1059 4123 1195 4210 Itouno
1212 4125 1351 4213 noireto
1372 4144 1562 4243 prestare
1594 4125 1843 4214 nbbidienza
1867 4126 1911 4211 ai
1935 4121 2006 4208 de·

517 4246 623 4332 creti
647 4243 761 4330 delta
781 4243 824 4332 S.
855 4245 999 4335 Visite
1029 4245 1099 4336 cie
1123 4280 1318 4336 emenone
1345 4251 1532 4367 att'uopo
1567 4253 1611 4339 in
1630 4281 1833 4366 presenzc
1860 4245 1908 4332 di
1934 4275 2010 4332 suc

516 4369 614 4455 Ecc.
645 4368 776 4455 Mons.
800 4367 1117 4460 Scirone....ed
1139 4403 1164 4458 n
1186 4389 1337 4488 querito
1356 4367 1491 4462 ncesse
1520 4375 1628 4496 sotto
1645 4405 1723 4490 per
1743 4367 1970 4459 conciliare
1993 4367 2010 4452 i

520 4491 610 4578 loro
623 4491 860 4608 piati....si
879 4493 1049 4608 riperto
1068 4497 1212 4611 perciti
1234 4497 1279 4582 oi
1298 4497 1470 4585 relativi
1484 4497 1639 4586 decreti
1661 4495 1712 4585 ed
1734 4529 1758 4583 n
1780 4511 1885 4584 tutto
1912 4493 2012 4577 tun-

517 4630 769 4703 cartemcnto
803 4615 873 4703 cite
905 4619 1022 4706 esiste
1054 4619 1099 4705 ol
1133 4617 1342 4736 ripttnrdo
1373 4620 1686 4711 nett'Arctteto
1722 4619 1839 4708 detta
1873 4615 2010 4704 Curia

519 4737 567 4825 di
585 4739 736 4826 Penne.
777 4739 906 4826 Altro
940 4771 1020 4826 non
1054 4741 1108 4828 lio
1142 4741 1198 4830 dc
1231 4747 1485 4861 uppicmperc
1520 4761 1666 4833 trenne
1698 4745 1770 4832 cite
1802 4771 2009 4830 noncom-

514 4861 677 4978 prende
707 4894 817 4950 come
847 4865 891 4950 in
924 4880 1063 4980 questa
1097 4897 1219 4952 conse
1250 4868 1404 4955 e'entri
1437 4869 1472 4955 ii
1503 4870 1595 4987 Sip.
1632 4870 1814 4957 Goeteno
1835 4867 2001 4952 Fiocco.

642 4983 839 5084 Adducit
873 4985 1053 5074 demum
1078 4988 1339 5080 documenta
1374 4991 1682 5110 adprobanda
1726 4982 2008 5081 accusationis

519 5107 678 5224 capita,
714 5139 828 5226 quae
863 5109 905 5196 in
941 5139 1126 5200 numero
1161 5115 1203 5200 t.
1241 5115 1286 5202 fi.
1325 5131 1373 5215 et
1401 5117 1445 5205 3.
1478 5117 1713 5206 habentur.
1750 5115 1874 5205 Circa
1917 5135 2011 5196 rua·

519 5231 608 5318 lam
642 5231 756 5320 vitae
788 5233 922 5351 ipsius
955 5235 1317 5326 consuetudinem
1353 5240 1394 5327 in
1439 5241 1613 5330 civitate
1647 5242 1692 5330 S.
1740 5235 1923 5356 Angeti,
1961 5243 2004 5316 ct

520 5369 647 5442 antea
682 5352 725 5438 in
763 5383 875 5473 pago
910 5356 1086 5448 Moscufi
1122 5361 1197 5446 ait.
1239 5401 1260 5440 e
1290 5364 1393 5450 Non¹
1415 5363 1449 5452 si
1484 5363 1662 5454 afferma
1696 5363 1897 5454 d’alcuno
1921 5353 2003 5444 che

526 5507 551 5552 a·
583 5475 845 5592 t’Arciprete
877 5479 1012 5568 abbia
1046 5483 1239 5597 pratiche
1272 5485 1488 5576 immorati
1524 5488 1571 5578 in
1604 5489 1717 5582 Citti
1739 5486 1785 5576 S.
1812 5478 2000 5601 Angelo-
