4558 6340
706 381 789 470 Die
819 381 881 470 26
914 379 1087 496 Aprilis
1121 381 1260 471 1879.
1635 385 1726 474 817

234 507 289 596 ad
325 507 518 597 (Iliorum
541 506 823 621 Praepositus
856 506 1062 592 accedere
1097 522 1287 608 tenetur,
1314 535 1365 592 ac
1398 505 1525 595 iniis
1561 523 1734 602 tuntum

231 631 430 749 primum
466 628 688 716 stellum'
677 658 720 714 tn
754 628 888 715 choro
922 659 1153 743 occupare.

360 752 517 864 Quoad
533 752 723 894 primum
750 751 900 838 recolit
922 754 1081 839 Orator
1101 721 1453 880 Praepositurani
1479 751 1525 838 S.
1547 752 1737 842 Victoris

231 874 339 963 lutri
374 877 430 961 ab
464 873 591 960 initio
624 872 759 960 luisse
792 873 1061 960 beneficium
1094 867 1298 993 simplex,
1347 875 1401 961 ad
1441 877 1733 964 Personatum

237 1015 388 1116 postes
421 1013 641 1099 evectum,
680 995 784 1084 olim
821 995 989 1082 liberae
1027 996 1271 1084 collationis
1316 997 1555 1114 Episcopi,
1594 1001 1730 1087 modo

236 1137 385 1207 tumen
419 1120 627 1207 Duloriae
663 1119 936 1234 Apostolicue
961 1138 1055 1236 post
1077 1095 1279 1237 Episcopi
1307 1121 1724 1235 praesentationem.

237 1242 406 1357 Salagit
439 1241 484 1329 id
519 1241 749 1328 adstruere
782 1273 835 1328 ex
870 1242 1081 1331 relatione
1103 1262 1237 1330 status
1261 1243 1475 1330 Ecclesiae
1498 1243 1735 1331 Novanien-

234 1366 291 1454 sis
324 1364 413 1452 diei
448 1365 509 1454 28
542 1362 772 1452 Februarii
809 1365 930 1452 tet-24
964 1397 987 1452 a
1022 1365 1241 1453 Car-dinali
1282 1365 1499 1482 Episcopo
1533 1371 1729 1454 Moroczo

236 1485 295 1576 ad
328 1489 374 1576 S.
413 1490 465 1574 Η.
503 1487 560 1574 Ο.
597 1487 1049 1605 transmissumque
1084 1489 1290 1574 habetur:
1334 1531 1349 1563 ι
1392 1489 1599 1575 lotrensis
1631 1491 1731 1578 Col·

243 1651 260 1689 ι
300 1609 460 1726 legista
495 1639 551 1696 es
588 1610 786 1726 quinque
818 1611 1065 1713 Canonicis,
1104 1611 1349 1727 iisdemque
1383 1611 1588 1697 Paroclris
1610 1643 1732 1696 com·

243 1773 260 1812 ι
301 1733 483 1848 ponitur
498 1731 621 1819 nulla
649 1732 869 1848 Dignitate
893 1734 1023 1820 modo
1048 1734 1316 1849 interposita.
1342 1733 1573 1848 Quidquid
1601 1735 1723 1819 enim

245 1895 262 1934 ι
303 1853 440 1941 Italici
466 1854 604 1970 Regni
627 1867 886 1971 tempestate
928 1857 1122 1943 ltahcbot
1155 1854 1599 1972 stipendiiDignitaS,
1637 1887 1728 1974 pa·-

245 2017 262 2057 «
302 2007 401 2064 rum
428 1979 472 2064 id
497 1977 694 2096 quidem,
731 1977 814 2064 sibi
850 1978 1012 2064 viritim
1046 1979 1254 2069 Canonici
1293 1979 1438 2095 partiti
1472 1997 1637 2064 suut.»
1677 1982 1734 2066 El
1787 2011 1792 2020 ·

238 2127 379 2216 quum
413 2103 460 2190 S.
498 2102 552 2187 0.
579 2100 837 2218 exquisierit
859 2131 916 2186 on
955 2119 1074 2190 recte
1100 2103 1144 2189 id
1186 2103 1351 2216 egerint
1385 2102 1591 2189 Canonioi
1629 2100 1728 2188 lrcti

239 2251 403 2336 nempe
436 2223 702 2338 competenti
745 2221 978 2329 lacultote,
1028 2224 1173 2312 retulit
1211 2228 1343 2311 limus
1392 2224 1584 2320 Antistcs
1618 2223 1733 2339 quod

242 2346 387 2432 osnnio
414 2361 522 2431 recte
564 2347 841 2458 processerint
886 2364 929 2433 et
971 2348 1089 2464 quod
1131 2345 1369 2462 praebendo
1409 2347 1667 2460 Dipnitatis,
1705 2379 1734 2432 n

217 2468 490 2554 'canonicatu
524 2469 650 2552 etium
683 2467 1080 2556 uelutiPcrsouutns
1111 2472 1305 2583 separari
1337 2486 1486 2583 potest.

365 2593 467 2675 Duo
500 2589 678 2708 iusuper
709 2589 836 2678 allcrt
857 2595 1013 2680 (lrator
1046 2592 1250 2708 exempla
1278 2594 1533 2679 collatarum
1558 2621 1728 2708 posscs-

239 2710 410 2800 sionum
450 2712 505 2798 ad
542 2711 587 2798 id
612 2713 890 2830 probandum
917 2715 1036 2832 quod
1071 2717 1113 2802 in
1149 2717 1344 2802 secundo
1379 2717 1470 2802 loeo
1492 2731 1722 2816 statuerat,

242 2833 355 2920 idest
390 2833 740 2951 praeposituram
782 2837 886 2924 nihil
921 2839 1084 2924 ltubere
1118 2867 1353 2925 commune
1374 2867 1473 2925 cum
1501 2837 1721 2953 Cupitulo.

241 2959 311 3042 De
344 2987 460 3043 auno
495 2988 685 3074 uanique
720 2959 837 3048 t763
872 2960 1159 3048 Canonicatus
1202 2963 1247 3050 S.
1285 2961 1401 3048 Petri
1439 2990 1516 3074 per
1547 2989 1731 3046 cormor-

240 3109 359 3180 sum,
398 3097 443 3165 et
476 3081 782 3196 Praepositum
815 3083 908 3170 sine
944 3115 1154 3170 concursu
1188 3113 1387 3171 concessa
1423 3083 1517 3182 luit,
1557 3083 1629 3170 uui
1667 3081 1727 3168 ei·

242 3201 440 3318 demque
473 3217 688 3318 personae
717 3205 931 3294 Francisci
965 3207 1184 3309 Crovatiu3
1212 3225 1254 3292 et
1287 3203 1573 3292 nihilominus
1601 3235 1733 3290 cuno-

241 3323 413 3412 nieutus
444 3325 765 3441 capitulariter,
791 3346 837 3412 et
859 3331 1185 3444 praepositurae
1211 3331 1421 3445 possessio
1446 3328 1614 3441 privato
1637 3355 1735 3413 mo-

173 3439 177 3446 ’
245 3445 311 3532 do
340 3447 493 3534 collata
528 3446 625 3535 luit.
651 3448 1069 3567 Quandoquidem
1058 3483 1102 3538 tn
1131 3451 1421 3538 instrumento
1455 3449 1735 3566 possessionis

248 3568 539 3658 Canonicatus
571 3571 728 3687 legitur
760 3572 861 3658 doto
889 3574 1041 3693 [ιιιι
1001 3607 1038 3660 er
1059 3577 1259 3689 possessio
1291 3605 1381 3659 eum
1412 3572 1551 3657 sedcre
1572 3571 1725 3691 sucicno

246 3689 345 3776 do
326 3723 370 3776 ιιι
396 3694 604 3780 Socristiu
635 3693 785 3782 ultimo
812 3697 939 3782 loco
924 3715 1041 3784 ruunt
1062 3697 1313 3838 stylum.
1358 3713 1440 3782 .et
1470 3694 1728 3834 essiqqotqrn

244 3813 333 3932 first
365 3815 536 3901 stallum
562 3833 715 3904 sextum
744 3819 788 3903 in
815 3819 1032 3906 Gltoro..
1063 3821 1260 3906 ‚nemine
1290 3761 1557 3915 reclamante·
1595 3807 1635 3906 itt
1672 3818 1735 3901 in·

246 3953 489 4026 strumento
513 3969 615 4040 vero
640 3943 919 4055 possessionis
942 3943 1275 4083 Praepositurae
1297 3943 1485 4028 habetur
1519 3939 1619 4024 dota
1650 3938 1738 4058 suit

237 4063 447 4172 possessio
488 4061 625 4148 dietus
668 4063 994 4179 Praepositunue
1025 4070 1113 4152 sine
1147 4085 1280 4152 tomen
1317 4063 1505 4152 stallo
1488 4093 1533 4148 ιιι
1572 4060 1730 4159 cltoro,

243 4211 340 4267 noce
363 4185 406 4268 in
429 4183 631 4324 Cupitulu
662 4203 700 4272 et
731 4189 869 4273 osculo
899 4189 1034 4302 pucis',
1061 4223 1150 4274 cum
1183 4221 1264 4275 non
1296 4189 1352 4274 sit
1386 4185 1437 4271 dc
1469 4187 1628 4301 prentio
1657 4185 1737 4270 Gu-

240 4304 375 4418 pituli
405 4309 568 4396 nemine
609 4309 930 4397 contradicente.
967 4309 1165 4428 idipsum
1199 4311 1443 4398 desumitur
1477 4339 1528 4395 ex
1565 4307 1736 4392 iustu-u

243 4444 401 4514 mento
436 4429 713 4546 possessionis
747 4434 1081 4548 Praepositurae
1111 4450 1267 4552 captae
1298 4465 1320 4520 ιι
1354 4431 1573 4522 Cononico
1609 4433 1736 4514 Paro·

249 4548 331 4634 ohu
363 4551 663 4670 Guglielmetti
698 4578 813 4643 auno
846 4556 983 4659 l855,
1019 4589 1074 4645 ex
1107 4588 1194 4676 quo
1227 4555 1469 4696 colligitur,
1506 4551 1738 4667 possessio-

247 4699 348 4758 nem
372 4703 474 4762 non.
481 4674 777 4792 capitulariter
796 4677 946 4766 datam
966 4681 1110 4782 luisse,
1130 4680 1206 4768 sed
1227 4681 1397 4794 privato
1420 4677 1572 4775 modo,
1603 4685 1738 4788 utque

244 4795 370 4881 stallo
411 4800 618 4886 eumdem
663 4803 977 4916 pussessionem
1023 4805 1267 4920 cupientem
1318 4800 1582 4887 insedisse
1621 4793 1734 4882 colla

251 4955 269 4994 ι
311 4947 502 5034 espressa
536 4923 793 5014 corrdtnone
816 4925 996 5042 rispetto
1021 4929 1105 5014 all'·
1096 4927 1316 5031 unzidettu
1348 4923 1490 5023 stallo,
1517 4921 1597 5008 che
1627 4945 1738 5033 que·

253 5077 269 5115 ι
309 5053 377 5126 sto
411 5073 497 5132 nott
518 5049 659 5162 putre
690 5030 746 5134 da
780 5079 876 5136 esso
906 5051 1064 5167 Signor
1096 5046 1315 5140 Canonico
1349 5049 1512 5136 Curato
1546 5037 1741 5156 Gugliel·

254 5197 272 5236 e
311 5166 453 5267 metti,
484 5167 585 5288 qual
617 5170 843 5288 provvisto
875 5171 920 5258 di
955 5173 1077 5260 detta
1113 5171 1396 5288 l‘repositura
1429 5197 1572 5256 essere
1604 5192 1742 5250 occu·-

253 5321 271 5360 ι
308 5303 412 5402 pato
435 5317 591 5377 senon
628 5293 998 5382 uniformemente
1033 5295 1071 5381 ιιΙ
1104 5295 1302 5410 disposto
1336 5293 1546 5385 dell’atto
1579 5285 1740 5401 cupito·

255 5443 273 5484 ι
311 5411 403 5497 lare
435 5413 508 5500 del
545 5415 604 5501 tn
637 5433 836 5504 currente
869 5447 1033 5509 mese·
1061 5417 1238 5523 3idest,
1265 5447 1353 5506 ceu
1388 5411 1625 5549 praecelert
1656 5409 1741 5498 Ge·

245 5529 452 5645 pitularis
490 5535 800 5628 deliberatio
790 5570 884 5660 ipsu
918 5540 1220 5659 Goglielmetti
1264 5555 1498 5658 praesente
1531 5537 1581 5624 et³
1606 5558 1738 5620 acce-s

1556 5685 1618 5772 28
