4558 6340
555 333 649 420 220
1022 325 1197 413 01086
1230 325 1402 442 Aprilis
1436 328 1574 416 t879.

556 486 662 543 vcro
682 449 1118 540 unibcbdomadarin
1142 479 1246 564 prae
1269 450 1362 538 aliis
1385 449 1627 538 functiones
1649 453 1813 567 agenti,
1836 464 1886 537 et
1901 481 2055 544 curam

558 576 806 665 animarum
827 574 1047 660 exercenti
1066 573 1146 660 boc
1165 573 1229 659 ius
1250 587 1431 687 spectac
1477 573 1536 660 itu
1588 588 1636 660 ut
1678 605 1734 662 ex
1781 575 1880 692 ipso
1931 579 2058 667 stallo

561 701 857 816 dignoscatur,
894 696 1072 812 quinam
1109 727 1163 782 ex
1196 695 1423 784 Canonicis
1455 695 1511 782 sit
1556 695 1628 784 iiie
1661 697 1737 813 qui
1772 723 1822 786 eu
1861 701 1906 783 in
1943 697 2054 788 beb-

559 819 748 913 dumadu
781 819 1027 906 animarum
1063 847 1211 907 curam
1248 837 1387 932 geret.
1416 820 1477 906 Ex
1515 817 1581 905 bis
1618 820 1823 908 omnibus
1877 822 2059 910 conciu-

561 946 626 1033 dit
673 947 854 1042 Orator,
911 956 1069 1057 sponte
1125 941 1260 1028 veluti
1306 969 1383 1028 sua
1432 940 1656 1058 consequi,
1694 942 1952 1058 Praeposito
1992 945 2059 1034 ius

561 1098 649 1155 non
681 1097 772 1154 essu
806 1063 1036 1152 obtinendi
1073 1063 1264 1180 primum
1289 1063 1469 1150 stadum
1489 1063 1531 1149 iu
1555 1061 1686 1152 cboro
1721 1065 1801 1152 nisi
1845 1065 2059 1182 praefatis

559 1189 716 1280 diebus
750 1188 1082 1304 Praepositurae
1105 1185 1364 1300 nuncupatis
1386 1201 1431 1272 et
1452 1216 1533 1302 per
1554 1214 1824 1304 consequeus
1847 1190 2058 1310 Episcopi

560 1312 790 1402 decretum
826 1310 869 1396 in
906 1308 1107 1426 petitorio
1141 1339 1234 1396 esse
1277 1309 1590 1396 revocandum.
2103 1307 2104 1314 Ν

685 1433 754 1522 Ad
788 1431 1032 1520 secundum
1066 1431 1286 1521 Orationis
1318 1459 1422 1518 suae
1463 1449 1592 1549 caput
1636 1431 1821 1547 gradum
1866 1431 2050 1540 faciens,

562 1557 606 1646 in
640 1588 730 1674 quo
762 1554 913 1643 statuit
947 1554 1173 1643 decretum
1209 1553 1459 1640 huiusmodi
1496 1585 1640 1671 neque
1689 1555 1731 1640 in
1783 1559 2056 1671 possessorio

562 1678 784 1782 sustineri,
822 1677 866 1764 id
900 1679 1090 1794 probare
1112 1677 1267 1763 nititur
1301 1676 1345 1764 1.
1368 1707 1422 1762 ex
1440 1676 1629 1794 eoquod
1647 1707 1745 1764 cum
1770 1681 2054 1794 praepositus

562 1803 742 1892 Pirinoii
774 1803 830 1888 sit
865 1815 1038 1887 tautum
1070 1800 1233 1888 electus
1267 1799 1322 1886 ad
1359 1798 1745 1914 praeposituram,
1782 1818 1827 1888 et
1867 1803 2060 1890 minime

562 1925 698 2042 ipsius
729 1923 1046 2042 pussessionem
1083 1922 1216 2010 fuerit
1250 1937 1471 2010 assecutus
1505 1921 1590 2010 ium
1616 1923 1790 2038 abipso
1825 1924 1981 2011 iudicii
2005 1925 2058 2012 ti-

563 2047 682 2135 mine
716 2044 996 2164 repellendus
1028 2063 1109 2148 est,
1136 2045 1238 2161 quia
1272 2073 1518 2162 numquam
1555 2044 1747 2160 possedit
1779 2077 1931 2163 neque
1958 2064 2059 2136 actu

565 2171 760 2287 possidet
784 2169 829 2258 id
853 2169 970 2282 quud
1004 2197 1267 2255 conservare
1290 2167 1550 2282 praesumit.
1576 2169 1622 2256 2.
1649 2199 1703 2256 ex
1726 2199 1779 2255 eo
1801 2169 1927 2289 quod
1954 2201 2057 2285 pos·

562 2293 697 2379 sessio
730 2293 773 2380 in
810 2291 929 2378 nudo
961 2290 1073 2378 facto
1110 2291 1334 2394 consistit;
1372 2307 1416 2378 et
1460 2291 1502 2376 in
1548 2289 1661 2378 iacto
1693 2309 1892 2392 constat,
1934 2291 2054 2408 quod

561 2416 844 2530 Praepositae
860 2412 1042 2500 Pirinoti
1065 2411 1444 2531 quemadmodum
1468 2412 1560 2500 eius
1582 2431 1830 2502 antecessor
1852 2415 2054 2532 (tu-gtia-

424 2589 427 2596 .
565 2538 690 2626 metti
725 2567 967 2654 numquam
1003 2537 1044 2622 in
1082 2537 1209 2623 buius
1244 2536 1349 2622 iuris
1383 2536 1653 2651 possessione
1683 2537 1856 2624 suerunt
1895 2555 2051 2624 contra

563 2659 992 2760 Hebdomadurium‚
1018 2659 1119 2774 quia
1144 2659 1320 2777 utrique
1344 2658 1499 2746 coliata
1523 2657 1602 2746 iuit
1625 2660 1938 2774 praepositura
1973 2659 2056 2747 sub

546 2781 664 2899 'lege
697 2782 768 2868 cte
802 2782 838 2868 it
872 2781 1064 2868 suddetto
1096 2781 1222 2869 statio
1255 2781 1321 2866 siu
1352 2780 1496 2868 ceduto
1522 2813 1632 2868 come
1664 2783 1702 2868 si
1729 2781 1838 2886 crde,
1865 2781 1936 2868 nel
1969 2781 2057 2868 soto

558 2904 803 3021 principale
834 2904 1107 3023 funzionuntc
1137 2907 1204 2992 sia
1235 2905 1436 2992 Prcousto
1470 2937 1493 2990 o
1527 2905 1737 2991 Canonico
1774 2903 2050 2991 Eddomudc·

563 3029 656 3132 rio;
684 3058 799 3145 quae
836 3028 921 3129 lex,
961 3028 1139 3114 testibus
1176 3027 1316 3114 tribus
1337 3025 1645 3115 Sacerdotibus
1668 3028 1869 3142 Capituio
1902 3044 2055 3116 extra·

563 3152 673 3253 neis,
696 3153 863 3268 absque
886 3151 1202 3266 interruptione
1226 3181 1362 3267 usque
1385 3149 1428 3234 in
1453 3180 1657 3264 praeseus
1675 3151 1947 3240 adamussim
1971 3180 2057 3236 ser·

569 3289 668 3361 vata
699 3274 797 3362 fuit.
837 3274 1050 3362 Possessio
1074 3303 1177 3390 ergo
1210 3289 1295 3361 stat
1316 3271 1465 3360 favore
1486 3273 1850 3375 Hebdomadasii,
1878 3291 1923 3359 et
1957 3270 2051 3389 qai·

567 3395 671 3484 dem
713 3427 768 3484 ex
808 3401 919 3484 iusto
959 3397 1084 3484 titulo
1129 3397 1232 3513 quia
1272 3395 1473 3482 innititur
1510 3397 1764 3484 resolutioni
1804 3391 2051 3512 Capitutari

565 3518 653 3608 diei
690 3519 748 3606 15
783 3519 880 3608 Maii
909 3520 1043 3620 1855,
1070 3539 1201 3635 atque
1236 3518 1367 3606 etium
1393 3517 1511 3607 bona
1546 3517 1633 3610 srde
1659 3518 1765 3635 quia
1788 3519 2049 3606 Hebdoma-

567 3641 718 3731 darius
754 3641 932 3756 pacitice
967 3641 1156 3758 possedit
1189 3641 1245 3732 ad
1279 3672 1446 3730 artuum
1483 3673 1621 3759 usque
1645 3644 1782 3744 1769,
1809 3655 1853 3730 et
1885 3642 1944 3729 ab
1968 3671 2044 3729 an·

571 3795 628 3852 no
662 3765 784 3854 1855
819 3795 956 3881 usque
991 3767 1031 3850 in
1071 3795 1290 3878 praesens.
1697 3803 1699 3806 ·

690 3891 840 4005 Neque
873 3883 1171 3975 difficultatem
1204 3886 1372 3976 facessit
1405 3886 1639 3975 arbitratus
1663 3887 1863 4006 Episcopi
1894 3889 2050 3976 berto·

568 4039 643 4112 ne,
680 4011 784 4130 quia
818 4010 911 4126 ipse
949 4041 1034 4097 non
1079 4011 1389 4126 egrediebatur
1428 4039 1660 4127 personam
1696 4011 1902 4098 Canonici
1943 4011 2046 4098 Cra·

567 4132 704 4234 vatia,
742 4133 812 4218 cui
850 4132 1134 4247 personaliter
1168 4133 1363 4248 precario
1396 4149 1439 4220 et
1474 4163 1551 4247 pro
1573 4133 1691 4220 bono
1713 4133 1831 4250 pacis
1854 4133 2049 4252 primum

567 4255 744 4343 statium
779 4285 1030 4344 concessum
1064 4255 1161 4360 iuit3
1192 4253 1309 4342 urtde
1342 4257 1407 4342 ius
1438 4255 1616 4370 speciale
1650 4255 2050 4372 inconsequentiam

569 4409 653 4465 non
687 4377 875 4466 trabitur
907 4410 960 4466 ex
991 4378 1090 4493 Lep.
1132 4377 1254 4487 Quod
1290 4409 1387 4466 vcro
1424 4377 1474 4500 ff.
1511 4377 1576 4464 De
1613 4378 1740 4494 dapib.
1775 4379 1900 4489 Quod
1937 4377 2050 4465 adeo

555 4531 725 4586 uerum
759 4531 853 4590 esse
886 4499 1035 4588 subdit
1069 4501 1286 4602 defensor,
1326 4518 1371 4587 ut
1405 4519 1579 4590 mortuo
1607 4501 1837 4604 Cruvatia‚
1875 4517 1920 4589 et
1951 4529 2052 4615 sup-

570 4653 717 4739 pressa
750 4623 1059 4737 Praepositum
1091 4655 1231 4741 usque
1264 4623 1321 4711 ad
1352 4655 1516 4712 anuum
1554 4626 1693 4728 1826,
1731 4655 1819 4742 quo
1853 4641 2053 4740 tempore

567 4746 770 4833 restituta
804 4744 885 4832 tuit
933 4763 1065 4862 atque
1106 4765 1207 4835 tunc
1255 4749 1471 4838 Canonico
1511 4747 1715 4835 Ainisetti
1761 4747 1951 4852 coliata,
1989 4743 2053 4832 bic

567 4867 732 4956 diebus
756 4870 1089 4984 praepositurae
1122 4871 1428 4960 tantummodo
1464 4871 1654 4987 primum
1678 4869 1856 4958 stultum
1886 4871 1930 4956 in
1955 4870 2053 4957 cbo·
2186 4875 2198 4978 s

568 5021 617 5078 ro
650 4994 896 5109 occupavit.
933 4993 1033 5109 ipso
1065 5009 1213 5082 autem
1248 5023 1273 5080 e
1307 4992 1397 5080 vitu
1429 4993 1615 5096 sublato,
1643 4994 1946 5110 Praepositum
1980 5021 2052 5078 vu·

568 5144 670 5202 cans
687 5114 833 5204 extitit
874 5113 929 5203 ad
965 5123 1134 5204 aunum
1174 5145 1310 5234 usque
1353 5116 1465 5204 1811
1510 5147 1600 5234 quo
1639 5131 1839 5232 tempure
1886 5117 2050 5205 electus

568 5234 652 5324 tuit
685 5237 928 5326 Canonicus
964 5239 1120 5328 Diana.
1156 5243 1279 5328 Tunc
1310 5239 1541 5328 transactio
1572 5269 1719 5328 corum
1755 5238 1928 5328 Vicurio
1972 5239 2053 5326 Ge·

569 5359 710 5446 uerali
744 5361 857 5450 inita'
881 5361 977 5464 iuit,
1003 5381 1135 5482 atque
1169 5395 1223 5451 ex
1245 5361 1491 5451 voluntaria
1513 5362 1834 5453 Canonicorum
1875 5361 2054 5477 permis·

569 5480 690 5569 sione
722 5515 971 5574 eoncessum
1005 5486 1259 5604 Praeposito
1290 5484 1484 5602 primum
1511 5486 1687 5575 stallum
1731 5481 2056 5602 personulntcnto
