4530 6336
545 307 635 398 342
1046 301 1124 388 Die
1155 299 1217 388 26
1248 297 1353 388 tutti
1388 298 1526 386 tera.

544 431 602 522 ad
637 426 1060 522 consummationem
1114 420 1382 510 matrimonii
1426 415 1677 525 sufficiente,
1720 423 1924 540 perfacile
1978 429 2060 516 in-

544 553 762 673 telligitur
786 550 828 638 in
861 549 942 636 hoc
980 577 1107 652 seusu
1151 543 1409 660 impotentia
1437 567 1594 663 quam·
1624 549 1680 646 D.
1724 547 1894 638 Hubert
1923 549 2065 642 refa-

546 679 675 766 tiuum
710 669 932 790 appellat,
959 687 1003 758 et
1033 699 1122 788 qua
1157 665 1333 770 affectus
1355 686 1436 771 ‚est
1470 667 1790 770 ferdinandus.
1843 674 1939 762 Non
1984 687 2070 760 est

544 828 706 915 nempe
743 791 1005 910 impotentia
1039 787 1221 880 relativa
1254 787 1308 876 ad
1330 819 1528 894 uxorem,
1549 791 1626 880 sed
1646 791 1827 882 relativa
1850 796 1907 885 ad
1946 825 2058 886 eer-

545 937 637 1012 tum
678 916 902 1036 gradum,
941 943 1102 1031 nempe
1156 910 1333 1028 perfecti
1384 911 1672 1002 corruscant
1721 946 1871 1006 uxore.
1923 922 2064 1010 llaec

543 1074 641 1131 nen·
681 1037 868 1158 impedit
910 1034 1272 1126 commixtionem
1326 1061 1527 1139 sexuum,
1581 1035 1742 1126 idcirco
1779 1069 1860 1128 nec
1901 1043 2058 1132 etiam

546 1163 733 1284 impedit
750 1159 1172 1250 consummationem
1197 1155 1403 1274 coniugii.
1429 1157 1680 1262 Caeterum,
1705 1175 1875 1250 retenta
1901 1165 2056 1254 etiam

543 1287 699 1408 peritia
725 1285 910 1386 Hubert,
946 1312 1078 1400 quem
1103 1278 1456 1396 expertissimum
1483 1280 1523 1368 iu
1543 1282 1795 1372 obstetricia
1830 1313 1885 1374 ex
1917 1303 2058 1402 parte

546 1407 743 1500 mulieris
777 1405 1029 1508 affirmatur,
1073 1434 1126 1493 ex
1165 1432 1254 1520 quo
1303 1404 1393 1519 ipse
1432 1402 1474 1488 iu
1522 1405 1738 1494 essentiali
1764 1409 2049 1524 quaestionis

545 1547 711 1653 puncto
766 1527 1011 1648 profitetur,
1049 1525 1216 1614 nullam
1251 1525 1344 1614 dari
1381 1555 1506 1644 posse
1538 1527 1844 1618 certitudinem
1891 1531 2053 1630 incun-

544 1651 864 1756 summationiS,
901 1681 977 1738 sua
1010 1663 1165 1768 sponte
1197 1647 1399 1763 emergit,
1435 1648 1557 1766 quod
1578 1652 1937 1769 necdispensatio
1961 1655 2048 1744 de·

544 1781 623 1868 bet
654 1774 870 1878 concedi,
907 1803 1027 1862 secus
1060 1773 1177 1858 enim
1223 1771 1541 1888 consummatio
1585 1804 1664 1890 pre
1718 1806 1806 1892 qua
1863 1777 2045 1868 validae

547 1901 730 1992 subsunt
762 1895 1139 2014 praesumptiones
1167 1893 1267 1981 iuris
1301 1910 1344 1980 et
1378 1893 1499 1998 lacti,
1538 1895 1861 2002 existimaretur
1884 1898 2039 1990 deter-

546 2024 711 2112 minate
747 2019 869 2122 lalsa;
896 2017 938 2106 id
962 2015 1084 2136 quod
1108 2032 1319 2134 repugnat
1344 2017 1776 2135 praesumptionibus
1794 2019 1967 2112 iisdem.

672 2145 734 2230 lta
769 2139 1200 2230 inconsummationis
1231 2137 1518 2241 fundamento
1542 2140 1756 2248 refutato,
1793 2142 1924 2232 edicit
1958 2145 2039 2234 in—

409 2349 419 2377 ,
543 2299 676 2387 super
709 2264 939 2366 Defensor,
977 2263 1109 2352 etiam
1147 2260 1249 2350 alias
1281 2291 1431 2351 causas
1464 2263 1729 2354 extrinsecas
1750 2266 2040 2384 dispensatio-

545 2391 611 2479 nis
643 2421 697 2478 ex
729 2388 810 2476 hoc
844 2387 936 2503 ipse
977 2413 1253 2474 evauescere.
1291 2387 1352 2472 lta
1403 2415 1591 2502 namque
1643 2389 1941 2480 ratiocinatur.
1987 2392 2035 2482 Si

546 2545 601 2602 ex
634 2509 861 2600 notissima
893 2510 1126 2600 Sacrorum
1161 2508 1387 2598 Canonum
1433 2509 1769 2630 praescriptione
1820 2515 1860 2600 in
1908 2543 2037 2604 causa

392 2729 395 2735 ,
546 2633 769 2726 absolutae
793 2631 1078 2749 impotentiae
1099 2629 1349 2719 alterutrius
1369 2630 1581 2748 coniugis,
1608 2631 1666 2729 ad
1689 2635 1771 2724 hec
1787 2635 2029 2750 periculum

546 2755 872 2850 eliminandum
907 2785 961 2842 ne
995 2781 1226 2871 perperam
1260 2769 1487 2870 separetur
1509 2753 1552 2842 id
1577 2755 1696 2874 qued
1716 2760 1835 2846 Deus
1852 2759 2032 2847 coniun-

545 2881 626 2984 xit,
665 2876 845 2970 concedi
879 2878 988 2966 solet
1028 2876 1253 2966 triennalis
1299 2875 1631 2968 cohabitationis
1664 2879 2031 2998 experimentum,

546 3001 954 3092 validioriratione
988 2998 1068 3090 boc
1101 2997 1346 3088 remedium
1381 3015 1445 3086 est
1476 3000 1779 3092 adhibendum
1825 3005 1868 3092 in
1900 3034 2026 3094 causa

549 3125 626 3216 ubi
661 3125 804 3243 agitur
836 3123 891 3214 de
927 3123 1201 3240 impotentia,
1239 3153 1325 3214 non
1361 3121 1558 3242 absoluta
1591 3127 1732 3244 quoad
1753 3149 1903 3216 omnes
1935 3156 2030 3216 mu·

544 3249 691 3353 lieres,
729 3279 809 3336 nec
842 3245 1040 3338 absolute
1075 3245 1254 3334 relativa
1289 3245 1436 3364 quoad
1471 3263 1632 3336 certam
1663 3248 1912 3356 mulierem,
1962 3249 2036 3340 sed

547 3371 856 3462 tantummodo
889 3369 1072 3459 relativa
1107 3368 1253 3488 quoad
1288 3385 1455 3458 certum
1492 3371 1693 3487 gradum,
1717 3371 1760 3462 id
1782 3389 1846 3460 est
1868 3373 1925 3464 ad
1943 3405 2040 3490 per·

546 3496 707 3586 lectam
745 3495 964 3613 copulam.
1005 3495 1100 3583 Non
1136 3491 1380 3580 ostenditur
1412 3492 1528 3582 enim
1563 3493 1605 3581 in
1639 3526 1755 3601 casu,
1776 3493 1895 3612 qued
1931 3498 2035 3586 Fer-

517 3617 769 3719 ¹dinandus
804 3616 931 3708 alicui
988 3613 1238 3704 medicinali
1276 3645 1406 3704 curae
1452 3616 1658 3734 propriae
1692 3616 2031 3737 imperfectionis

545 3771 638 3832 sese
669 3739 935 3832 subdiderit.
982 3737 1098 3844 Nihil
1134 3737 1315 3856 quidem
1355 3735 1557 3844 affirmari
1577 3759 1720 3858 potest
1736 3743 1792 3832 (lo
1809 3741 1925 3829 exitu
1953 3741 2034 3829 hu·

545 3863 664 3952 iusce
694 3860 943 3967 curationis,
984 3888 1119 3981 quum
1165 3860 1388 3953 extribus
1422 3862 1573 3979 peritis
1609 3863 1650 3950 iu
1702 3863 1863 3954 iudicio
1912 3863 2031 3952 adhi-

544 3985 650 4076 bitis
686 4015 795 4074 unus
821 3989 878 4074 D.
917 3989 1014 4078 Van
1039 3989 1152 4073 Dam
1182 3985 1450 4088 curationem
1491 3985 1700 4091 excludit,
1742 3991 1824 4076 Dr.
1859 4003 2033 4079 econtra

547 4107 722 4197 llubert
733 4107 935 4225 explicite
953 4108 1220 4229 profitetur«
1253 4107 1313 4194 mi
1338 4112 1358 4194 d
1383 4107 1639 4224 impossibile
1666 4109 1835 4201 didere
1866 4141 1951 4200 una
1972 4110 2034 4196 ri-

550 4247 695 4348 spesta
727 4233 960 4348 cateporica
998 4265 1044 4318 sa-
1072 4249 1209 4351 questo
1241 4249 1405 4348 appello
1443 4271 1482 4319 a.
1518 4232 1572 4320 Et
1603 4233 1635 4322 si
1670 4233 1850 4352 quidem
1878 4263 2036 4352 agere-

547 4353 698 4444 turdo
729 4355 973 4472 reparanda
1012 4353 1269 4472 impotentia
1305 4353 1500 4444 mulieris
1539 4356 1762 4446 mediante
1795 4356 1940 4474 aliqua
1961 4354 2035 4442 in-

547 4477 709 4568 cisione
745 4479 910 4596 absque
944 4477 1137 4596 periculo
1176 4477 1307 4580 vitae,
1361 4479 1627 4586 conveniunt
1671 4481 1880 4568 Doctores
1929 4506 2028 4567 eam

547 4631 640 4692 sese
674 4599 890 4690 subiicere
923 4600 1089 4692 debere
1122 4598 1337 4690 eiusmodi
1372 4601 1614 4717 operationi
1648 4600 1829 4691 Saaelrez
1863 4599 1912 4690 de
1944 4631 2028 4688 mu-

549 4726 667 4819 tria.
708 4723 781 4812 tit.
821 4726 848 4810 7
883 4721 998 4840 disp.
1035 4725 1095 4814 93
1129 4756 1241 4814 num.
1279 4725 1355 4824 32,
1395 4724 1682 4844 multomagis
1698 4725 1780 4814 erit
1797 4739 2032 4842 expectau-

547 4847 629 4938 dus
661 4846 805 4934 exitus
836 4847 1071 4936 curationis
1107 4847 1206 4952 riri,
1244 4847 1290 4946 iu
1323 4878 1412 4965 quo
1444 4876 1525 4939 nee
1558 4864 1674 4939 certe
1697 4879 1776 4952 nec
1800 4845 2030 4938 manifeste

550 4968 804 5060 incurabilis
833 4969 1097 5089 impotentia
1131 4969 1472 5072 demonstratur.
1508 4972 1606 5084 Quo
1640 4971 1820 5092 quidem
1849 4967 2029 5061 salutari

543 5091 725 5196 ellectu,
764 5108 810 5182 ut
843 5111 1059 5209 speratur,
1095 5093 1296 5198 obtento,
1333 5092 1537 5194 facillime
1571 5095 1884 5186 restaurabitur
1924 5122 2030 5194 con-

548 5213 713 5319 cordia,
750 5247 798 5306 ac
830 5216 873 5302 in
907 5232 1052 5306 mnata
1086 5249 1135 5306 ac
1165 5247 1372 5335 prospera
1406 5217 1565 5306 unione
1588 5215 1860 5313 individuam
1910 5216 2024 5314 virae.

493 5421 495 5424 ,
547 5337 910 5440 consuetudinem
944 5340 1059 5432 ultro
1091 5340 1296 5458 coniuges
1328 5341 1663 5444 conservabunt.
1790 5430 1808 5442 ,,
