4446 6330
518 300 579 394 61
974 296 1150 388 61625
1182 294 1380 384 Ianuarii
1413 293 1550 383 1879.

515 422 618 526 1611,
657 421 791 510 veluti
816 420 999 512 revincit
1022 450 1075 508 ex
1099 419 1328 536 multiplici
1351 417 1628 506 sacerdotum
1662 433 1706 505 et
1740 414 2011 504 Medicorum

517 544 771 636 testimonio
821 543 865 632 in
922 574 999 632 suo
1048 542 1289 632 summario
1339 539 1622 660 perlegendo,
1676 539 1751 660 qui
1789 568 2014 630 cemmen-

516 669 628 758 dant
662 668 878 763 Parocltos
927 667 1270 783 Augustinenses
1321 681 1503 782 propter
1541 665 1677 752 «zelo
1711 664 1927 778 superiore
1959 661 2016 750 ad

517 793 620 907 opai
651 789 787 906 clopio
817 823 854 892 »3
882 819 1082 878 necnon
1108 821 1162 878 ex
1187 787 1383 877 unanimi
1406 787 1759 877 Eabrioeriorum
1781 783 2006 904 suffragio,

518 913 596 1032 qui
628 942 780 1002 eorum
817 913 1026 1028 pietatem
1070 927 1114 1000 et
1156 911 1349 1000 assiduas
1382 941 1508 998 curas
1543 911 1723 1000 laudant
1759 909 1800 996 16
1826 908 2013 996 admini-

517 1037 693 1128 stranda
726 1035 933 1124 Paroecia
966 1035 1011 1124 S.
1053 1036 1210 1123 llariae
1244 1033 1299 1122 de
1333 1034 1657 1122 Consolatione.
1694 1030 2014 1150 11666666-

517 1159 582 1277 gis
615 1158 798 1260 relevat,
821 1157 1047 1246 contendit
1063 1190 1155 1247 esse
1174 1157 1405 1246 lormalem
1429 1177 1682 1274 geometrae
1705 1155 1928 1275 peritiam,
1956 1185 2011 1243 ex

517 1311 604 1400 qua
638 1284 808 1371 eruitur
840 1295 1119 1400 praetensam
1155 1279 1409 1371 distantiam
1445 1282 1518 1368 vix
1569 1311 1703 1366 unum
1750 1277 2006 1368 milliarium

520 1405 735 1496 excedere
768 1433 867 1492 cnm
902 1403 1019 1492 facili
1065 1434 1237 1492 accessu
1285 1402 1538 1522 semitisque
1585 1403 1743 1522 planis,
1783 1433 1862 1518 per
1897 1431 2011 1518 quas

520 1528 757 1618 commode
790 1526 1101 1616 deambulatur
1140 1567 1157 1602 ι
1187 1542 1289 1613 tatto
1314 1525 1350 1611 il
1367 1529 1586 1614 territorio
1611 1524 1726 1612 della
1752 1524 2014 1612 Porrocclria

515 1651 835 1766 propriamente
867 1649 1025 1736 6111616
1057 1652 1077 1736 i
1109 1649 1263 1736 solcato
1297 1645 2014 1768 616616611666666666111111161-

518 1771 600 1858 6116
629 1801 841 1887 percorso,
879 1807 899 1858 6
932 1772 1002 1859 616
1042 1773 1077 1860 11
1124 1788 1302 1860 restante
1351 1774 1570 1860 territorio
1618 1803 1734 1860 meua
1783 1769 1941 1858 6111616
1992 1773 2014 1858 1

516 1897 739 2012 proouista
772 1893 820 1982 di
852 1895 1018 1982 comode
1048 1895 1191 1984 strada
1220 1927 1298 2011 per
1327 1895 1486 2011 pedoni
1509 1911 1608 1984 tutte
1643 1893 1808 1983 selciate
1835 1893 1888 1980 ed
1910 1893 2011 1982 illu·

518 2019 695 2118 miuote,·
728 2018 946 2136 simulque
979 2021 1146 2135 peritus
1179 2019 1369 2107 declarat
1391 2019 1495 2108 alias
1521 2019 1740 2138 paroecias
1762 2017 2008 2106 saeculares

517 2139 704 2258 longiori
738 2141 992 2230 extensione
1025 2140 1355 2258 comprehendi.
1383 2146 1583 2231 lamvcro
1606 2141 2006 2256 compertissimum

521 2293 617 2352 esse
638 2263 805 2364 subdit,
832 2263 1084 2354 distantiam
1105 2265 1299 2365 duorum,
1336 2266 1404 2354 vel
1421 2268 1549 2354 triam
1570 2265 1877 2352 milliariorum
1892 2295 2016 2382 pror·

517 2414 591 2473 sus
624 2383 954 2476 insufficientem
991 2387 1255 2478 declaratam
1292 2389 1420 2480 luisse
1453 2391 1511 2477 ab
1545 2391 1590 2479 S.
1629 2391 1681 2476 H.
1719 2390 1773 2477 Ο.
1813 2385 1857 2474 16
1907 2386 2016 2473 Gou-

518 2509 714 2595 staatieu.
751 2511 812 2598 27
844 2511 936 2598 lua.
976 2510 1114 2606 1761,
1133 2511 1355 2606 Pisaurea.
1384 2515 1442 2602 19
1466 2513 1578 2628 Apr.
1606 2529 1649 2600 et
1674 2513 1732 2598 10
1757 2511 1865 2598 Μ611
1889 2511 2012 2598 1766

518 2629 592 2741 ad·
610 2632 917 2721 paroeciarum
948 2633 1385 2728 dismembrationem
1415 2635 1758 2724 decernendam.
1782 2635 1891 2722 Cum
1927 2635 2009 2722 ita·

520 2783 607 2872 que
639 2754 683 2841 16
719 2786 821 2844 casu
858 2785 1002 2876 neque
1035 2757 1262 2875 longitudo
1287 2759 1453 2848 itineris
1478 2759 1692 2846 habeatur
1714 2791 1738 2846 a
1763 2757 1858 2845 iure
1881 2785 2013 2874 prae·

520 2875 696 2992 scripta,
733 2909 877 2997 neque
899 2881 1031 2968 etiam
1058 2879 1288 2970 difficultas
1312 2881 1478 2970 itineris
1506 2899 1750 2984 concurrat,
1787 2879 2017 2968 concludit

522 2997 741 3090 Delensor
773 3001 902 3121 quod.
926 3001 1148 3092 imnrerlto
1183 3003 1298 3094 dicta
1340 3004 1676 3094 dismembratio
1722 3003 2006 3123 proponitur.

646 3127 978 3230 Verumtamen,
1018 3127 1299 3244 prosequitur
1330 3143 1492 3232 orator,
1530 3127 1632 3216 licet
1663 3141 1814 3215 contra
1847 3125 2011 3216 lactum

516 3245 782 3335 concedatur
813 3265 1090 3364 praetensam
1124 3251 1394 3354 distantiam,
1421 3249 1810 3368 difficultatemque
1833 3249 2008 3340 viarum

516 3365 748 3476 verificari,
787 3370 846 3460 ita
882 3389 929 3460 ut
962 3371 1114 3462 fideles
1146 3405 1301 3462 revera
1335 3373 1511 3492 physice
1544 3373 1863 3489 impediantur,
1893 3403 2013 3491 quo-

513 3489 661 3578 minus
694 3494 751 3584 ad
783 3494 1020 3584 Ecclesiam
1058 3497 1353 3613 parochialem
1388 3527 1434 3586 se
1467 3495 1663 3585 conterre
1697 3495 1889 3600 valeant,
1918 3525 2012 3584 non

517 3627 665 3704 tamen
701 3615 863 3706 exinde
912 3617 1318 3709 dismembratiouis
1374 3620 1603 3708 necessitas
1651 3616 1795 3708 evinci
1843 3636 2005 3735 posset.

518 3737 690 3826 Etenim
726 3757 902 3856 praeter
926 3743 1156 3831 Ecclesiam
1191 3739 1817 3859 lmmaculataeCouceptiouis
1851 3740 2013 3830 adsunt

518 3860 733 3949 Ecclesiae
767 3863 835 3951 vel
872 3865 1124 3953 Conventus
1158 3867 1494 3954 Barnabitarum
1534 3881 1574 3954 et
1603 3863 2005 3984 Cappuceinorum,

518 3979 594 4100 qui
628 3983 890 4074 adiutricem
924 4017 1101 4106 operam
1138 3989 1331 4078 Parooho
1374 4003 1530 4104 sponte
1578 4001 1814 4108 praestant.
1870 3987 2010 4076 Primi

512 4101 736 4222 siquidem
771 4122 1001 4199 testantur:
1039 4111 1088 4197 di
1120 4143 1241 4198 arere
1275 4111 1350 4199 dal
1381 4111 1437 4200 P.
1472 4111 1663 4198 Parraco
1697 4109 1811 4198 dello
1855 4110 2011 4197 Conso·

514 4222 680 4314 lazicae
714 4229 749 4316 11
780 4264 985 4345 permesso
1019 4231 1069 4320 di
1100 4235 1414 4324 amministrare
1446 4236 1463 4321 i
1495 4234 1743 4321 sacramenti
1771 4231 2012 4320 dell'Euca·

515 4347 646 4436 ristia
693 4385 714 4438 6
747 4353 1539 4479 6611661666666616666911616661
1582 4357 1650 4444 aei
1689 4356 1776 4443 cosi
1818 4357 2003 4474 arpenti,

517 4469 589 4558 alte
614 4489 825 4588 potessero
858 4481 949 4566 neri
984 4483 1111 4582 corsi,
1147 4478 1287 4604 stfficio
1321 4479 1366 4568 61
1398 4476 1520 4598 quale
1551 4481 1587 4568 il
1619 4479 1871 4568 sottoscritta
1893 4510 2003 4566 come

514 4593 579 4710 pti
613 4595 721 4686 altri
751 4599 897 4688 Paclri
959 4603 998 4692 61
1045 4603 1236 4720 66116916
1294 4603 1545 4691 rolcnterosi
1592 4603 1629 4690 si
1668 4619 1884 4720 prestaria:
1935 4603 2010 4691 661

511 4721 747 4811 concordat
764 4725 950 4814 alterum
970 4727 1343 4843 Cappuccinorum
1360 4725 1675 4814 testimonium.
1694 4724 1827 4843 Atqui
1855 4763 1871 4804 ι
1900 4757 2009 4843 quo·

518 4879 536 4917 ι
577 4841 654 4929 ties
690 4843 732 4930 16
767 4849 876 4952 1666,
913 4849 989 4966 qui
1023 4850 1324 4964 praetenditur
1357 4849 1487 4938 nimis
1509 4847 1784 4966 aparochiali
1811 4849 1998 4938 Ecclesia

517 4999 534 5037 ι
575 4962 753 5069 distare,
792 4971 949 5060 existat
981 4970 1170 5062 Ecclesia
1192 4971 1270 5060 ubi
1295 4971 1484 5060 resideat
1518 4972 1795 5090 Capellanus,
1842 4971 1918 5090 qui
1954 4971 2000 5058 16

513 5121 529 5163 s
570 5115 670 5176 casu
703 5095 973 5184 necessitatis
1022 5109 1163 5214 potest
1216 5093 1462 5184 ministrare
1510 5112 1778 5186 sacramenta
1819 5094 1994 5213 penitus

518 5245 533 5282 ι
575 5239 702 5300 ruere
725 5235 906 5335 apparet
930 5218 1196 5338 quicumque
1219 5215 1401 5308 difficilis
1423 5248 1615 5308 accessus
1638 5233 1889 5335 praetextus
1921 5249 2002 5336 pro

517 5367 534 5403 s
572 5329 967 5432 dismembratione
1001 5339 1260 5434 obtinenda.
1291 5383 1308 5422 ι
1337 5345 1447 5432 Rota
1467 5343 1564 5432 Dec.
1587 5343 1733 5431 11786.
1754 5343 1781 5434 7
1790 5356 1910 5460 part.
1938 5339 2000 5430 19
