4558 6340
754 310 839 399 Die
869 313 921 401 21
963 311 1080 399 Iconii
1113 311 1251 401 1879.
1659 315 1751 402 275

255 431 474 528 beneficia
517 433 799 552 To-Dibiepi,
826 433 1062 533 Tu-Sened,
1078 453 1117 524 et
1139 435 1428 537 'Tu-Gortin,
1482 433 1606 550 intra·
1640 435 1753 526 fines

259 587 456 675 nuperae
490 557 712 646 Dioecesis
755 553 1057 647 Gaudisiensis
1099 574 1244 646 erecta
1288 557 1584 673 reperiuntur.
1640 561 1752 678 Ergo

259 680 327 770 ius
371 679 653 768 institutionis
691 678 839 798 quoad
878 682 984 769 baec
1018 681 1099 768 tria
1120 678 1334 768 beneficia
1369 679 1425 768 de
1448 678 1542 767 iure
1578 681 1752 796 Episco-

262 835 320 923 po
340 801 620 891 Gaudisiensi
644 822 897 920 competere
920 801 1124 890 affirmat,
1148 803 1202 889 Ut
1225 819 1372 889 autem
1397 799 1600 890 ostendat
1623 834 1753 920 prae·

259 929 347 1014 lata
379 921 597 1012 beneficia
629 925 741 1012 intra
790 925 950 1013 limites
996 925 1219 1012 Diuceesis
1266 924 1565 1015 Gaudisiensis
1605 942 1754 1016 erecta
1861 1013 1875 1038 ‚

263 1043 401 1136 modo
434 1045 617 1165 reperiri
656 1040 755 1162 piae
788 1045 1049 1136 fundatricis
1066 1047 1401 1160 dispositionem
1422 1046 1660 1151 meminit,
1698 1079 1754 1136 ex

264 1200 353 1289 qua
377 1169 657 1256 manifestum
695 1168 741 1255 lit
772 1168 991 1257 beneficio
1028 1171 1088 1256 Tu
1120 1168 1298 1286 Dibiepi
1340 1169 1593 1287 impositum
1619 1170 1753 1259 luisse

261 1323 372 1382 onus
408 1289 663 1407 lampadem
698 1289 966 1381 accendendi
1003 1291 1044 1378 in
1080 1292 1269 1380 Ecclesia
1304 1293 1350 1382 S.
1378 1294 1539 1379 Mariae
1573 1292 1617 1378 in
1641 1297 1756 1383 Gau·

261 1412 440 1504 disiensi
477 1413 623 1502 insula
670 1415 899 1518 existentc3
949 1412 1218 1502 beneficium
1240 1415 1300 1500 To
1335 1414 1487 1501 Curtio
1520 1434 1754 1528 gravatum

267 1536 401 1625 luisse
431 1566 564 1623 onere
589 1535 802 1653 quasdam
827 1533 1081 1624 celebrandi
1115 1537 1257 1624 lllissas
1292 1537 1336 1624 in
1371 1536 1542 1624 matrici
1565 1537 1756 1626 Ecclesia

271 1657 565 1760 Gaudisiensi,
603 1657 738 1752 ueluti
771 1659 864 1776 ipsa
899 1659 1161 1748 Melevitann
1193 1659 1324 1748 Curia
1348 1676 1545 1746 testatur.
1571 1659 1659 1748 Sed
1694 1660 1758 1748 di·

268 1781 383 1871 citnr
421 1781 640 1874 consistere
687 1780 928 1901 beneficium
974 1780 1047 1867 ubi
1095 1781 1356 1897 impenditur
1403 1779 1583 1923 officium
1628 1781 1752 1870 tort.

268 1905 334 1990 De
352 1903 543 2020 rabones.
564 1903 638 1990 tit.
652 1903 683 1994 ,1
710 1935 753 2020 q.
781 1906 838 1992 l3
859 1935 973 1991 nsunt.
998 1903 1103 1990 127.
1130 1908 1241 1995 Cum
1260 1935 1364 2021 ergo
1381 1901 1570 1991 olhcium
1591 1903 1758 1992 benefi-

268 2027 436 2116 ciorum
476 2026 536 2111 To
578 2025 753 2142 Dibiepi
785 2041 829 2113 ει
865 2026 925 2124 ΙΤα
955 2025 1106 2113 Cortin
1149 2026 1434 2144 impendatur
1473 2028 1515 2112 in
1562 2027 1758 2116 Ecclesiis

265 2148 436 2238 insulae
468 2148 781 2250 Gaudisiensis,
819 2148 975 2236 cadem
1023 2149 1131 2236 inibi
1165 2167 1306 2237 erecta
1351 2149 1481 2236 luisse
1514 2147 1755 2236 dicendum

265 2287 344 2359 est.
366 2274 455 2360 Nec
486 2301 608 2360 secus
640 2269 990 2358 concludendum
1024 2271 1169 2394 pergit
1198 2271 1255 2359 de
1283 2271 1418 2359 altero
1452 2271 1668 2360 beneficio
1698 2272 1759 2358 Tu

264 2393 412 2481 Sened.
451 2395 589 2510 lpsius
625 2393 847 2510 siquidem
886 2392 980 2494 dos,
1008 2425 1084 2481 seu
1120 2393 1280 2480 landus
1316 2395 1357 2480 in
1393 2394 1611 2482 territorio
1635 2395 1756 2481 Gau·

265 2515 446 2605 disiensi
481 2531 616 2617 extat,
652 2547 701 2604 ac
737 2546 813 2632 per
836 2517 916 2603 boc
949 2545 1047 2603 cum
1085 2516 1229 2604 nullus
1262 2515 1306 2603 in
1341 2515 1756 2604 fundationeluerit

266 2639 521 2754 designatus
554 2639 688 2732 locus.
715 2639 870 2756 inquo
905 2667 1037 2726 onera
1059 2639 1280 2756 explenda
1300 2638 1456 2742 lorent,
1485 2637 1762 2728 illucdicen·
1802 2685 1805 2692 Δ

269 2761 466 2851 domest
500 2777 692 2850 enectum
719 2760 919 2877 reperiri,
957 2761 1033 2847 ubi
1070 2760 1148 2848 dos
1183 2763 1276 2878 ipsa
1310 2763 1541 2848 constituta
1576 2777 1748 2848 manet.

392 2885 424 2970 E
458 2899 606 2971 contra
644 2884 719 3001 qui
753 2899 898 3001 partes
933 2884 1020 3000 agit
1053 2884 1251 3000 Episcopi
1286 2883 1532 2972 llelevitani
1558 2913 1760 3000 praemo-

269 3005 975 3101 net-inomnibusvacationibus
1018 3005 1223 3094 beneficii
1256 3007 1557 3095 Oeconomnm
1598 3007 1657 3093 ab
1704 3007 1760 3091 E·

268 3127 452 3245 piscopo
487 3129 691 3245 deputari
729 3119 1073 3245 postremusque
1101 3129 1287 3216 Litteras
1331 3129 1617 3248 ApostolicaS,
1642 3127 1761 3236 unde

275 3252 466 3338 Antistes
499 3249 640 3340 Grecb
665 3251 880 3354 Delicata,
901 3249 1141 3338 adversarii
1164 3249 1486 3367 praedecessor,
1512 3251 1638 3339 titulo
1673 3249 1759 3338 ad·-

271 3373 622 3476 ministrationis,
649 3376 849 3490 prosisus
867 3389 947 3478 est,
969 3375 1137 3490 absque
1155 3373 1501 3460 contradictione
1523 3372 1759 3461 abeodem

271 3525 446 3614 quoque
489 3495 621 3583 luisse
675 3514 931 3616 exequutus.
980 3499 1131 3616 ltaque
1185 3496 1420 3614 Episcopus
1478 3495 1520 3582 in
1582 3493 1764 3614 pacifica

269 3647 411 3734 eaque
445 3619 806 3720 immemorabili,
845 3621 976 3706 etiam
1015 3634 1113 3735 post
1156 3637 1344 3705 ereetum
1395 3617 1556 3710 Sedem
1591 3613 1759 3706 Gaudi-

268 3739 490 3844 siensem,
527 3771 602 3851 sua
638 3742 910 3856 possessione
961 3741 1117 3828 mansit
1167 3739 1475 3828 iurisdictionis
1511 3737 1755 3836 beneficii,

268 3863 388 3982 quod
421 3861 604 3982 quidem
639 3879 900 3978 argumento
934 3880 997 3952 est
1031 3864 1090 3950 nil
1112 3863 1155 3948 in
1181 3863 1354 3950 Litteris
1379 3863 1642 3980 Apostolicis
1665 3890 1760 3947 ere-

267 3985 421 4075 ctionis
456 3985 741 4104 Episcopatus
775 3987 833 4074 de
868 3985 948 4075 boc
970 4001 1122 4074 contra
1156 3984 1318 4088 caveri,
1346 3986 1407 4072 nil
1444 3986 1487 4072 in
1521 3984 1618 4072 aliis
1653 3983 1766 4069 titu-

271 4107 338 4208 lis,
376 4139 491 4226 quae
524 4126 726 4196 accurate
769 4108 882 4196 verti
930 4109 1057 4196 initio
1093 4107 1351 4196 debuissent
1391 4107 1435 4195 in
1475 4103 1765 4194 recensendis

272 4231 482 4319 omnibus
517 4233 685 4318 iuribus
716 4261 857 4319 novae
890 4231 1034 4333 Sedis,
1072 4233 1130 4318 nb
1162 4261 1215 4318 eo
1249 4230 1543 4346 potissimum,
1581 4227 1659 4348 qui
1693 4258 1767 4316 no·

274 4385 355 4442 vus
389 4353 586 4442 Antistes
619 4371 662 4441 ει
693 4353 897 4443 benclicii
932 4384 1155 4470 possessor
1188 4351 1367 4439 insimul
1402 4368 1511 4440 erat.

398 4475 715 4594 Aggredieude
741 4493 905 4580 tamen,
932 4476 999 4565 bis
1021 4505 1200 4595 quoque
1227 4475 1387 4577 missis,
1410 4475 1609 4562 intimam
1629 4500 1765 4589 quae·

274 4595 481 4697 stionem,
517 4603 680 4687 Orator
709 4600 768 4684 ait
802 4631 888 4686 non
923 4599 1096 4688 exalia
1139 4627 1267 4686 causa
1303 4597 1564 4714 Episcopum
1600 4593 1765 4684 Gaudi-

272 4720 459 4808 siensem
484 4725 596 4838 parti
617 4720 932 4810 iurisdictionis
953 4721 994 4808 in
1030 4720 1246 4808 beneficio
1269 4722 1402 4807 modo
1426 4721 1609 4820 inlriare,
1631 4747 1765 4836 quam

273 4874 326 4931 ex
360 4845 589 4932 existentia
619 4845 1196 4962 nonnullorumluudorum
1222 4843 1355 4961 ipsius
1378 4842 1582 4930 beneficii
1606 4841 1646 4927 in
1668 4869 1766 4956 pro

272 4966 369 5085 pria
402 4967 622 5055 Dioecesi.
651 4968 787 5086 Atqui
825 4967 959 5069 locus,
990 4967 1067 5054 ubi
1090 4969 1209 5054 bona
1242 4964 1528 5054 beneficiaria
1552 4963 1762 5064 existunt,

273 5119 353 5177 nee
387 5107 451 5178 est
485 5091 604 5178 locus
626 5089 849 5192 bcnelicii,
873 5103 921 5177 ut
941 5121 995 5176 cx
1018 5119 1071 5176 eo
1106 5087 1308 5205 Episcopi
1343 5087 1585 5176 iurisdictio
1608 5115 1764 5200 argua-

272 5227 361 5317 tur,
388 5213 463 5302 scd
489 5213 678 5301 invicem
704 5211 892 5301 Ecclesia
916 5229 991 5300 aot
1014 5213 1208 5329 Capella,
1236 5213 1279 5297 in
1299 5241 1386 5330 qua
1406 5211 1547 5330 ipsum
1572 5223 1768 5296 erectum

272 5353 338 5423 est
372 5353 416 5422 el
450 5337 525 5422 obi
565 5367 698 5423 orrcra
722 5338 948 5424 Missas-um
985 5333 1212 5452 implenda
1252 5351 1351 5422 sunt
1387 5364 1441 5420 ex
1464 5331 1689 5420 Antonell.
1718 5327 1770 5415 de

275 5459 354 5545 loc.
394 5458 523 5575 depol.
559 5459 635 5546 lib.
676 5459 692 5544 l
734 5489 831 5574 cop.
869 5461 1044 5548 Suum.
1075 5459 1090 5542 1
1123 5474 1160 5542 ει
1198 5487 1384 5572 sequen„
1437 5459 1601 5548 Lotter,
1640 5451 1691 5541 de
1724 5484 1770 5540 re

274 5579 441 5704 benefic.
472 5581 548 5668 tit.
570 5583 589 5667 1
615 5599 772 5698 quaest.
804 5583 862 5670 13
895 5615 1008 5670 num.
1036 5579 1125 5670 127
1153 5592 1193 5667 ει
1223 5611 1385 5697 sequen.
1423 5579 1626 5699 aliisque.
