<?xml version="1.0" encoding="UTF-8"?>
<!DOCTYPE html PUBLIC "-//W3C//DTD XHTML 1.0 Transitional//EN"
    "http://www.w3.org/TR/xhtml1/DTD/xhtml1-transitional.dtd">
<html xmlns="http://www.w3.org/1999/xhtml" xml:lang="en" lang="en">
 <head>
  <title>
</title>
<meta http-equiv="Content-Type" content="text/html;charset=utf-8" />
  <meta name='ocr-system' content='tesseract 3.04.00' />
  <meta name='ocr-capabilities' content='ocr_page ocr_carea ocr_par ocr_line ocrx_word'/>
</head>
<body>
  <div class='ocr_page' id='page_1' title='image "./thesaurusresolu00churgoog_0105.png"; bbox 0 0 4516 6318; ppageno 0'>
   <div class='ocr_carea' id='block_1_1' title="bbox 508 441 1552 539">
    <p class='ocr_par' dir='ltr' id='par_1_1' title="bbox 508 441 1552 539">
     <span class='ocr_line' id='line_1_1' title="bbox 508 441 1552 539; baseline 0.005 -10"><span class='ocrx_word' id='word_1_1' title='bbox 508 448 572 539; x_wconf 70' lang='grc'><strong>94</strong></span> <span class='ocrx_word' id='word_1_2' title='bbox 951 443 1033 532; x_wconf 85' lang='lat' dir='ltr'><strong>Dic</strong></span> <span class='ocrx_word' id='word_1_3' title='bbox 1066 441 1125 532; x_wconf 84' lang='lat' dir='ltr'><strong>t5</strong></span> <span class='ocrx_word' id='word_1_4' title='bbox 1155 441 1382 535; x_wconf 76' lang='lat' dir='ltr'><strong><em>Februarii</em></strong></span> <span class='ocrx_word' id='word_1_5' title='bbox 1413 445 1552 538; x_wconf 80' lang='grc'><strong>1879.</strong></span> 
     </span>
    </p>
   </div>
   <div class='ocr_carea' id='block_1_2' title="bbox 492 565 1998 1427">
    <p class='ocr_par' dir='ltr' id='par_1_2' title="bbox 492 565 1998 1427">
     <span class='ocr_line' id='line_1_2' title="bbox 515 565 1993 686; baseline 0.008 -34"><span class='ocrx_word' id='word_1_6' title='bbox 515 613 532 652; x_wconf 74' lang='grc' dir='ltr'><strong>ι</strong></span> <span class='ocrx_word' id='word_1_7' title='bbox 571 567 792 661; x_wconf 82' lang='lat' dir='ltr'><strong>luoridel</strong></span> <span class='ocrx_word' id='word_1_8' title='bbox 825 597 958 686; x_wconf 89' lang='lat' dir='ltr'><strong>corpo</strong></span> <span class='ocrx_word' id='word_1_9' title='bbox 992 565 1107 656; x_wconf 88' lang='lat' dir='ltr'><strong>della</strong></span> <span class='ocrx_word' id='word_1_10' title='bbox 1156 568 1369 660; x_wconf 83' lang='lat' dir='ltr'><strong>Comunia</strong></span> <span class='ocrx_word' id='word_1_11' title='bbox 1405 569 1471 661; x_wconf 84' lang='lat' dir='ltr'><strong>cib</strong></span> <span class='ocrx_word' id='word_1_12' title='bbox 1503 569 1583 658; x_wconf 91' lang='lat' dir='ltr'><strong>cbe</strong></span> <span class='ocrx_word' id='word_1_13' title='bbox 1615 567 1640 660; x_wconf 78' lang='lat' dir='ltr'><strong>b</strong></span> <span class='ocrx_word' id='word_1_14' title='bbox 1673 569 1890 661; x_wconf 87' lang='lat' dir='ltr'><strong>contrario</strong></span> <span class='ocrx_word' id='word_1_15' title='bbox 1930 574 1993 664; x_wconf 91' lang='lat' dir='ltr'><strong>al·</strong></span> 
     </span>
     <span class='ocr_line' id='line_1_3' title="bbox 507 688 1989 800; baseline 0.004 -18"><span class='ocrx_word' id='word_1_16' title='bbox 507 733 533 782; x_wconf 75' lang='grc' dir='ltr'><strong>,ι</strong></span> <span class='ocrx_word' id='word_1_17' title='bbox 565 693 789 782; x_wconf 88' lang='lat' dir='ltr'><strong>l&#39;articolo</strong></span> <span class='ocrx_word' id='word_1_18' title='bbox 821 691 877 780; x_wconf 24' lang='lat'><strong>2⁰,</strong></span> <span class='ocrx_word' id='word_1_19' title='bbox 903 689 1020 780; x_wconf 91' lang='lat' dir='ltr'><strong>della</strong></span> <span class='ocrx_word' id='word_1_20' title='bbox 1048 688 1343 782; x_wconf 74' lang='lat' dir='ltr'><strong>londnzioncl</strong></span> <span class='ocrx_word' id='word_1_21' title='bbox 1374 693 1467 782; x_wconf 81' lang='lat'><strong>-20</strong></span> <span class='ocrx_word' id='word_1_22' title='bbox 1487 695 1625 782; x_wconf 84' lang='lat' dir='ltr'><strong>llorto</strong></span> <span class='ocrx_word' id='word_1_23' title='bbox 1644 691 1673 780; x_wconf 92' lang='lat' dir='ltr'><strong>il</strong></span> <span class='ocrx_word' id='word_1_24' title='bbox 1691 695 1894 800; x_wconf 85' lang='lat' dir='ltr'><strong>Pan-oco,</strong></span> <span class='ocrx_word' id='word_1_25' title='bbox 1931 699 1989 788; x_wconf 91' lang='lat' dir='ltr'><strong>ed</strong></span> 
     </span>
     <span class='ocr_line' id='line_1_4' title="bbox 510 813 1998 914; baseline 0.007 -16"><span class='ocrx_word' id='word_1_26' title='bbox 510 857 535 898; x_wconf 65' lang='lat' dir='ltr'><em>a</em></span> <span class='ocrx_word' id='word_1_27' title='bbox 576 814 804 906; x_wconf 86' lang='lat' dir='ltr'><strong>essendovi</strong></span> <span class='ocrx_word' id='word_1_28' title='bbox 839 845 897 904; x_wconf 91' lang='lat' dir='ltr'><strong>un</strong></span> <span class='ocrx_word' id='word_1_29' title='bbox 933 816 1150 904; x_wconf 87' lang='lat' dir='ltr'><strong>Economo</strong></span> <span class='ocrx_word' id='word_1_30' title='bbox 1184 813 1370 906; x_wconf 87' lang='lat' dir='ltr'><strong>durante</strong></span> <span class='ocrx_word' id='word_1_31' title='bbox 1403 816 1439 904; x_wconf 91' lang='lat' dir='ltr'><strong>le</strong></span> <span class='ocrx_word' id='word_1_32' title='bbox 1477 815 1727 906; x_wconf 80' lang='lat' dir='ltr'><strong>reduvauze</strong></span> <span class='ocrx_word' id='word_1_33' title='bbox 1750 816 1998 914; x_wconf 82' lang='lat' dir='ltr'><strong>tlellnPer-</strong></span> 
     </span>
     <span class='ocr_line' id='line_1_5' title="bbox 492 936 1990 1058; baseline 0.007 -38"><span class='ocrx_word' id='word_1_34' title='bbox 492 980 534 1020; x_wconf 72' lang='grc' dir='ltr'><strong>-ι</strong></span> <span class='ocrx_word' id='word_1_35' title='bbox 573 939 743 1028; x_wconf 86' lang='lat' dir='ltr'><strong>rocchia</strong></span> <span class='ocrx_word' id='word_1_36' title='bbox 774 938 809 1027; x_wconf 88' lang='lat' dir='ltr'><strong>si</strong></span> <span class='ocrx_word' id='word_1_37' title='bbox 844 968 1028 1056; x_wconf 86' lang='lat' dir='ltr'><strong>possano</strong></span> <span class='ocrx_word' id='word_1_38' title='bbox 1061 936 1291 1028; x_wconf 84' lang='lat' dir='ltr'><strong>attribuire</strong></span> <span class='ocrx_word' id='word_1_39' title='bbox 1322 971 1348 1028; x_wconf 89' lang='lat' dir='ltr'><strong>a</strong></span> <span class='ocrx_word' id='word_1_40' title='bbox 1380 939 1744 1058; x_wconf 74' lang='lat' dir='ltr'><strong>quest&#39;llcouomo</strong></span> <span class='ocrx_word' id='word_1_41' title='bbox 1776 941 1842 1058; x_wconf 77' lang='lat' dir='ltr'><strong>gli</strong></span> <span class='ocrx_word' id='word_1_42' title='bbox 1866 942 1990 1030; x_wconf 88' lang='lat' dir='ltr'><strong>stessi</strong></span> 
     </span>
     <span class='ocr_line' id='line_1_6' title="bbox 517 1061 1993 1180; baseline 0.005 -36"><span class='ocrx_word' id='word_1_43' title='bbox 517 1061 714 1164; x_wconf 49' lang='lat' dir='ltr'><strong>aerini,</strong></span> <span class='ocrx_word' id='word_1_44' title='bbox 751 1093 776 1150; x_wconf 90' lang='lat' dir='ltr'><strong>e</strong></span> <span class='ocrx_word' id='word_1_45' title='bbox 811 1061 851 1150; x_wconf 91' lang='lat' dir='ltr'><strong>le</strong></span> <span class='ocrx_word' id='word_1_46' title='bbox 882 1076 1015 1150; x_wconf 90' lang='lat' dir='ltr'><strong>stesse</strong></span> <span class='ocrx_word' id='word_1_47' title='bbox 1049 1062 1335 1180; x_wconf 78' lang='lat' dir='ltr'><strong>prorogetive·</strong></span> <span class='ocrx_word' id='word_1_48' title='bbox 1356 1062 1437 1151; x_wconf 86' lang='lat' dir='ltr'><strong>obe</strong></span> <span class='ocrx_word' id='word_1_49' title='bbox 1467 1061 1502 1150; x_wconf 92' lang='lat' dir='ltr'><strong>si</strong></span> <span class='ocrx_word' id='word_1_50' title='bbox 1535 1061 1591 1150; x_wconf 83' lang='lat' dir='ltr'><strong>ba</strong></span> <span class='ocrx_word' id='word_1_51' title='bbox 1625 1063 1666 1151; x_wconf 87' lang='lat' dir='ltr'><strong>le</strong></span> <span class='ocrx_word' id='word_1_52' title='bbox 1701 1093 1888 1180; x_wconf 87' lang='lat' dir='ltr'><strong>persone</strong></span> <span class='ocrx_word' id='word_1_53' title='bbox 1920 1063 1993 1154; x_wconf 91' lang='lat' dir='ltr'><strong>del</strong></span> 
     </span>
     <span class='ocr_line' id='line_1_7' title="bbox 515 1183 1998 1302; baseline 0.002 -29"><span class='ocrx_word' id='word_1_54' title='bbox 515 1225 533 1264; x_wconf 83' lang='grc' dir='ltr'><strong>ι</strong></span> <span class='ocrx_word' id='word_1_55' title='bbox 574 1187 761 1274; x_wconf 85' lang='lat' dir='ltr'><strong>Parroco</strong></span> <span class='ocrx_word' id='word_1_56' title='bbox 809 1183 980 1274; x_wconf 84' lang='lat' dir='ltr'><strong>titolare</strong></span> <span class='ocrx_word' id='word_1_57' title='bbox 1017 1183 1161 1302; x_wconf 78' lang='lat' dir='ltr'><strong>giusta</strong></span> <span class='ocrx_word' id='word_1_58' title='bbox 1200 1183 1411 1274; x_wconf 86' lang='lat' dir='ltr'><strong>l’articolo</strong></span> <span class='ocrx_word' id='word_1_59' title='bbox 1456 1183 1505 1274; x_wconf 77' lang='lat'><strong>2⁰</strong></span> <span class='ocrx_word' id='word_1_60' title='bbox 1546 1183 1660 1273; x_wconf 87' lang='lat' dir='ltr'><strong>della</strong></span> <span class='ocrx_word' id='word_1_61' title='bbox 1700 1185 1998 1276; x_wconf 72' lang='lat' dir='ltr'><strong>inundacione?</strong></span> 
     </span>
     <span class='ocr_line' id='line_1_8' title="bbox 499 1304 1992 1427; baseline 0.007 -39"><span class='ocrx_word' id='word_1_62' title='bbox 499 1347 536 1388; x_wconf 77' lang='grc'><strong>.«</strong></span> <span class='ocrx_word' id='word_1_63' title='bbox 574 1307 757 1426; x_wconf 87' lang='lat' dir='ltr'><strong>Oppure</strong></span> <span class='ocrx_word' id='word_1_64' title='bbox 789 1337 879 1396; x_wconf 92' lang='lat' dir='ltr'><strong>non</strong></span> <span class='ocrx_word' id='word_1_65' title='bbox 894 1308 930 1396; x_wconf 89' lang='lat' dir='ltr'><strong>si</strong></span> <span class='ocrx_word' id='word_1_66' title='bbox 948 1305 1061 1397; x_wconf 86' lang='lat' dir='ltr'><strong>deve</strong></span> <span class='ocrx_word' id='word_1_67' title='bbox 1078 1304 1174 1398; x_wconf 86' lang='lat' dir='ltr'><strong>dire</strong></span> <span class='ocrx_word' id='word_1_68' title='bbox 1196 1307 1276 1400; x_wconf 90' lang='lat' dir='ltr'><strong>che</strong></span> <span class='ocrx_word' id='word_1_69' title='bbox 1308 1307 1564 1427; x_wconf 83' lang='lat' dir='ltr'><strong>appartiene</strong></span> <span class='ocrx_word' id='word_1_70' title='bbox 1586 1306 1992 1400; x_wconf 80' lang='lat' dir='ltr'><strong>ell&#39;llbdomederio</strong></span> 
     </span>
    </p>
   </div>
   <div class='ocr_carea' id='block_1_3' title="bbox 516 1429 2148 1552">
    <p class='ocr_par' dir='ltr' id='par_1_3' title="bbox 516 1429 2148 1552">
     <span class='ocr_line' id='line_1_9' title="bbox 516 1429 2148 1552; baseline -0.002 -30"><span class='ocrx_word' id='word_1_71' title='bbox 516 1470 534 1509; x_wconf 71' lang='grc' dir='ltr'><strong>ε</strong></span> <span class='ocrx_word' id='word_1_72' title='bbox 573 1429 619 1520; x_wconf 92' lang='lat' dir='ltr'><strong>di</strong></span> <span class='ocrx_word' id='word_1_73' title='bbox 655 1429 905 1534; x_wconf 88' lang='lat' dir='ltr'><strong>settimnna,</strong></span> <span class='ocrx_word' id='word_1_74' title='bbox 926 1461 1052 1520; x_wconf 90' lang='lat' dir='ltr'><strong>come</strong></span> <span class='ocrx_word' id='word_1_75' title='bbox 1087 1460 1135 1520; x_wconf 91' lang='lat' dir='ltr'><strong>se</strong></span> <span class='ocrx_word' id='word_1_76' title='bbox 1168 1431 1198 1520; x_wconf 92' lang='lat' dir='ltr'><strong>il</strong></span> <span class='ocrx_word' id='word_1_77' title='bbox 1230 1433 1414 1520; x_wconf 85' lang='lat' dir='ltr'><strong>Parroco</strong></span> <span class='ocrx_word' id='word_1_78' title='bbox 1447 1429 1559 1520; x_wconf 92' lang='lat' dir='ltr'><strong>losse</strong></span> <span class='ocrx_word' id='word_1_79' title='bbox 1591 1449 1761 1520; x_wconf 88' lang='lat' dir='ltr'><strong>ussente</strong></span> <span class='ocrx_word' id='word_1_80' title='bbox 1792 1462 1818 1520; x_wconf 95' lang='lat' dir='ltr'><strong>o</strong></span> <span class='ocrx_word' id='word_1_81' title='bbox 1855 1433 1997 1552; x_wconf 92' lang='lat' dir='ltr'><strong>impe-</strong></span> <span class='ocrx_word' id='word_1_82' title='bbox 2143 1469 2148 1482; x_wconf 92' lang='lat'><strong>·</strong></span> 
     </span>
    </p>
   </div>
   <div class='ocr_carea' id='block_1_4' title="bbox 436 1551 2152 5587">
    <p class='ocr_par' dir='ltr' id='par_1_4' title="bbox 436 1551 2152 5587">
     <span class='ocr_line' id='line_1_10' title="bbox 516 1551 1996 1672; baseline 0.007 -38"><span class='ocrx_word' id='word_1_83' title='bbox 516 1593 534 1634; x_wconf 75' lang='grc' dir='ltr'><strong>ι</strong></span> <span class='ocrx_word' id='word_1_84' title='bbox 574 1552 724 1644; x_wconf 87' lang='lat' dir='ltr'><strong>ditoa</strong></span> <span class='ocrx_word' id='word_1_85' title='bbox 757 1571 906 1644; x_wconf 91' lang='lat' dir='ltr'><strong>mente</strong></span> <span class='ocrx_word' id='word_1_86' title='bbox 939 1553 1012 1644; x_wconf 93' lang='lat' dir='ltr'><strong>del</strong></span> <span class='ocrx_word' id='word_1_87' title='bbox 1045 1585 1175 1672; x_wconf 90' lang='lat' dir='ltr'><strong>sopra</strong></span> <span class='ocrx_word' id='word_1_88' title='bbox 1214 1554 1346 1644; x_wconf 89' lang='lat' dir='ltr'><strong>citato</strong></span> <span class='ocrx_word' id='word_1_89' title='bbox 1395 1554 1574 1642; x_wconf 88' lang='lat' dir='ltr'><strong>articolo</strong></span> <span class='ocrx_word' id='word_1_90' title='bbox 1606 1551 1655 1642; x_wconf 79' lang='lat'><strong>2⁰</strong></span> <span class='ocrx_word' id='word_1_91' title='bbox 1688 1554 1801 1644; x_wconf 87' lang='lat' dir='ltr'><strong>della</strong></span> <span class='ocrx_word' id='word_1_92' title='bbox 1841 1555 1996 1644; x_wconf 67' lang='lat' dir='ltr'><strong>londa*-</strong></span> 
     </span>
     <span class='ocr_line' id='line_1_11' title="bbox 514 1673 1993 1797; baseline 0 -31"><span class='ocrx_word' id='word_1_93' title='bbox 514 1715 534 1766; x_wconf 80' lang='grc' dir='ltr'><strong>ι</strong></span> <span class='ocrx_word' id='word_1_94' title='bbox 573 1677 699 1764; x_wconf 82' lang='lat' dir='ltr'><strong>nione</strong></span> <span class='ocrx_word' id='word_1_95' title='bbox 715 1673 734 1763; x_wconf 78' lang='grc'><strong>1</strong></span> <span class='ocrx_word' id='word_1_96' title='bbox 749 1725 779 1742; x_wconf 92' lang='grc'>-</span> <span class='ocrx_word' id='word_1_97' title='bbox 811 1677 858 1766; x_wconf 86' lang='lat'><strong>3⁰</strong></span> <span class='ocrx_word' id='word_1_98' title='bbox 876 1678 1202 1767; x_wconf 85' lang='lat' dir='ltr'><strong>Nell’associere</strong></span> <span class='ocrx_word' id='word_1_99' title='bbox 1221 1675 1233 1764; x_wconf 90' lang='lat' dir='ltr'><strong>i</strong></span> <span class='ocrx_word' id='word_1_100' title='bbox 1252 1676 1470 1780; x_wconf 81' lang='lat' dir='ltr'><strong>cadaveri,</strong></span> <span class='ocrx_word' id='word_1_101' title='bbox 1497 1675 1552 1765; x_wconf 89' lang='lat' dir='ltr'><strong>ed</strong></span> <span class='ocrx_word' id='word_1_102' title='bbox 1587 1675 1630 1764; x_wconf 92' lang='lat' dir='ltr'><strong>iu</strong></span> <span class='ocrx_word' id='word_1_103' title='bbox 1653 1676 1908 1797; x_wconf 80' lang='lat' dir='ltr'><strong>qualunque</strong></span> <span class='ocrx_word' id='word_1_104' title='bbox 1930 1677 1993 1766; x_wconf 88' lang='lat' dir='ltr'><strong>al-</strong></span> 
     </span>
     <span class='ocr_line' id='line_1_12' title="bbox 518 1797 1991 1918; baseline 0 -30"><span class='ocrx_word' id='word_1_105' title='bbox 518 1839 534 1879; x_wconf 81' lang='lat'><em>·</em></span> <span class='ocrx_word' id='word_1_106' title='bbox 574 1815 640 1888; x_wconf 89' lang='lat' dir='ltr'><strong>tra</strong></span> <span class='ocrx_word' id='word_1_107' title='bbox 671 1799 944 1918; x_wconf 81' lang='lat' dir='ltr'>processione</span> <span class='ocrx_word' id='word_1_108' title='bbox 976 1801 1156 1891; x_wconf 79' lang='lat' dir='ltr'><strong>solenne</strong></span> <span class='ocrx_word' id='word_1_109' title='bbox 1194 1831 1278 1890; x_wconf 90' lang='lat' dir='ltr'><strong>ove</strong></span> <span class='ocrx_word' id='word_1_110' title='bbox 1322 1800 1637 1916; x_wconf 77' lang='lat' dir='ltr'><strong>intervengono</strong></span> <span class='ocrx_word' id='word_1_111' title='bbox 1681 1797 1695 1888; x_wconf 91' lang='lat' dir='ltr'><strong>i</strong></span> <span class='ocrx_word' id='word_1_112' title='bbox 1743 1800 1991 1890; x_wconf 90' lang='lat' dir='ltr'><strong>Comunisti</strong></span> 
     </span>
     <span class='ocr_line' id='line_1_13' title="bbox 517 1921 1999 2044; baseline -0.002 -31"><span class='ocrx_word' id='word_1_113' title='bbox 517 1963 535 2002; x_wconf 73' lang='lat' dir='ltr'><strong>c</strong></span> <span class='ocrx_word' id='word_1_114' title='bbox 574 1921 935 2040; x_wconf 84' lang='lat' dir='ltr'><strong>capitolarmente</strong></span> <span class='ocrx_word' id='word_1_115' title='bbox 968 1923 1076 2013; x_wconf 91' lang='lat' dir='ltr'><strong>colle</strong></span> <span class='ocrx_word' id='word_1_116' title='bbox 1116 1921 1292 2044; x_wconf 78' lang='lat' dir='ltr'>proprie</span> <span class='ocrx_word' id='word_1_117' title='bbox 1326 1923 1518 2042; x_wconf 75' lang='lat' dir='ltr'><strong>insegne,</strong></span> <span class='ocrx_word' id='word_1_118' title='bbox 1547 1921 1635 2041; x_wconf 86' lang='lat' dir='ltr'><strong>pub</strong></span> <span class='ocrx_word' id='word_1_119' title='bbox 1659 1921 1911 2014; x_wconf 86' lang='lat' dir='ltr'><strong>l’Economo</strong></span> <span class='ocrx_word' id='word_1_120' title='bbox 1933 1923 1999 2011; x_wconf 87' lang='lat' dir='ltr'><strong>in·</strong></span> 
     </span>
     <span class='ocr_line' id='line_1_14' title="bbox 514 2044 1996 2166; baseline 0.005 -40"><span class='ocrx_word' id='word_1_121' title='bbox 514 2085 532 2126; x_wconf 80' lang='lat'>‹</span> <span class='ocrx_word' id='word_1_122' title='bbox 575 2044 716 2134; x_wconf 88' lang='lat' dir='ltr'><strong>terino</strong></span> <span class='ocrx_word' id='word_1_123' title='bbox 749 2044 954 2137; x_wconf 77' lang='lat' dir='ltr'><strong>incedere</strong></span> <span class='ocrx_word' id='word_1_124' title='bbox 986 2077 1066 2136; x_wconf 90' lang='lat' dir='ltr'><strong>con</strong></span> <span class='ocrx_word' id='word_1_125' title='bbox 1103 2047 1283 2137; x_wconf 80' lang='lat' dir='ltr'><strong>laetula</strong></span> <span class='ocrx_word' id='word_1_126' title='bbox 1317 2045 1356 2134; x_wconf 85' lang='lat' dir='ltr'><strong>el</strong></span> <span class='ocrx_word' id='word_1_127' title='bbox 1390 2045 1534 2166; x_wconf 89' lang='lat' dir='ltr'><strong>prime</strong></span> <span class='ocrx_word' id='word_1_128' title='bbox 1560 2047 1795 2163; x_wconf 82' lang='lat' dir='ltr'><strong>posto,cbe</strong></span> <span class='ocrx_word' id='word_1_129' title='bbox 1816 2045 1851 2134; x_wconf 91' lang='lat' dir='ltr'><strong>si</strong></span> <span class='ocrx_word' id='word_1_130' title='bbox 1875 2063 1996 2163; x_wconf 89' lang='lat' dir='ltr'><strong>spet-</strong></span> 
     </span>
     <span class='ocr_line' id='line_1_15' title="bbox 517 2166 1998 2260; baseline 0 -3"><span class='ocrx_word' id='word_1_131' title='bbox 517 2205 534 2247; x_wconf 75' lang='grc' dir='ltr'><strong>ι</strong></span> <span class='ocrx_word' id='word_1_132' title='bbox 575 2183 618 2257; x_wconf 88' lang='lat' dir='ltr'><strong>ta</strong></span> <span class='ocrx_word' id='word_1_133' title='bbox 651 2167 692 2256; x_wconf 88' lang='lat' dir='ltr'><strong>al</strong></span> <span class='ocrx_word' id='word_1_134' title='bbox 726 2171 911 2259; x_wconf 83' lang='lat' dir='ltr'><strong>Perroco</strong></span> <span class='ocrx_word' id='word_1_135' title='bbox 943 2169 1117 2260; x_wconf 88' lang='lat' dir='ltr'><strong>titolnre</strong></span> <span class='ocrx_word' id='word_1_136' title='bbox 1159 2168 1420 2259; x_wconf 82' lang='lat' dir='ltr'><strong>beneficiato</strong></span> <span class='ocrx_word' id='word_1_137' title='bbox 1454 2169 1497 2258; x_wconf 91' lang='lat' dir='ltr'><strong>in</strong></span> <span class='ocrx_word' id='word_1_138' title='bbox 1548 2167 1662 2256; x_wconf 84' lang='lat' dir='ltr'><strong>virtir</strong></span> <span class='ocrx_word' id='word_1_139' title='bbox 1697 2167 1811 2256; x_wconf 81' lang='lat' dir='ltr'><strong>delle</strong></span> <span class='ocrx_word' id='word_1_140' title='bbox 1844 2166 1998 2257; x_wconf 88' lang='lat' dir='ltr'><strong>londa·</strong></span> 
     </span>
     <span class='ocr_line' id='line_1_16' title="bbox 516 2289 1997 2411; baseline 0.002 -34"><span class='ocrx_word' id='word_1_141' title='bbox 516 2331 531 2370; x_wconf 84' lang='grc' dir='ltr'><strong>ι</strong></span> <span class='ocrx_word' id='word_1_142' title='bbox 571 2291 730 2381; x_wconf 74' lang='lat' dir='ltr'><strong>sione?</strong></span> <span class='ocrx_word' id='word_1_143' title='bbox 762 2295 937 2383; x_wconf 87' lang='lat' dir='ltr'><strong>Ovvero</strong></span> <span class='ocrx_word' id='word_1_144' title='bbox 971 2322 1058 2381; x_wconf 93' lang='lat' dir='ltr'><strong>non</strong></span> <span class='ocrx_word' id='word_1_145' title='bbox 1090 2293 1116 2383; x_wconf 79' lang='lat' dir='ltr'><strong>b</strong></span> <span class='ocrx_word' id='word_1_146' title='bbox 1150 2309 1304 2411; x_wconf 89' lang='lat' dir='ltr'><strong>questo</strong></span> <span class='ocrx_word' id='word_1_147' title='bbox 1339 2321 1397 2380; x_wconf 92' lang='lat' dir='ltr'><strong>un</strong></span> <span class='ocrx_word' id='word_1_148' title='bbox 1430 2290 1565 2381; x_wconf 88' lang='lat' dir='ltr'><strong>dritto</strong></span> <span class='ocrx_word' id='word_1_149' title='bbox 1610 2289 1997 2380; x_wconf 75' lang='lat' dir='ltr'><strong>dell&#39;llbdomada·</strong></span> 
     </span>
     <span class='ocr_line' id='line_1_17' title="bbox 517 2411 1994 2534; baseline -0.001 -33"><span class='ocrx_word' id='word_1_150' title='bbox 517 2453 534 2492; x_wconf 78' lang='grc' dir='ltr'><strong>ι</strong></span> <span class='ocrx_word' id='word_1_151' title='bbox 574 2413 639 2502; x_wconf 90' lang='lat' dir='ltr'><strong>rio</strong></span> <span class='ocrx_word' id='word_1_152' title='bbox 680 2414 819 2534; x_wconf 78' lang='lat' dir='ltr'><strong>giusta</strong></span> <span class='ocrx_word' id='word_1_153' title='bbox 860 2413 1071 2506; x_wconf 88' lang='lat' dir='ltr'><strong>l’articolo</strong></span> <span class='ocrx_word' id='word_1_154' title='bbox 1115 2411 1163 2505; x_wconf 75' lang='lat'><strong>2⁰</strong></span> <span class='ocrx_word' id='word_1_155' title='bbox 1198 2413 1312 2504; x_wconf 85' lang='lat' dir='ltr'><strong>della</strong></span> <span class='ocrx_word' id='word_1_156' title='bbox 1359 2413 1618 2503; x_wconf 77' lang='lat' dir='ltr'><strong>fundacione</strong></span> <span class='ocrx_word' id='word_1_157' title='bbox 1649 2423 1683 2503; x_wconf 89' lang='lat' dir='ltr'><strong>e&#39;</strong></span> <span class='ocrx_word' id='word_1_158' title='bbox 1713 2411 1785 2502; x_wconf 89' lang='lat' dir='ltr'><strong>dei</strong></span> <span class='ocrx_word' id='word_1_159' title='bbox 1828 2411 1994 2501; x_wconf 84' lang='lat' dir='ltr'><strong>Cenoni</strong></span> 
     </span>
     <span class='ocr_line' id='line_1_18' title="bbox 516 2535 1994 2656; baseline 0.003 -37"><span class='ocrx_word' id='word_1_160' title='bbox 516 2577 534 2616; x_wconf 73' lang='grc' dir='ltr'><strong>ι</strong></span> <span class='ocrx_word' id='word_1_161' title='bbox 572 2535 1049 2628; x_wconf 74' lang='grc' dir='ltr'><strong>ι1ιιΙΙιιο1ι1ιιειι1.-Ιι0</strong></span> <span class='ocrx_word' id='word_1_162' title='bbox 1082 2540 1140 2631; x_wconf 90' lang='lat' dir='ltr'><strong>Se</strong></span> <span class='ocrx_word' id='word_1_163' title='bbox 1173 2537 1246 2656; x_wconf 93' lang='lat' dir='ltr'><strong>poi</strong></span> <span class='ocrx_word' id='word_1_164' title='bbox 1279 2538 1532 2627; x_wconf 81' lang='lat' dir='ltr'><strong>l’llconomo</strong></span> <span class='ocrx_word' id='word_1_165' title='bbox 1566 2535 1755 2626; x_wconf 81' lang='lat' dir='ltr'><strong>sarebbe</strong></span> <span class='ocrx_word' id='word_1_166' title='bbox 1786 2565 1844 2624; x_wconf 94' lang='lat' dir='ltr'><strong>un</strong></span> <span class='ocrx_word' id='word_1_167' title='bbox 1868 2565 1994 2624; x_wconf 78' lang='lat' dir='ltr'><strong>eem-</strong></span> 
     </span>
     <span class='ocr_line' id='line_1_19' title="bbox 515 2657 1998 2780; baseline 0 -34"><span class='ocrx_word' id='word_1_168' title='bbox 515 2697 532 2738; x_wconf 73' lang='grc' dir='ltr'><strong>ι</strong></span> <span class='ocrx_word' id='word_1_169' title='bbox 571 2657 685 2776; x_wconf 89' lang='lat' dir='ltr'><strong>plice</strong></span> <span class='ocrx_word' id='word_1_170' title='bbox 716 2660 952 2752; x_wconf 71' lang='lat' dir='ltr'><strong>Sacerdote</strong></span> <span class='ocrx_word' id='word_1_171' title='bbox 986 2659 1043 2752; x_wconf 95' lang='lat' dir='ltr'><strong>od</strong></span> <span class='ocrx_word' id='word_1_172' title='bbox 1078 2693 1135 2750; x_wconf 93' lang='lat' dir='ltr'><strong>un</strong></span> <span class='ocrx_word' id='word_1_173' title='bbox 1170 2659 1373 2780; x_wconf 76' lang='lat' dir='ltr'><strong>religioso</strong></span> <span class='ocrx_word' id='word_1_174' title='bbox 1406 2661 1533 2778; x_wconf 82' lang='lat' dir='ltr'><strong>potrb</strong></span> <span class='ocrx_word' id='word_1_175' title='bbox 1567 2657 1789 2780; x_wconf 84' lang='lat' dir='ltr'><strong>prelerirsi</strong></span> <span class='ocrx_word' id='word_1_176' title='bbox 1823 2657 1998 2746; x_wconf 79' lang='lat' dir='ltr'><strong>ull’llb-</strong></span> 
     </span>
     <span class='ocr_line' id='line_1_20' title="bbox 514 2779 1992 2876; baseline 0 -6"><span class='ocrx_word' id='word_1_177' title='bbox 514 2779 908 2873; x_wconf 73' lang='lat' dir='ltr'><strong>‹domaderiol-</strong></span> <span class='ocrx_word' id='word_1_178' title='bbox 940 2786 988 2874; x_wconf 86' lang='lat'><strong>5⁰</strong></span> <span class='ocrx_word' id='word_1_179' title='bbox 1007 2785 1099 2873; x_wconf 85' lang='lat' dir='ltr'><strong>Pub</strong></span> <span class='ocrx_word' id='word_1_180' title='bbox 1140 2785 1168 2873; x_wconf 89' lang='lat' dir='ltr'><strong>il</strong></span> <span class='ocrx_word' id='word_1_181' title='bbox 1203 2788 1398 2876; x_wconf 84' lang='lat' dir='ltr'><strong>Vescovo</strong></span> <span class='ocrx_word' id='word_1_182' title='bbox 1430 2783 1619 2874; x_wconf 86' lang='lat' dir='ltr'><strong>durante</strong></span> <span class='ocrx_word' id='word_1_183' title='bbox 1665 2782 1706 2872; x_wconf 90' lang='lat' dir='ltr'><strong>lu</strong></span> <span class='ocrx_word' id='word_1_184' title='bbox 1740 2781 1992 2870; x_wconf 83' lang='lat' dir='ltr'><strong>vedovama</strong></span> 
     </span>
     <span class='ocr_line' id='line_1_21' title="bbox 514 2903 1995 3025; baseline -0.001 -30"><span class='ocrx_word' id='word_1_185' title='bbox 514 2943 532 2982; x_wconf 72' lang='lat' dir='ltr'><strong>s</strong></span> <span class='ocrx_word' id='word_1_186' title='bbox 569 2903 688 2995; x_wconf 87' lang='lat' dir='ltr'><strong>delle</strong></span> <span class='ocrx_word' id='word_1_187' title='bbox 720 2909 989 3013; x_wconf 85' lang='lat' dir='ltr'><strong>Perroccbia,</strong></span> <span class='ocrx_word' id='word_1_188' title='bbox 1026 2908 1265 3000; x_wconf 80' lang='lat' dir='ltr'><strong>concedere</strong></span> <span class='ocrx_word' id='word_1_189' title='bbox 1298 2906 1354 2996; x_wconf 85' lang='lat' dir='ltr'><strong>ed</strong></span> <span class='ocrx_word' id='word_1_190' title='bbox 1390 2935 1446 2994; x_wconf 89' lang='lat' dir='ltr'><strong>un</strong></span> <span class='ocrx_word' id='word_1_191' title='bbox 1483 2908 1703 2996; x_wconf 87' lang='lat' dir='ltr'><strong>Economo</strong></span> <span class='ocrx_word' id='word_1_192' title='bbox 1736 2903 1995 3025; x_wconf 87' lang='lat' dir='ltr'><strong>qualunqne</strong></span> 
     </span>
     <span class='ocr_line' id='line_1_22' title="bbox 514 3027 1994 3149; baseline 0.003 -40"><span class='ocrx_word' id='word_1_193' title='bbox 514 3065 532 3108; x_wconf 77' lang='grc' dir='ltr'><strong>ι</strong></span> <span class='ocrx_word' id='word_1_194' title='bbox 572 3028 671 3116; x_wconf 89' lang='lat' dir='ltr'><strong>tutti</strong></span> <span class='ocrx_word' id='word_1_195' title='bbox 703 3030 808 3148; x_wconf 90' lang='lat' dir='ltr'><strong>quei</strong></span> <span class='ocrx_word' id='word_1_196' title='bbox 841 3029 980 3120; x_wconf 91' lang='lat' dir='ltr'><strong>diritti</strong></span> <span class='ocrx_word' id='word_1_197' title='bbox 1014 3063 1039 3120; x_wconf 90' lang='lat' dir='ltr'><strong>c</strong></span> <span class='ocrx_word' id='word_1_198' title='bbox 1072 3030 1384 3149; x_wconf 81' lang='lat' dir='ltr'><strong>privilegi,cbe</strong></span> <span class='ocrx_word' id='word_1_199' title='bbox 1404 3059 1511 3119; x_wconf 88' lang='lat' dir='ltr'><strong>sono</strong></span> <span class='ocrx_word' id='word_1_200' title='bbox 1548 3029 1646 3118; x_wconf 80' lang='lat' dir='ltr'><strong>stati</strong></span> <span class='ocrx_word' id='word_1_201' title='bbox 1679 3027 1796 3118; x_wconf 90' lang='lat' dir='ltr'><strong>dalla</strong></span> <span class='ocrx_word' id='word_1_202' title='bbox 1829 3027 1994 3118; x_wconf 90' lang='lat' dir='ltr'><strong>Comu-</strong></span> 
     </span>
     <span class='ocr_line' id='line_1_23' title="bbox 514 3149 2152 3271; baseline 0 -35"><span class='ocrx_word' id='word_1_203' title='bbox 514 3189 533 3230; x_wconf 74' lang='grc' dir='ltr'><strong>ι</strong></span> <span class='ocrx_word' id='word_1_204' title='bbox 571 3149 661 3258; x_wconf 82' lang='lat' dir='ltr'><strong>nie,</strong></span> <span class='ocrx_word' id='word_1_205' title='bbox 697 3183 722 3241; x_wconf 91' lang='lat' dir='ltr'><strong>e</strong></span> <span class='ocrx_word' id='word_1_206' title='bbox 754 3151 857 3242; x_wconf 84' lang='lat' dir='ltr'><strong>dell’</strong></span> <span class='ocrx_word' id='word_1_207' title='bbox 877 3153 1199 3246; x_wconf 85' lang='lat' dir='ltr'><strong>Ebdomadario</strong></span> <span class='ocrx_word' id='word_1_208' title='bbox 1232 3151 1455 3271; x_wconf 81' lang='lat' dir='ltr'><strong>possecluti</strong></span> <span class='ocrx_word' id='word_1_209' title='bbox 1489 3149 1778 3242; x_wconf 86' lang='lat' dir='ltr'><strong>edesercitati</strong></span> <span class='ocrx_word' id='word_1_210' title='bbox 1806 3179 1886 3266; x_wconf 89' lang='lat' dir='ltr'><strong>per</strong></span> <span class='ocrx_word' id='word_1_211' title='bbox 1905 3149 1993 3238; x_wconf 93' lang='lat' dir='ltr'><strong>ben</strong></span> <span class='ocrx_word' id='word_1_212' title='bbox 2146 3205 2152 3218; x_wconf 91' lang='lat'>·</span> 
     </span>
     <span class='ocr_line' id='line_1_24' title="bbox 436 3273 1889 3364; baseline -0.003 -2"><span class='ocrx_word' id='word_1_213' title='bbox 436 3347 438 3354; x_wconf 89' lang='grc'>.</span> <span class='ocrx_word' id='word_1_214' title='bbox 515 3313 533 3350; x_wconf 73' lang='grc' dir='ltr'><strong>ι</strong></span> <span class='ocrx_word' id='word_1_215' title='bbox 570 3273 664 3363; x_wconf 79' lang='lat'><strong>233</strong></span> <span class='ocrx_word' id='word_1_216' title='bbox 697 3273 895 3364; x_wconf 64' lang='lat' dir='ltr'><strong>nnnils</strong></span> <span class='ocrx_word' id='word_1_217' title='bbox 1349 3357 1352 3364; x_wconf 87' lang='grc'><em>,</em></span> <span class='ocrx_word' id='word_1_218' title='bbox 1475 3297 1478 3302; x_wconf 87' lang='grc'><strong><em>·</em></strong></span> <span class='ocrx_word' id='word_1_219' title='bbox 1886 3351 1889 3358; x_wconf 89' lang='grc'>.</span> 
     </span>
     <span class='ocr_line' id='line_1_25' title="bbox 633 3393 1993 3518; baseline -0.004 -33"><span class='ocrx_word' id='word_1_220' title='bbox 633 3399 718 3487; x_wconf 85' lang='lat' dir='ltr'><strong>llas</strong></span> <span class='ocrx_word' id='word_1_221' title='bbox 753 3429 902 3518; x_wconf 86' lang='lat' dir='ltr'><strong>preces</strong></span> <span class='ocrx_word' id='word_1_222' title='bbox 936 3401 997 3490; x_wconf 91' lang='lat' dir='ltr'><strong>uti</strong></span> <span class='ocrx_word' id='word_1_223' title='bbox 1036 3401 1131 3492; x_wconf 86' lang='lat' dir='ltr'><strong>lieri</strong></span> <span class='ocrx_word' id='word_1_224' title='bbox 1165 3400 1274 3490; x_wconf 88' lang='lat' dir='ltr'><strong>solet</strong></span> <span class='ocrx_word' id='word_1_225' title='bbox 1320 3398 1393 3490; x_wconf 86' lang='lat' dir='ltr'><strong>die</strong></span> <span class='ocrx_word' id='word_1_226' title='bbox 1438 3399 1499 3488; x_wconf 76' lang='lat'><strong>23</strong></span> <span class='ocrx_word' id='word_1_227' title='bbox 1539 3398 1804 3487; x_wconf 71' lang='lat' dir='ltr'><strong>lectitet?</strong></span> <span class='ocrx_word' id='word_1_228' title='bbox 1845 3393 1993 3484; x_wconf 89' lang='lat' dir='ltr'><strong>remisi</strong></span> 
     </span>
     <span class='ocr_line' id='line_1_26' title="bbox 506 3517 1996 3640; baseline -0.003 -32"><span class='ocrx_word' id='word_1_229' title='bbox 506 3518 722 3640; x_wconf 83' lang='lat' dir='ltr'><strong>Episcopo</strong></span> <span class='ocrx_word' id='word_1_230' title='bbox 756 3552 835 3639; x_wconf 90' lang='lat' dir='ltr'><strong>pro</strong></span> <span class='ocrx_word' id='word_1_231' title='bbox 874 3523 1184 3615; x_wconf 79' lang='lat' dir='ltr'><strong>informatione</strong></span> <span class='ocrx_word' id='word_1_232' title='bbox 1208 3541 1252 3613; x_wconf 93' lang='lat' dir='ltr'><strong>et</strong></span> <span class='ocrx_word' id='word_1_233' title='bbox 1287 3539 1405 3626; x_wconf 86' lang='lat' dir='ltr'><strong>voto,</strong></span> <span class='ocrx_word' id='word_1_234' title='bbox 1425 3520 1577 3612; x_wconf 82' lang='lat' dir='ltr'><strong>audito</strong></span> <span class='ocrx_word' id='word_1_235' title='bbox 1612 3519 1800 3640; x_wconf 79' lang='lat' dir='ltr'><strong>parocho</strong></span> <span class='ocrx_word' id='word_1_236' title='bbox 1825 3517 1869 3606; x_wconf 92' lang='lat' dir='ltr'><strong>in</strong></span> <span class='ocrx_word' id='word_1_237' title='bbox 1893 3517 1996 3606; x_wconf 89' lang='lat' dir='ltr'><strong>scri·</strong></span> 
     </span>
     <span class='ocr_line' id='line_1_27' title="bbox 506 3638 1992 3768; baseline -0.001 -38"><span class='ocrx_word' id='word_1_238' title='bbox 506 3642 609 3760; x_wconf 91' lang='lat' dir='ltr'><strong>ptis.</strong></span> <span class='ocrx_word' id='word_1_239' title='bbox 645 3643 819 3757; x_wconf 86' lang='lat' dir='ltr'><strong>Quibus</strong></span> <span class='ocrx_word' id='word_1_240' title='bbox 850 3647 1097 3768; x_wconf 88' lang='lat' dir='ltr'><strong>obsequens</strong></span> <span class='ocrx_word' id='word_1_241' title='bbox 1130 3645 1346 3736; x_wconf 87' lang='lat' dir='ltr'><strong>mandatis</strong></span> <span class='ocrx_word' id='word_1_242' title='bbox 1379 3649 1573 3736; x_wconf 73' lang='lat' dir='ltr'><strong>Renibus</strong></span> <span class='ocrx_word' id='word_1_243' title='bbox 1605 3642 1781 3732; x_wconf 78' lang='lat' dir='ltr'><strong>l&#39;raesul</strong></span> <span class='ocrx_word' id='word_1_244' title='bbox 1812 3643 1897 3731; x_wconf 88' lang='lat' dir='ltr'><strong>sub</strong></span> <span class='ocrx_word' id='word_1_245' title='bbox 1918 3638 1992 3730; x_wconf 90' lang='lat' dir='ltr'><strong>die</strong></span> 
     </span>
     <span class='ocr_line' id='line_1_28' title="bbox 505 3762 1992 3887; baseline -0.003 -33"><span class='ocrx_word' id='word_1_246' title='bbox 505 3765 557 3854; x_wconf 78' lang='lat' dir='ltr'><strong>2t</strong></span> <span class='ocrx_word' id='word_1_247' title='bbox 586 3767 783 3886; x_wconf 64' lang='lat' dir='ltr'><strong>Augusti</strong></span> <span class='ocrx_word' id='word_1_248' title='bbox 804 3767 923 3858; x_wconf 77' lang='grc'><strong>1877</strong></span> <span class='ocrx_word' id='word_1_249' title='bbox 941 3769 1087 3861; x_wconf 92' lang='lat' dir='ltr'><strong>literas</strong></span> <span class='ocrx_word' id='word_1_250' title='bbox 1120 3767 1259 3873; x_wconf 81' lang='lat' dir='ltr'><strong>dedit,</strong></span> <span class='ocrx_word' id='word_1_251' title='bbox 1277 3769 1320 3858; x_wconf 90' lang='lat' dir='ltr'><strong>in</strong></span> <span class='ocrx_word' id='word_1_252' title='bbox 1340 3770 1520 3887; x_wconf 85' lang='lat' dir='ltr'><strong>quibus,</strong></span> <span class='ocrx_word' id='word_1_253' title='bbox 1558 3781 1788 3885; x_wconf 87' lang='lat' dir='ltr'><strong>postquem</strong></span> <span class='ocrx_word' id='word_1_254' title='bbox 1821 3762 1992 3852; x_wconf 88' lang='lat' dir='ltr'><strong>monuit</strong></span> 
     </span>
     <span class='ocr_line' id='line_1_29' title="bbox 506 3884 1986 3994; baseline -0.003 -18"><span class='ocrx_word' id='word_1_255' title='bbox 506 3889 756 3980; x_wconf 88' lang='lat' dir='ltr'><strong>Paroeciam</strong></span> <span class='ocrx_word' id='word_1_256' title='bbox 789 3921 882 3982; x_wconf 89' lang='lat' dir='ltr'><strong>esso</strong></span> <span class='ocrx_word' id='word_1_257' title='bbox 916 3909 1159 3994; x_wconf 87' lang='lat' dir='ltr'><strong>vacantem,</strong></span> <span class='ocrx_word' id='word_1_258' title='bbox 1187 3909 1300 3981; x_wconf 88' lang='lat' dir='ltr'><strong>totus</strong></span> <span class='ocrx_word' id='word_1_259' title='bbox 1333 3890 1376 3978; x_wconf 90' lang='lat' dir='ltr'><strong>iu</strong></span> <span class='ocrx_word' id='word_1_260' title='bbox 1411 3921 1463 3980; x_wconf 93' lang='lat' dir='ltr'><strong>eo</strong></span> <span class='ocrx_word' id='word_1_261' title='bbox 1497 3907 1579 3994; x_wconf 91' lang='lat' dir='ltr'><strong>est,</strong></span> <span class='ocrx_word' id='word_1_262' title='bbox 1597 3906 1643 3978; x_wconf 92' lang='lat' dir='ltr'><strong>ut</strong></span> <span class='ocrx_word' id='word_1_263' title='bbox 1677 3890 1771 3976; x_wconf 90' lang='lat' dir='ltr'><strong>iura</strong></span> <span class='ocrx_word' id='word_1_264' title='bbox 1803 3884 1986 3975; x_wconf 84' lang='lat' dir='ltr'><strong>Purocbi</strong></span> 
     </span>
     <span class='ocr_line' id='line_1_30' title="bbox 506 4007 1991 4134; baseline -0.003 -36"><span class='ocrx_word' id='word_1_265' title='bbox 506 4025 551 4098; x_wconf 91' lang='lat' dir='ltr'><strong>et</strong></span> <span class='ocrx_word' id='word_1_266' title='bbox 582 4011 821 4102; x_wconf 87' lang='lat' dir='ltr'><strong>Oeconomi</strong></span> <span class='ocrx_word' id='word_1_267' title='bbox 838 4045 972 4134; x_wconf 90' lang='lat' dir='ltr'><strong>super</strong></span> <span class='ocrx_word' id='word_1_268' title='bbox 993 4015 1281 4106; x_wconf 89' lang='lat' dir='ltr'><strong>controversis</strong></span> <span class='ocrx_word' id='word_1_269' title='bbox 1302 4013 1495 4104; x_wconf 87' lang='lat' dir='ltr'><strong>articulis</strong></span> <span class='ocrx_word' id='word_1_270' title='bbox 1517 4009 1742 4102; x_wconf 90' lang='lat' dir='ltr'><strong>delendat.</strong></span> <span class='ocrx_word' id='word_1_271' title='bbox 1779 4007 1991 4122; x_wconf 81' lang='lat' dir='ltr'><strong>Quinimo</strong></span> 
     </span>
     <span class='ocr_line' id='line_1_31' title="bbox 507 4127 1989 4254; baseline -0.002 -34"><span class='ocrx_word' id='word_1_272' title='bbox 507 4149 673 4239; x_wconf 86' lang='lat' dir='ltr'><strong>monet,</strong></span> <span class='ocrx_word' id='word_1_273' title='bbox 697 4135 817 4254; x_wconf 91' lang='lat' dir='ltr'><strong>quod</strong></span> <span class='ocrx_word' id='word_1_274' title='bbox 853 4137 1063 4254; x_wconf 76' lang='lat' dir='ltr'><strong>praedicti</strong></span> <span class='ocrx_word' id='word_1_275' title='bbox 1097 4137 1368 4229; x_wconf 78' lang='lat' dir='ltr'><strong>fundationis</strong></span> <span class='ocrx_word' id='word_1_276' title='bbox 1404 4137 1573 4226; x_wconf 76' lang='lat' dir='ltr'><strong>articuli</strong></span> <span class='ocrx_word' id='word_1_277' title='bbox 1614 4136 1688 4222; x_wconf 82' lang='lat' dir='ltr'><strong>vix</strong></span> <span class='ocrx_word' id='word_1_278' title='bbox 1721 4147 1796 4222; x_wconf 86' lang='lat' dir='ltr'><strong>aut</strong></span> <span class='ocrx_word' id='word_1_279' title='bbox 1829 4161 1884 4219; x_wconf 92' lang='lat' dir='ltr'><strong>ne</strong></span> <span class='ocrx_word' id='word_1_280' title='bbox 1917 4127 1989 4217; x_wconf 85' lang='lat' dir='ltr'><strong>vix</strong></span> 
     </span>
     <span class='ocr_line' id='line_1_32' title="bbox 505 4253 1989 4382; baseline -0.002 -39"><span class='ocrx_word' id='word_1_281' title='bbox 505 4253 688 4374; x_wconf 90' lang='lat' dir='ltr'><strong>quidem</strong></span> <span class='ocrx_word' id='word_1_282' title='bbox 720 4259 938 4351; x_wconf 83' lang='lat' dir='ltr'><strong>observati</strong></span> <span class='ocrx_word' id='word_1_283' title='bbox 973 4263 1164 4352; x_wconf 86' lang='lat' dir='ltr'><strong>luerunt.</strong></span> <span class='ocrx_word' id='word_1_284' title='bbox 1189 4257 1420 4382; x_wconf 88' lang='lat' dir='ltr'><strong>Siquidem</strong></span> <span class='ocrx_word' id='word_1_285' title='bbox 1454 4260 1655 4350; x_wconf 79' lang='lat' dir='ltr'><strong>tuncrum</strong></span> <span class='ocrx_word' id='word_1_286' title='bbox 1689 4253 1989 4344; x_wconf 87' lang='lat' dir='ltr'><strong>emolumenta</strong></span> 
     </span>
     <span class='ocr_line' id='line_1_33' title="bbox 503 4377 1991 4497; baseline -0.002 -31"><span class='ocrx_word' id='word_1_287' title='bbox 503 4407 620 4497; x_wconf 85' lang='lat' dir='ltr'><strong>quae</strong></span> <span class='ocrx_word' id='word_1_288' title='bbox 636 4381 923 4474; x_wconf 74' lang='lat' dir='ltr'><strong>communiae</strong></span> <span class='ocrx_word' id='word_1_289' title='bbox 943 4383 1099 4476; x_wconf 90' lang='lat' dir='ltr'><strong>cedere</strong></span> <span class='ocrx_word' id='word_1_290' title='bbox 1115 4384 1383 4488; x_wconf 84' lang='lat' dir='ltr'><strong>debuissent,</strong></span> <span class='ocrx_word' id='word_1_291' title='bbox 1401 4385 1445 4472; x_wconf 92' lang='lat' dir='ltr'><strong>in</strong></span> <span class='ocrx_word' id='word_1_292' title='bbox 1463 4381 1573 4472; x_wconf 86' lang='lat' dir='ltr'><strong>lacto</strong></span> <span class='ocrx_word' id='word_1_293' title='bbox 1590 4413 1616 4471; x_wconf 88' lang='lat' dir='ltr'><strong>a</strong></span> <span class='ocrx_word' id='word_1_294' title='bbox 1631 4377 1825 4468; x_wconf 87' lang='lat' dir='ltr'><strong>Parocbo</strong></span> <span class='ocrx_word' id='word_1_295' title='bbox 1844 4404 1991 4494; x_wconf 83' lang='lat' dir='ltr'><strong>perce·</strong></span> 
     </span>
     <span class='ocr_line' id='line_1_34' title="bbox 504 4500 1986 4619; baseline -0.003 -31"><span class='ocrx_word' id='word_1_296' title='bbox 504 4515 581 4619; x_wconf 81' lang='lat' dir='ltr'><strong>pta</strong></span> <span class='ocrx_word' id='word_1_297' title='bbox 597 4501 978 4612; x_wconf 83' lang='lat' dir='ltr'><strong>luere3item,licet</strong></span> <span class='ocrx_word' id='word_1_298' title='bbox 992 4507 1036 4596; x_wconf 92' lang='lat' dir='ltr'><strong>in</strong></span> <span class='ocrx_word' id='word_1_299' title='bbox 1053 4507 1238 4598; x_wconf 89' lang='lat' dir='ltr'><strong>articulo</strong></span> <span class='ocrx_word' id='word_1_300' title='bbox 1258 4505 1386 4596; x_wconf 92' lang='lat' dir='ltr'><strong>tertio</strong></span> <span class='ocrx_word' id='word_1_301' title='bbox 1404 4503 1673 4594; x_wconf 77' lang='lat' dir='ltr'><strong>fundationis</strong></span> <span class='ocrx_word' id='word_1_302' title='bbox 1689 4500 1986 4592; x_wconf 88' lang='lat' dir='ltr'><strong>emolumenta</strong></span> 
     </span>
     <span class='ocr_line' id='line_1_35' title="bbox 502 4621 1993 4747; baseline -0.003 -36"><span class='ocrx_word' id='word_1_303' title='bbox 502 4653 558 4712; x_wconf 83' lang='lat' dir='ltr'><strong>ex</strong></span> <span class='ocrx_word' id='word_1_304' title='bbox 571 4621 735 4718; x_wconf 86' lang='lat' dir='ltr'><strong>fidibus</strong></span> <span class='ocrx_word' id='word_1_305' title='bbox 750 4631 1053 4747; x_wconf 83' lang='lat' dir='ltr'><strong>provenientia</strong></span> <span class='ocrx_word' id='word_1_306' title='bbox 1068 4628 1354 4723; x_wconf 85' lang='lat' dir='ltr'><strong>Communlne</strong></span> <span class='ocrx_word' id='word_1_307' title='bbox 1369 4627 1656 4732; x_wconf 87' lang='lat' dir='ltr'><strong>cedantur,ea</strong></span> <span class='ocrx_word' id='word_1_308' title='bbox 1673 4641 1819 4714; x_wconf 89' lang='lat' dir='ltr'><strong>tamen</strong></span> <span class='ocrx_word' id='word_1_309' title='bbox 1836 4621 1993 4740; x_wconf 76' lang='lat' dir='ltr'><strong>iugiter</strong></span> 
     </span>
     <span class='ocr_line' id='line_1_36' title="bbox 506 4743 1988 4858; baseline -0.002 -23"><span class='ocrx_word' id='word_1_310' title='bbox 506 4749 698 4840; x_wconf 82' lang='lat' dir='ltr'><strong>Perocbo</strong></span> <span class='ocrx_word' id='word_1_311' title='bbox 729 4752 893 4844; x_wconf 89' lang='lat' dir='ltr'><strong>tributa</strong></span> <span class='ocrx_word' id='word_1_312' title='bbox 923 4755 1117 4858; x_wconf 91' lang='lat' dir='ltr'><strong>luerunt,</strong></span> <span class='ocrx_word' id='word_1_313' title='bbox 1139 4784 1225 4845; x_wconf 92' lang='lat' dir='ltr'><strong>ceu</strong></span> <span class='ocrx_word' id='word_1_314' title='bbox 1250 4753 1308 4843; x_wconf 91' lang='lat' dir='ltr'><strong>de</strong></span> <span class='ocrx_word' id='word_1_315' title='bbox 1328 4749 1468 4841; x_wconf 53' lang='lat' dir='ltr'><strong>‘dictis</strong></span> <span class='ocrx_word' id='word_1_316' title='bbox 1500 4747 1808 4843; x_wconf 80' lang='lat' dir='ltr'><strong>emolumentis</strong></span> <span class='ocrx_word' id='word_1_317' title='bbox 1829 4743 1988 4836; x_wconf 80' lang='lat' dir='ltr'><strong>nemi·</strong></span> 
     </span>
     <span class='ocr_line' id='line_1_37' title="bbox 506 4867 1982 4998; baseline -0.001 -42"><span class='ocrx_word' id='word_1_318' title='bbox 506 4867 770 4964; x_wconf 85' lang='lat' dir='ltr'><strong>nistrutionis</strong></span> <span class='ocrx_word' id='word_1_319' title='bbox 806 4875 908 4966; x_wconf 91' lang='lat' dir='ltr'><strong>libri</strong></span> <span class='ocrx_word' id='word_1_320' title='bbox 939 4877 1079 4998; x_wconf 91' lang='lat' dir='ltr'><strong>probe</strong></span> <span class='ocrx_word' id='word_1_321' title='bbox 1102 4892 1329 4966; x_wconf 87' lang='lat' dir='ltr'><strong>testantur.</strong></span> <span class='ocrx_word' id='word_1_322' title='bbox 1357 4875 1446 4965; x_wconf 90' lang='lat' dir='ltr'><strong>Nec</strong></span> <span class='ocrx_word' id='word_1_323' title='bbox 1478 4875 1658 4965; x_wconf 79' lang='lat' dir='ltr'><strong>aliunde</strong></span> <span class='ocrx_word' id='word_1_324' title='bbox 1687 4899 1878 4990; x_wconf 76' lang='lat' dir='ltr'><strong>congrue</strong></span> <span class='ocrx_word' id='word_1_325' title='bbox 1901 4895 1982 4955; x_wconf 91' lang='lat' dir='ltr'><strong>un·</strong></span> 
     </span>
     <span class='ocr_line' id='line_1_38' title="bbox 503 4989 1982 5118; baseline -0.003 -37"><span class='ocrx_word' id='word_1_326' title='bbox 503 5023 678 5088; x_wconf 89' lang='lat' dir='ltr'><strong>cearnm</strong></span> <span class='ocrx_word' id='word_1_327' title='bbox 700 4999 763 5088; x_wconf 76' lang='lat'><strong>40</strong></span> <span class='ocrx_word' id='word_1_328' title='bbox 793 4995 1009 5091; x_wconf 86' lang='lat' dir='ltr'><strong>sufficiens</strong></span> <span class='ocrx_word' id='word_1_329' title='bbox 1031 5017 1112 5106; x_wconf 90' lang='lat' dir='ltr'><strong>est,</strong></span> <span class='ocrx_word' id='word_1_330' title='bbox 1139 4999 1226 5089; x_wconf 84' lang='lat' dir='ltr'><strong>buc</strong></span> <span class='ocrx_word' id='word_1_331' title='bbox 1241 5017 1389 5090; x_wconf 86' lang='lat' dir='ltr'><strong>nostra</strong></span> <span class='ocrx_word' id='word_1_332' title='bbox 1411 5014 1568 5103; x_wconf 84' lang='lat' dir='ltr'><strong>aetate,</strong></span> <span class='ocrx_word' id='word_1_333' title='bbox 1595 5027 1677 5118; x_wconf 92' lang='lat' dir='ltr'><strong>pro</strong></span> <span class='ocrx_word' id='word_1_334' title='bbox 1699 4993 1882 5084; x_wconf 86' lang='lat' dir='ltr'><strong>honesta</strong></span> <span class='ocrx_word' id='word_1_335' title='bbox 1901 4989 1982 5078; x_wconf 86' lang='lat' dir='ltr'><strong>Pa·</strong></span> 
     </span>
     <span class='ocr_line' id='line_1_39' title="bbox 503 5117 1987 5243; baseline -0.001 -41"><span class='ocrx_word' id='word_1_336' title='bbox 503 5117 621 5208; x_wconf 90' lang='lat' dir='ltr'><strong>rocbi</strong></span> <span class='ocrx_word' id='word_1_337' title='bbox 668 5124 1009 5234; x_wconf 84' lang='lat' dir='ltr'><strong>sustentatione,</strong></span> <span class='ocrx_word' id='word_1_338' title='bbox 1046 5139 1214 5215; x_wconf 81' lang='lat' dir='ltr'><strong>attento</strong></span> <span class='ocrx_word' id='word_1_339' title='bbox 1249 5121 1505 5243; x_wconf 79' lang='lat' dir='ltr'><strong>praesertim</strong></span> <span class='ocrx_word' id='word_1_340' title='bbox 1555 5136 1754 5210; x_wconf 80' lang='lat' dir='ltr'><strong>taxarum</strong></span> <span class='ocrx_word' id='word_1_341' title='bbox 1797 5141 1987 5205; x_wconf 89' lang='lat' dir='ltr'><strong>numero</strong></span> 
     </span>
     <span class='ocr_line' id='line_1_40' title="bbox 499 5233 1987 5369; baseline -0.003 -41"><span class='ocrx_word' id='word_1_342' title='bbox 499 5243 721 5356; x_wconf 85' lang='lat' dir='ltr'><strong>paroecias</strong></span> <span class='ocrx_word' id='word_1_343' title='bbox 739 5261 784 5336; x_wconf 93' lang='lat' dir='ltr'><strong>et</strong></span> <span class='ocrx_word' id='word_1_344' title='bbox 800 5247 1015 5339; x_wconf 85' lang='lat' dir='ltr'><strong>beneficia</strong></span> <span class='ocrx_word' id='word_1_345' title='bbox 1037 5237 1370 5369; x_wconf 78' lang='lat' dir='ltr'><strong>praegravante.</strong></span> <span class='ocrx_word' id='word_1_346' title='bbox 1391 5245 1583 5335; x_wconf 83' lang='lat' dir='ltr'><strong>Adnotnt</strong></span> <span class='ocrx_word' id='word_1_347' title='bbox 1604 5240 1766 5332; x_wconf 88' lang='lat' dir='ltr'><strong>deinde</strong></span> <span class='ocrx_word' id='word_1_348' title='bbox 1787 5236 1907 5357; x_wconf 87' lang='lat' dir='ltr'><strong>quod</strong></span> <span class='ocrx_word' id='word_1_349' title='bbox 1928 5233 1987 5324; x_wconf 90' lang='lat' dir='ltr'><strong>ad</strong></span> 
     </span>
     <span class='ocr_line' id='line_1_41' title="bbox 497 5361 1987 5492; baseline -0.003 -43"><span class='ocrx_word' id='word_1_350' title='bbox 497 5361 760 5460; x_wconf 84' lang='lat' dir='ltr'><strong>Platiensem</strong></span> <span class='ocrx_word' id='word_1_351' title='bbox 783 5369 945 5462; x_wconf 86' lang='lat' dir='ltr'><strong>Sedem</strong></span> <span class='ocrx_word' id='word_1_352' title='bbox 968 5391 1145 5464; x_wconf 84' lang='lat' dir='ltr'><strong>evectus</strong></span> <span class='ocrx_word' id='word_1_353' title='bbox 1165 5387 1357 5492; x_wconf 88' lang='lat' dir='ltr'><strong>quatuor</strong></span> <span class='ocrx_word' id='word_1_354' title='bbox 1376 5367 1634 5488; x_wconf 82' lang='lat' dir='ltr'><strong>Capellanos</strong></span> <span class='ocrx_word' id='word_1_355' title='bbox 1671 5363 1835 5484; x_wconf 88' lang='lat' dir='ltr'><strong>reperit</strong></span> <span class='ocrx_word' id='word_1_356' title='bbox 1865 5371 1987 5450; x_wconf 76' lang='lat' dir='ltr'><strong>extra</strong></span> 
     </span>
     <span class='ocr_line' id='line_1_42' title="bbox 501 5480 1983 5587; baseline -0.003 -11"><span class='ocrx_word' id='word_1_357' title='bbox 501 5485 824 5584; x_wconf 83' lang='lat' dir='ltr'><strong>Communistas</strong></span> <span class='ocrx_word' id='word_1_358' title='bbox 855 5494 1014 5586; x_wconf 90' lang='lat' dir='ltr'><strong>electos</strong></span> <span class='ocrx_word' id='word_1_359' title='bbox 1046 5513 1197 5587; x_wconf 87' lang='lat' dir='ltr'><strong>contre</strong></span> <span class='ocrx_word' id='word_1_360' title='bbox 1229 5493 1461 5584; x_wconf 83' lang='lat' dir='ltr'><strong>articulum</strong></span> <span class='ocrx_word' id='word_1_361' title='bbox 1492 5507 1663 5582; x_wconf 82' lang='lat' dir='ltr'><strong>sextum</strong></span> <span class='ocrx_word' id='word_1_362' title='bbox 1699 5480 1983 5586; x_wconf 80' lang='lat' dir='ltr'><strong>fundationis,</strong></span> 
     </span>
    </p>
   </div>
   <div class='ocr_carea' id='block_1_5' title="bbox 503 5609 1990 5710">
    <p class='ocr_par' dir='ltr' id='par_1_5' title="bbox 503 5609 1990 5710">
     <span class='ocr_line' id='line_1_43' title="bbox 503 5609 1990 5710; baseline -0.003 -12"><span class='ocrx_word' id='word_1_363' title='bbox 503 5625 548 5700; x_wconf 89' lang='lat' dir='ltr'><strong>et</strong></span> <span class='ocrx_word' id='word_1_364' title='bbox 579 5613 853 5708; x_wconf 85' lang='lat' dir='ltr'><strong>Oeconomis·</strong></span> <span class='ocrx_word' id='word_1_365' title='bbox 871 5616 1040 5710; x_wconf 82' lang='lat' dir='ltr'><strong>Curatis</strong></span> <span class='ocrx_word' id='word_1_366' title='bbox 1061 5617 1106 5708; x_wconf 91' lang='lat' dir='ltr'><strong>in</strong></span> <span class='ocrx_word' id='word_1_367' title='bbox 1129 5615 1426 5708; x_wconf 86' lang='lat' dir='ltr'><strong>vacationibus</strong></span> <span class='ocrx_word' id='word_1_368' title='bbox 1457 5614 1688 5710; x_wconf 84' lang='lat' dir='ltr'><strong>Puroeeiee</strong></span> <span class='ocrx_word' id='word_1_369' title='bbox 1709 5609 1990 5702; x_wconf 77' lang='lat' dir='ltr'><strong>constitutum</strong></span> 
     </span>
    </p>
   </div>
   <div class='ocr_carea' id='block_1_6' title="bbox 0 0 2262 6315">
    <p class='ocr_par' dir='ltr' id='par_1_6' title="bbox 0 0 2262 6315">
     <span class='ocr_line' id='line_1_44' title="bbox 0 0 2262 6315; baseline 0 0"><span class='ocrx_word' id='word_1_370' title='bbox 0 0 2262 6315; x_wconf 95' lang='lat' dir='ltr'><strong> </strong></span> 
     </span>
    </p>
   </div>
  </div>
 </body>
</html>
