4516 6318
686 319 769 407 oo
802 319 861 408 ts
892 319 1119 409 resson
1152 319 1289 413 tsrs.
1646 285 1740 418 tas

238 445 299 536 de
339 470 462 530 more
512 441 751 545 absolutis,
795 473 970 532 causam
1009 444 1052 532 in
1103 445 1328 535 hodiernis
1361 448 1573 565 plenariis
1605 452 1739 540 comi·

243 568 311 656 tiis
342 566 678 684 proponendam
723 565 832 656 duxi
869 565 953 656 sub
990 565 1231 657 dubiorum
1280 569 1470 660 lormula
1521 572 1565 660 in
1615 576 1735 666 calce
1778 653 1783 660 .

240 690 379 780 libelli
413 689 627 807 excripta.
663 691 859 778 Praestat
893 690 1041 809 itaque
1073 709 1336 808 argumenta
1369 725 1590 814 exponere
1608 727 1728 815 quaa

242 812 411 930 seriptis
443 827 621 900 exarata
661 830 847 930 utraque
896 843 994 930 pars
1038 814 1145 900 mihi
1194 814 1409 905 exhibuit.

362 935 645 1053 Capelianus,
673 953 914 1054 antequam
939 935 998 1024 ad
1023 935 1119 1023 iura
1143 942 1322 1054 propria
1345 937 1426 1029 hac
1459 968 1591 1057 super
1623 975 1737 1032 con-

243 1060 454 1149 troversia
487 1058 754 1146 vindicando
798 1057 1066 1160 descendat,
1104 1077 1364 1176 praemonet
1405 1062 1450 1150 in
1496 1063 1609 1152 laeto
1639 1095 1736 1156 esse

240 1181 361 1304 quod
398 1182 607 1270 blonlales
643 1181 1007 1300 congregationis
1043 1183 1088 1272 S.
1124 1184 1277 1300 loseph
1301 1213 1354 1273 ex
1397 1185 1592 1304 quodie
1626 1189 1733 1277 Ani·

238 1305 292 1394 cii
327 1305 371 1392 in
406 1303 556 1394 Galliis
591 1303 815 1393 institutae
848 1322 966 1408 sunt,
995 1335 1155 1422 nempe
1179 1305 1237 1392 ab
1259 1339 1375 1395 anno
1410 1309 1547 1412 t665,
1586 1309 1732 1398 omni·

238 1426 374 1516 moda
415 1429 548 1515 simul
588 1427 869 1544 exemptione
910 1457 938 1516 a
985 1427 1220 1544 parochiali
1270 1447 1484 1548 potestate
1533 1435 1729 1550 gaudere
1879 1515 1883 1524 .

236 1567 516 1672 coeperunt3
553 1549 687 1669 idque
734 1549 905 1638 eruitur
947 1581 1001 1638 ex
1044 1551 1435 1640 constitutionibus
1472 1556 1727 1644 llonialium

240 1673 458 1793 S.losepb
481 1673 541 1764 de
563 1673 1051 1762 auctoritateArmandi
1076 1674 1132 1763 de
1163 1675 1363 1764 bethune
1385 1677 1586 1796 Episcopi
1622 1680 1731 1766 anta

236 1796 395 1886 aiensis
416 1797 562 1895 editis,
590 1796 633 1882 in
656 1797 819 1914 quibus
842 1795 1017 1914 legitur:
1049 1837 1066 1874 ι
1085 1796 1164 1884 clue
1186 1827 1279 1886 esse
1293 1799 1528 1917 godessero
1549 1801 1594 1888 di
1620 1817 1730 1890 tutte

244 1961 262 1999 ι
300 1919 341 2008 le
363 1920 521 2038 grazie,
549 1919 748 2038 privilegi
770 1951 795 2008 e
818 1921 1021 2038 vantaggi
1045 1920 1125 2008 che
1147 1950 1255 2008 sono
1279 1923 1494 2011 accordati
1511 1923 1556 2012 di
1580 1913 1731 2012 diritto

239 2083 260 2122 ι
300 2043 385 2132 alle
418 2042 777 2162 Congregacioni,
814 2043 894 2130 che
925 2042 1192 2132 sfinnatzano
1227 2073 1306 2160 per
1343 2044 1579 2134 l’esercizio
1612 2047 1730 2138 della

243 2207 261 2245 ι
299 2165 528 2284 Religione
577 2197 601 2254 e
648 2166 845 2286 praticbe
884 2163 929 2254 di
975 2195 1112 2286 opere
1160 2166 1205 2255 di
1239 2166 1358 2284 pieta
1404 2199 1429 2254 e
1473 2169 1518 2258 di
1553 2169 1728 2258 miseri·

244 2330 261 2368 ι
299 2291 466 2378 cordia.
513 2329 530 2368 ι
1080 2359 1083 2364 Δ

359 2411 496 2501 Addit
517 2411 637 2531 quod
672 2427 814 2512 tentus
849 2411 942 2529 ipse
974 2411 1472 2502 Constitutionumdum
1508 2412 1565 2502 de
1602 2413 1729 2506 obitu

237 2563 289 2624 ae
320 2535 549 2654 sepultura
580 2537 789 2627 Sororum
825 2549 1014 2638 tractat,
1052 2533 1110 2624 de
1151 2531 1342 2652 parocho
1379 2535 1505 2624 sileat
1534 2538 1727 2654 penitus3

234 2657 326 2746 imo
360 2659 402 2746 in
437 2659 659 2776 plerisque
692 2658 962 2748 editionibus
994 2657 1101 2760 haec
1134 2689 1337 2775 expresse
1371 2659 1607 2778 leguntur:
1656 2699 1673 2738 t
1713 2661 1729 2748 i

243 2821 262 2862 ι
300 2781 505 2870 cadaveri
525 2782 639 2870 delle
664 2798 811 2868 nostre
828 2785 967 2870 Suore
980 2811 1166 2870 saranno
1184 2781 1589 2901 sempreseppelliti
1608 2781 1723 2872 nelle
1803 2841 1804 2844 κ

243 2945 261 2983 ι
300 2905 456 2996 Clriese
480 2904 596 2992 delle
629 2906 753 3007 Case,
776 2933 859 2992 ove
876 2935 969 2992 esse
1002 2933 1189 2994 saranno
1208 2905 1364 2994 morte.
1395 2905 1540 2992 »llino
1557 2904 1722 2994 lactum

234 3045 317 3132 est,
344 3029 426 3133 ait,
464 3046 512 3116 ut
541 3059 566 3116 a
600 3026 774 3116 duobus
808 3026 989 3115 saeculis
1021 3026 1076 3115 ad
1109 3027 1219 3114 banc
1252 3057 1391 3149 usque
1422 3026 1541 3115 diem
1581 3057 1729 3117 exem-

236 3151 389 3271 ptione
423 3151 692 3268 plenissima,
719 3147 1006 3268 etiampuood
1025 3151 1281 3265 sepulturam
1314 3150 1490 3238 realiter
1522 3150 1728 3270 [caestor

232 3277 517 3394 quamplures
541 3280 707 3364 Domus
745 3274 887 3362 dictae
910 3271 1284 3390 Congregationis,
1304 3271 1411 3361 dum
1435 3273 1592 3362 iisdem
1614 3277 1729 3364 Cou-

234 3398 434 3487 lessarins
457 3429 533 3488 seu
556 3399 816 3514 Capelianus
838 3396 1033 3514 specialis
1065 3413 1132 3484 est
1162 3396 1435 3502 constitutus,
1461 3400 1537 3517 qui
1560 3399 1728 3487 blonia·

235 3520 349 3609 libus
381 3519 749 3610 decumbentibus
772 3519 941 3615 assistit,
968 3535 1239 3607 sacramenta
1263 3519 1552 3622 administrat,
1573 3538 1616 3607 et
1649 3553 1721 3610 aa·
1779 3613 1781 3622 ,

234 3643 395 3734 dovera
427 3645 569 3733 delcrt
602 3643 657 3732 ad
705 3643 1007 3761 sepulchrum
1041 3642 1098 3730 ita
1147 3640 1282 3730 relert
1330 3643 1495 3731 servari
1544 3641 1758 3747 Anicii,

236 3767 381 3860 Sancti
413 3767 862 3871 Flori,Claromontis
897 3767 938 3853 in
972 3765 1201 3886 Alternia,
1240 3765 1461 3884 Lugduni,
1505 3767 1637 3884 burgi
1681 3765 1728 3855 in

233 3891 419 3980 dioecesi
467 3891 708 3982 Belliciensi
750 3888 866 3978 unde
912 3906 1151 3978 conventus
1197 3888 1485 3977 virdunensis
1528 3903 1631 3976 ante
1664 3889 1727 3978 2l

234 4045 369 4104 annos
401 4015 607 4104 canonice
637 4013 836 4104 dellunit.
863 4012 993 4125 Quod
1027 4012 1062 4100 si
1097 4011 1344 4101 huiusmodi
1372 4011 1518 4127 praxis
1543 4009 1722 4127 pacifico

233 4135 277 4226 et
300 4138 499 4256 religiose
522 4155 722 4228 servatur
753 4138 799 4224 in
832 4137 927 4226 aliis
958 4133 1152 4224 eiusdem
1176 4135 1353 4225 Ordinis
1375 4134 1582 4236 Familils,
1603 4133 1724 4224 nulla

234 4261 342 4349 notio
372 4260 543 4350 obsistit
567 4293 620 4350 ne
650 4261 783 4349 ctiam
808 4275 1008 4347 servetur
1029 4261 1073 4348 in
1096 4259 1278 4346 Familia
1303 4257 1590 4360 virdunensi,
1618 4258 1727 4348 dunt

234 4383 279 4472 in
312 4384 508 4472 lavorem
542 4385 659 4474 illius
703 4380 912 4472 eamdem
955 4381 1287 4500 exemptionem
1320 4381 1518 4469 decrevit
1552 4381 1727 4496 Episco-

233 4537 315 4625 pus
339 4507 583 4597 Ludovicns
607 4510 761 4596 llossat
784 4506 828 4594 in
851 4505 976 4616 titulo
1001 4505 1268 4593 fundationis
1299 4503 1372 4592 die
1404 4505 1434 4590 ⁸2
1466 4501 1564 4589 lolii
1600 4502 1724 4590 4858

236 4629 369 4734 dato,
405 4631 499 4720 sive
531 4629 796 4720 declarando
833 4631 877 4716 in
910 4630 1010 4717 Art.
1048 4627 1095 4715 4⁰
1128 4628 1313 4717 domum
1353 4625 1413 4713 ita
1446 4641 1637 4714 erectam
1670 4653 1724 4712 eo

232 4755 470 4872 privilegio
501 4754 713 4873 gaudere,
748 4751 866 4870 qttod
903 4752 946 4839 in
979 4751 1150 4840 statutis
1172 4749 1496 4870 episcopalibus
1520 4747 1720 4856 relectur3

231 4877 326 4966 sive
356 4880 608 4982 statuendo,
636 4891 684 4964 ut
715 4905 1021 4994 quaecumque
1054 4875 1102 4962 in
1132 4875 1301 4964 eisdem
1335 4871 1507 4963 statutis
1539 4871 1597 4959 de
1630 4871 1726 4963 aliis

233 4999 441 5090 domibus
474 5001 682 5118 religiosis
715 4998 927 5089 dioecesis
960 4997 1246 5088 Virduncnsis
1292 4997 1461 5090 sancita
1494 5008 1632 5098 saint,
1668 4993 1725 5087 ad

233 5124 631 5244 congregationem
662 5124 712 5214 S.
734 5123 890 5242 loseph
911 5123 1178 5242 pertincant.
1198 5119 1538 5236 Praescriptioni
1574 5133 1723 5207 autem

234 5249 291 5337 ab
324 5251 537 5367 Episcopo
571 5251 723 5336 Rossat
753 5244 899 5336 editae
934 5244 1134 5361 plausum
1164 5243 1315 5333 iecisse
1354 5257 1538 5360 apparet
1568 5241 1723 5329 lllriaus

233 5399 284 5460 ae
315 5375 453 5462 Rr'nus
486 5369 756 5490 Augustinus
806 5370 1029 5486 llacquart
1057 5367 1237 5457 actualis
1271 5366 1394 5454 urbis
1437 5363 1725 5456 virdunensis

176 5561 182 5584 ·‚
230 5494 487 5617 Episcopus,
514 5497 588 5619 qui
622 5507 786 5582 attenta
818 5495 1021 5612 paritate,
1055 5521 1171 5611 quiae
1207 5521 1263 5581 ex
1292 5489 1422 5580 titulo
1456 5486 1726 5578 fundationis
