4516 6318
543 327 635 417 llb
981 325 1065 414 Die
1097 325 1157 413 t5
1188 325 1414 414 Februarii
1446 326 1586 414 t879.

544 451 671 540 laesio
703 447 936 538 attenditur
968 451 1086 537 Natt.
1122 481 1233 536 cous.
1270 449 1378 537 304.
1426 465 1465 536 et
1496 479 1607 536 eous.
1659 447 1769 536 548.
1805 477 1919 534 uum.
1951 448 2032 537 36.

541 576 673 664 Thes.
712 572 929 660 deamo.
966 573 1130 690 Capye.
1168 573 1289 660 bctr.
1327 572 1454 660 decis.
1492 572 1732 684 l8.-Quo
1757 569 1897 688 posito
1932 571 2038 660 nihil

542 698 695 788 iuvare
728 696 860 784 edicit
893 695 1174 813 imaginarias
1205 695 1582 813 compensationes
1615 726 1668 783 ex
1701 697 1932 782 missarum
1967 725 2035 784 re·

542 819 823 912 ductionibus
855 817 1058 924 habitas,
1095 819 1201 907 nihil
1236 819 1387 908 iuvare
1427 819 1638 936 temporis
1669 815 2030 926 diuturnitatem,

544 941 921 1064 praescriptiones
958 941 1333 1060 praesumptiones
1366 959 1410 1029 et
1442 942 1724 1031 elementaria
1762 939 1866 1028 iuris
1905 939 2038 1059 prin-

544 1068 656 1186 cipia
689 1063 835 1184 quoad
880 1064 1061 1154 effectus
1117 1064 1445 1168 transactionis,
1499 1097 1613 1185 qnae
1656 1077 1774 1152 tanto
1817 1093 1917 1150 cum
1948 1064 2037 1152 cla-

545 1220 668 1278 more
700 1219 756 1276 ex
789 1189 976 1278 adverso
1006 1190 1279 1278 invocantur.

670 1311 742 1400 Ad
777 1310 953 1402 tertium
989 1330 1135 1400 autem
1177 1313 1383 1401 orationis
1430 1328 1562 1429 caput
1611 1307 1862 1428 digrediens
1906 1309 1967 1396 ait
2011 1343 2037 1398 a

544 1435 699 1556 primis
733 1435 948 1524 Ecclesiae
985 1437 1265 1524 incunabulis
1298 1436 1475 1526 clericos
1508 1467 1661 1524 omnes
1703 1433 1891 1536 canoni,
1942 1434 2036 1520 sive

547 1559 649 1646 albo
680 1557 897 1646 Ecclesiae
930 1559 1170 1676 adscriptos
1214 1589 1363 1677 preces
1410 1591 1490 1675 pro
1536 1557 1889 1648 benefactoribus
1939 1554 2034 1643 lan·

546 1682 671 1782 dere,
709 1713 757 1769 ac
791 1682 1048 1798 praesertim
1083 1682 1288 1770 sacrificia
1325 1684 1409 1770 sais
1442 1685 1665 1798 respective
1697 1679 1854 1766 uicibus
1901 1679 2030 1768 litare

549 1805 742 1894 saevisse
778 1821 821 1890 et
846 1835 1014 1894 morem
1040 1805 1155 1893 hunc
1189 1805 1459 1894 laudabilem
1495 1805 1654 1922 passim
1689 1803 1797 1894 sacri
1831 1805 2031 1892 Canones

549 1929 761 2016 sanxisse.
812 1927 898 2039 Qui
932 1945 1077 2016 autem
1134 1929 1304 2036 llissam
1354 1929 1581 2018 celebrare
1628 1946 1672 2018 et
1719 1956 1877 2016 caruere
1909 1939 2036 2013 tene-

546 2051 731 2154 bantur,
769 2081 867 2138 eam
902 2051 1036 2138 etiam
1070 2051 1289 2172 applicare
1320 2051 1564 2142 dehebant.
1586 2055 1680 2141 Non
1700 2051 1818 2141 euim
1841 2049 2035 2137 celebra·

550 2174 610 2260 tio
644 2175 701 2260 ab
735 2172 1032 2291 applicatione
1064 2193 1130 2263 est
1161 2174 1458 2292 emungenda,
1499 2177 1581 2264 nisi
1616 2176 1722 2264 alias
1755 2200 1958 2288 expresse
1992 2167 2040 2258 id

545 2313 720 2387 cantum
736 2295 864 2384 luerit
880 2329 958 2386 ceu
971 2299 1143 2415 saepius
1161 2301 1268 2388 S.ll.
1289 2297 1676 2388 Ordodeclaravit.
1697 2298 1858 2390 Subdit
1876 2293 2038 2384 idcirco

550 2420 720 2508 llened.
757 2422 859 2506 XlV
896 2420 939 2506 in
973 2423 1158 2510 Constit.
1196 2423 1298 2508 Cum
1332 2453 1491 2538 semper
1523 2422 1683 2510 oblatos
1714 2449 1882 2510 novum
1927 2447 2038 2508 onus

552 2543 671 2632 haud
704 2543 978 2660 imposuisse,
1015 2544 1093 2633 scd
1128 2543 1400 2660 primaevam
1436 2545 1748 2664 obligationem
1797 2575 1852 2632 ex
1898 2541 2039 2629 abusu

544 2666 590 2755 in
625 2667 825 2783 pluribus
857 2666 1055 2756 Ecclesiis
1078 2668 1319 2756 obsoletam
1344 2667 1388 2756 in
1410 2670 1609 2788 vigorem
1632 2697 1874 2756 revocasse.
1919 2667 2033 2752 Ante

518 2803 938 2877 commemoratam
971 2793 1089 2879 enim
1124 2790 1488 2881 Constitutionem
1539 2797 1585 2885 S.
1636 2795 1692 2880 H.
1743 2785 2035 2907 congregatio

547 2913 592 3000 in
627 2913 807 3030 sitrgulis
841 2912 1012 3001 casibus
1045 2915 1226 3018 censuit,
1265 2930 1312 3002 ut
1347 2931 1434 3002 tam
1469 2918 1692 3022 Canonici,
1730 2943 1864 3034 quam
1888 2915 2033 2999 Bene·

546 3034 678 3124 liciati
711 3065 787 3124 seu
822 3036 1080 3154 Cappellani
1114 3038 1291 3126 servitio
1325 3038 1443 3126 chori
1478 3039 1672 3129 obstricti
1696 3041 1782 3126 suis
1807 3035 2033 3151 respective

541 3158 706 3246 uicibus
748 3158 918 3246 Missam
964 3161 1308 3252 Conventualem
1351 3163 1577 3250 celebrare
1631 3179 1764 3281 atquc
1814 3157 2036 3277 apoplicare

547 3281 777 3370 deberent.
793 3285 925 3370 Porro
949 3283 1014 3371 his
1038 3285 1287 3404 praemissis
1307 3317 1444 3404 prono
1461 3285 1587 3379 alveo
1602 3286 1723 3406 sequi
1743 3283 1892 3384 edicit,
1914 3295 1962 3367 ut
1984 3280 2040 3369 de

548 3403 701 3496 medio
734 3403 903 3494 sublata
937 3410 1229 3497 conventione
1262 3410 1365 3496 anni
1402 3411 1524 3497 troo
1552 3428 1648 3506 tum
1673 3406 1897 3506 Carionici,
1941 3419 2035 3491 tum

546 3528 775 3646 Capellani
810 3529 852 3616 in
887 3528 1082 3619 themate
1113 3533 1200 3618 suis
1231 3534 1454 3648 respective
1484 3533 1645 3620 vicibus
1668 3534 1813 3622 Missas
1835 3531 2037 3617 Conven-

549 3653 690 3741 tuales
723 3651 946 3740 celebrare
991 3669 1035 3740 et
1078 3656 1301 3771 applicare
1345 3673 1590 3761 teneantur,
1628 3648 2038 3769 scilicetCapellani

548 3773 814 3894 perdecem
849 3795 894 3862 et
926 3792 1025 3865 octo
1059 3777 1361 3867 hebdomadas
1394 3795 1442 3866 ut
1473 3797 1575 3869 ante
1613 3777 1893 3867 concordiam
1934 3771 2034 3860 fieri

547 3899 723 3986 solitum
767 3913 891 4003 erat,
945 3898 1155 3988 Canonici
1205 3918 1358 3989 antem
1407 3934 1486 4019 per
1519 3904 1710 4022 reliquas
1760 3899 1891 3989 totins
1932 3893 2037 3984 anni

549 4018 868 4109 hebdomadas.
905 4023 1016 4112 Cum
1051 4027 1168 4112 enim
1202 4026 1488 4114 benedictina
1521 4025 1780 4117 Constitutio
1797 4023 2034 4123 rationem,

547 4174 635 4261 qua
655 4142 903 4231 huiusmodi
922 4146 1178 4237 celebrandi
1222 4163 1266 4236 et
1287 4149 1537 4266 applicandi
1562 4181 1671 4238 onus
1690 4151 1802 4237 inter
1823 4142 2041 4233 choroad·

550 4267 689 4354 dictos
704 4265 1105 4376 distribuideheat,
1124 4273 1402 4389 peculiariter
1427 4305 1515 4361 non
1543 4269 1921 4371 determinaverit,
1941 4266 2042 4354 hinc

548 4389 853 4479 observantiae
886 4407 929 4478 et
962 4395 1270 4484 consuetudini
1304 4397 1499 4484 locorum
1532 4396 1578 4485 id
1600 4397 1816 4486 remisisse
1833 4391 2033 4480 videtur.

671 4512 832 4604 Subdit
865 4547 971 4605 vero
1005 4518 1125 4638 quod
1158 4519 1193 4606 si
1226 4520 1433 4609 Canonici
1468 4520 1720 4609 huiusmodi
1754 4523 1865 4608 onus
1914 4513 2031 4602 lerre
2128 4605 2134 4616 ,

547 4634 682 4724 hodie
716 4636 1046 4756 dedignentur,
1084 4657 1258 4760 oportet
1289 4657 1336 4730 ut
1369 4643 1431 4732 cis
1463 4645 1643 4762 dignam
1678 4639 1929 4730 mercedem
1974 4667 2041 4723 re-

527 4759 764 4871 tribuant,
801 4761 875 4878 qni
910 4761 1019 4850 illud
1051 4793 1162 4854 onus
1206 4796 1286 4883 pro
1321 4767 1423 4882 ipsis
1465 4769 1722 4884 suscipiunt.
1775 4767 1865 4851 Hoc
1914 4758 2037 4848 enim

547 4881 693 4997 exigit
731 4885 925 4988 iustitia,
962 4887 1044 4973 hoc
1077 4892 1173 4976 vult
1207 4889 1417 5007 aequitas,
1454 4890 1534 4980 hoc
1568 4910 1684 4979 recta
1717 4889 1829 4978 ratio
1863 4883 2035 4988 suadet,

548 5003 630 5093 hoc
662 5003 857 5126 denique
890 5006 1085 5099 decrevit
1108 5013 1162 5098 ll.
1191 5015 1235 5103 S.
1268 5014 1556 5133 Congregatio
1590 5014 1632 5100 in
1651 5045 1750 5102 casu
1771 5010 2038 5098 huicnostro
2066 5004 2081 5102 J

547 5126 772 5219 simillimo
786 5133 827 5218 iu
841 5130 1080 5222 Abellinas.
1101 5136 1251 5223 Missae
1263 5137 1555 5224 Conventualis
1571 5139 1600 5224 6
1614 5137 1799 5253 Aupnsti
1817 5126 2041 5231 truduhi

548 5255 773 5369 proposito
794 5255 949 5344 dubio.
964 5311 994 5328 -
1015 5261 1081 5346 An
1111 5261 1190 5348 soli
1207 5262 1411 5350 Canonici
1440 5258 1829 5380 suprnnumerarii,
1866 5251 1960 5342 sive
1983 5249 2042 5339 de

550 5372 753 5466 adiuncta
771 5379 921 5468 subire
937 5397 1310 5473 tenerenturonns
1327 5384 1639 5475 hebdomadae
1668 5385 1712 5472 in
1737 5376 1926 5471 Ecclesia
1953 5378 2036 5464 Ca·-

548 5496 762 5605 thedrali‚
784 5535 833 5592 ae
856 5503 1161 5596 celebrationis
1179 5507 1659 5613 llissaeConventnalis,
1670 5507 1871 5624 illiusque
1894 5497 2034 5620 appli-
