4530 6336
598 421 605 432 ·
740 382 822 490 Die
851 381 915 486 26
946 379 1052 468 Iulii
1087 380 1223 470 l879.
1643 383 1734 490 3ὅῖ

242 511 346 602 dam
381 503 697 600 Mediolanensi
731 503 919 610 dioecesi
952 504 1146 596 subiecta
1180 506 1313 624 atque
1341 502 1507 620 oppido
1540 505 1753 598 Genava...

244 635 302 756 gii
335 659 452 752 pene
484 627 690 732 finitima,
725 658 843 745 quae
881 667 897 706 ι
940 625 1156 746 Treaiplio
1197 665 1214 705 ι
1253 626 1515 743 appellatur.

372 753 483 842 Cum
506 751 640 869 igitur
663 779 806 869 neque
836 749 1158 838 Ecclesiasticus
1180 747 1455 866 disciplinae,
1484 781 1627 870 neque
1645 751 1727 840 iuri
1830 809 1833 814 -

246 895 323 973 aut
357 873 482 996 praxi
516 871 736 965 contraria
770 873 1021 962 huiusmodi
1072 869 1391 960 administratio
1429 871 1515 962 dici
1561 875 1727 992 possit.

248 1003 545 1097 vehementer
572 993 729 1084 Vicarii
765 995 981 1084 mirantur
1033 1021 1184 1082 curam
1235 993 1353 1084 illam
1392 1009 1616 1114 tantopere
1653 999 1735 1086 Ar-

249 1121 549 1244 chipresbyter
582 1117 878 1235 aggrediatur.

373 1243 505 1357 Quod
537 1271 643 1328 vero
675 1237 732 1327 ad
775 1238 1134 1328 consuetudinem
1169 1239 1351 1344 attinet,
1389 1241 1535 1356 plures
1566 1243 1728 1330 Vicarii
1769 1245 1773 1253 ’

249 1387 417 1460 actores
450 1363 798 1454 nominationum
831 1361 974 1451 bullas
1017 1361 1262 1464 inducunt,
1299 1374 1354 1450 ex
1393 1363 1557 1480 quibus
1589 1365 1732 1482 qualis

251 1487 478 1616 paroeciae
511 1515 685 1602 semper
716 1482 1044 1576 administratio
1072 1483 1222 1602 luerit,
1261 1485 1380 1572 iuxta
1414 1517 1465 1574 ea
1498 1516 1612 1603 quaa
1645 1517 1735 1572 nu-

252 1646 332 1736 per
365 1610 526 1701 tradita
559 1625 675 1714 sunt,
711 1609 987 1726 apertissime
1025 1623 1164 1723 patet.
1209 1609 1256 1694 lu
1291 1607 1356 1698 his
1390 1607 1527 1712 enim,
1562 1610 1736 1728 quoties

254 1738 562 1858 presbyterum
596 1746 879 1851 quocumque
912 1732 1090 1818 nomine
1127 1729 1183 1820 ad
1225 1759 1375 1818 curam
1416 1733 1667 1828 animarum
1692 1732 1734 1818 in

252 1858 416 1979 oppido
433 1855 662 1972 Caravagii
686 1853 905 1942 nominari
928 1851 1204 1970 contingerit,
1221 1883 1397 1971 semper
1420 1853 1474 1942 ad
1499 1895 1516 1929 ι
1539 1883 1663 1942 uuam
1685 1883 1735 1942 cac

253 1997 432 2102 quatuor
463 1977 728 2096 portionibus
754 1974 1075 2092 parochialibus
1097 1976 1254 2062 curatis
1293 2017 1309 2054 ι
1348 1977 1640 2066 exercendam
1664 2005 1736 2063 ro·

252 2105 343 2198 cari
376 2101 617 2202 consuevit,
664 2129 809 2216 neque
850 2098 936 2188 ulla
962 2099 1074 2186 inter
1098 2115 1248 2188 curata
1272 2095 1484 2188 beneficia
1514 2098 1738 2188 distinctio

254 2240 452 2347 apparet.
505 2224 640 2343 lgitur
672 2253 726 2310 ex
766 2223 974 2311 diuturna
1008 2235 1052 2308 et
1093 2249 1320 2338 uunquam
1364 2221 1603 2339 intercepta
1637 2251 1739 2310 con*

257 2347 491 2445 suetudine
524 2360 673 2436 curata
699 2341 917 2434 beneficia
960 2343 1333 2432 demonstrantur.
1371 2345 1525 2462 Neque
1567 2339 1661 2461 ipsa
1683 2343 1743 2429 ci-

257 2472 358 2562 vilis
400 2472 632 2560 auctoritas
670 2469 815 2556 oleum
856 2497 903 2556 se
940 2483 1073 2584 atque
1111 2494 1288 2582 operam
1331 2467 1573 2582 perdidisse
1612 2467 1746 2582 iguo-

257 2596 388 2686 ravit:
425 2623 566 2696 uam,
613 2591 714 2682 licet
760 2617 919 2680 nomen
970 2585 1166 2716 parochis
1214 2589 1375 2676 mutari
1419 2588 1741 2706 imperaverit,
1888 2677 1894 2682 ,

256 2719 393 2810 servit
428 2731 575 2807 tamen
610 2731 741 2832 atque
775 2711 967 2802 ostendit
1000 2711 1301 2830 pecuniarium
1350 2713 1526 2802 titulum
1572 2711 1614 2799 in
1655 2741 1743 2831 quo

195 2849 201 2877 '
256 2839 490 2932 conlitetur
529 2879 545 2917 ι
584 2838 655 2926 che
690 2837 732 2924 lu
763 2835 933 2926 reudita
965 2837 1212 2951 oppurticue
1243 2834 1328 2922 ulle
1348 2850 1518 2950 questro
1536 2831 1747 2951 prebende

256 2979 398 3054 curete
430 2960 547 3052 della
582 2960 742 3048 diocesi
771 2959 823 3046 di
854 2958 1124 3075 Carcoeypio
1165 2997 1182 3036 ι
1220 2989 1269 3046 ac
1291 2987 1395 3047 mox
1426 2999 1442 3036 ι
1473 2957 1542 3046 clio
1577 2957 1620 3044 la
1652 2987 1745 3042 reu-

259 3085 353 3184 dito
385 3086 423 3174 ai
453 3081 642 3202 popliani
661 3087 708 3170 ei
728 3096 897 3201 quattro
925 3081 1133 3196 purroclu'
1158 3111 1243 3197 pro
1278 3096 1458 3196 tempore
1485 3121 1522 3168 ι.

389 3205 509 3319 Quid
541 3221 704 3310 autem,
743 3203 1115 3308 animadvertunt,
1145 3204 1264 3322 quod
1294 3205 1401 3323 ipsa,
1439 3204 1621 3294 Vicariis
1643 3232 1748 3290 con·

260 3329 398 3422 traria
430 3329 735 3419 Cremonensis
769 3330 913 3430 Curia,
954 3327 1052 3415 licet
1079 3356 1232 3416 eorum
1255 3327 1350 3414 iura
1374 3325 1558 3416 inficiari
1593 3325 1740 3432 vellet,

260 3483 376 3574 quae
409 3467 555 3540 tamen
589 3451 688 3538 lacti
721 3468 842 3552 sunt,
870 3481 954 3536 non
973 3449 1106 3538 modo
1141 3480 1229 3536 nou
1265 3449 1495 3556 inficiatur,
1522 3447 1600 3538 sed
1622 3477 1746 3564 alier-

263 3575 425 3673 tissime
458 3573 650 3666 admittit
682 3604 731 3662 ac
764 3571 1029 3662 confitetur?
1051 3571 1166 3685 Quid
1191 3572 1310 3693 quod
1332 3587 1631 3691 quatuoresse
1656 3574 1740 3658 Pa-

258 3698 429 3802 molam,
460 3714 593 3816 atque
610 3726 684 3786 ens
708 3726 841 3786 unam
864 3693 1157 3814 eamdemque
1183 3721 1414 3812 personam
1438 3725 1589 3814 gerere
1614 3710 1751 3812 atque

259 3819 686 3912 administrationem
720 3847 924 3908 exercere
955 3818 1230 3908 declaravit?
1262 3816 1382 3931 Quid
1414 3817 1750 3938 quodl'icario-

257 3975 363 4034 rum
404 3945 761 4059 praedecessores
793 3971 967 4059 semper
999 3969 1044 4030 se
1075 3941 1234 4032 eodem
1271 3941 1403 4030 modo
1442 3941 1635 4060 gessisse,
1671 3970 1751 4028 ne·

235 4097 349 4184 'que
384 4065 517 4155 allam
553 4067 667 4154 inter
698 4095 773 4154 eos
804 4081 939 4183 atque
973 4064 1413 4181 Archiprrsbytcrum
1446 4063 1748 4154 diversitatem

268 4218 462 4304 unquam
495 4189 687 4277 extitisse
731 4185 986 4276 testantur?
1020 4187 1138 4298 Quid
1181 4186 1362 4291 demum
1405 4185 1529 4304 quod
1577 4187 1621 4274 in
1656 4186 1750 4302 ipsa

123 4361 124 4364 κ
260 4309 472 4429 pastorali
509 4311 756 4399 visitatione
781 4338 896 4400 anno
915 4310 1038 4400 4599
1060 4311 1366 4402 Cremonensis
1388 4311 1625 4428 Episcopus
1648 4339 1751 4424 qua·

263 4446 363 4521 tuor
395 4462 476 4520 esre
498 4433 712 4522 Poroclios
744 4433 921 4524 alternis
939 4431 1234 4524 hebdomadis
1256 4465 1397 4520 curum
1432 4447 1658 4524 aceruatos
1674 4427 1753 4516 de·

256 4553 480 4653 ‚claravitl

393 4677 482 4768 Sed
507 4679 681 4782 ,maiora
701 4678 843 4784 ⁴etiam
877 4696 1096 4796 praestare
1130 4709 1174 4768 se
1207 4677 1366 4766 Vicarii
1403 4676 1595 4767 tradunt.
1623 4677 1754 4782 Paro-

266 4800 428 4892 chiales
461 4800 582 4892 euim
615 4803 785 4892 codices
816 4801 1058 4907 adducunt,
1095 4805 1171 4922 qui
1206 4802 1433 4890 veritatem
1473 4796 1748 4897 ostendunt,

269 4941 404 5042 atque
437 4954 492 5012 ex
525 4921 591 5015 his
623 4955 713 5013 non
746 4925 883 5014 modo
915 4942 1106 5044 quatuor
1126 4953 1303 5041 semper
1327 4921 1541 5014 Parochos
1560 4915 1751 5038 dignita·

273 5065 315 5137 te
351 5069 476 5164 pares
509 5046 553 5134 in
586 5048 775 5138 Ecclesia
808 5048 1037 5168 Caravagii
1080 5045 1273 5150 extitisse
1313 5061 1468 5163 patet,
1511 5039 1755 5150 sedetiam

269 5167 568 5287 antiquiorem
591 5171 836 5274 Parachum
871 5170 1259 5260 Bartholomaeum
1290 5169 1455 5272 Foresti
1488 5197 1601 5271 anno
1624 5165 1749 5256 4750

271 5292 465 5410 primum
511 5291 598 5382 salii
642 5291 1023 5414 Archipresbyteri
1072 5319 1233 5380 nomen
1283 5292 1594 5409 assumpsisse,
1633 5287 1755 5408 quod
1891 5359 1896 5369 =

264 5414 451 5534 ,posthac
483 5415 814 5534 inexemplum
847 5414 1172 5506 successoribus
1205 5414 1423 5504 usuvenit.

396 5539 461 5626 Ac
493 5537 678 5642 demum
724 5538 968 5657 supplicem
1018 5537 1232 5656 praebent
1274 5537 1473 5628 libellum
1515 5535 1635 5655 quod
1667 5564 1757 5627 an·

855 5731 881 5780 l
