4446 6330
524 329 585 416 tt
980 329 1063 414 Dic
1094 328 1154 415 25
1187 327 1382 422 lan-narii
1418 327 1554 416 ι’879.

424 479 427 487 ·
521 452 648 540 tionis
667 450 1048 542 matrimoniicum
1062 450 1364 569 degustatione
1382 449 1526 568 poculi
1545 447 1635 536 vini
1659 463 1702 536 et
1725 449 2019 544 bellariorum

524 575 827 692 coniungens,
865 573 1125 663 dillercntiis
1175 589 1422 691 temporum
1459 589 1503 659 et
1537 572 1776 659 locorum'
1765 604 1812 660 ιιι
1847 573 2015 660 citatio-

525 730 581 788 ne
615 697 900 814 depositionis
934 695 1193 824 suppressis,
1235 696 1441 786 eumdem
1481 694 1750 811 Religiosum
1785 695 1849 782 ita
1883 695 2018 784 indici

527 822 840 940 obloquentem
876 821 1061 924 inducit,
1100 835 1142 906 nt
1179 833 1223 908 et
1254 818 1539 908 celebrationi
1572 817 1682 906 sacri
1716 818 1846 920 ritus,
1875 836 2017 906 etnn

529 944 651 1062 ptiali
685 945 784 1033 relci
791 943 1002 1061 gerationi
1036 975 1143 1046 uno,
1171 975 1221 1031 ac
1259 941 1582 1059 propemodum
1603 940 1761 1028 eodem
1785 959 2016 1032 momento

529 1067 1045 1182 adluisscexpressisset·
1086 1081 1178 1184 post
1199 1065 1413 1184 praedicti
1447 1063 1711 1154 Matrimonii
1745 1063 2015 1152 celebratio-

405 1255 407 1260 ,
528 1221 626 1282 uem
663 1189 757 1308 (ita
794 1189 943 1276 recitat
977 1189 1238 1280 Canonistae
1272 1188 1467 1306 Votum)
1503 1186 1661 1276 eodem
1694 1186 1878 1278 die'me
1904 1187 2015 1272 inti-

532 1329 727 1400 tatum
761 1311 891 1400 luisse
925 1344 947 1399 a
983 1329 1174 1402 contcste
1208 1310 1340 1400 lratru
1386 1310 1635 1430 praedictae
1658 1310 1942 1402 Violautinae
1964 1309 2019 1404 ad

527 1477 544 1516 ι
583 1437 789 1556 poculum
828 1433 920 1522 nini
954 1433 1198 1522 bibendum
1245 1433 1364 1522 domi
1400 1451 1614 1552 pateruae
1637 1464 1723 1521 una
1754 1462 1862 1524 cum
1888 1463 2015 1552 spon·

523 1601 543 1639 ι
585 1559 656 1648 sis.
697 1561 815 1646 Hunc
847 1557 1157 1644 dornnmr'llico
1185 1557 1394 1674 petii.
1436 1555 1908 1674 ,haustoqucvino.

522 1724 542 1772 ι
583 1681 638 1770 de
678 1681 1003 1770 circumstantia
1037 1679 1185 1770 auditi
1220 1713 1244 1766 a
1279 1678 1504 1796 praedicto
1549 1683 1604 1774 ll
1641 1679 1818 1768 Nicolao
1854 1678 2008 1783 lratre,

528 1846 544 1882 ι
584 1835 791 1920 sponsum
830 1806 944 1892 illico
979 1833 1255 1894 reversurum
1307 1803 1510 1906 Saleam,
1547 1821 1592 1890 ot
1634 1820 2016 1891 commoraturum

525 1968 542 2005 ι
583 1928 704 2018 domi
739 1958 841 2016 suae
874 1926 930 2017 ad
965 1927 1178 2016 curandas
1203 1927 1384 2014 necessit
1368 1941 1477 2013 tates
1512 1923 1721 2031 familiae,
1760 1956 1909 2043 nequo
1931 1936 2015 2041 pr'o

527 2092 542 2124 ι
583 2051 761 2139 interim
787 2082 885 2137 cnm
911 2079 1068 2166 sponsa
1092 2049 1419 2138 matrimonium
1445 2079 1537 2138 esse
1560 2065 2012 2138 consummaturum»

525 2172 650 2292 (Vor
688 2174 905 2260 Cononist
942 2171 987 2292 S.
1027 2174 1123 2293 30).

651 2297 727 2384 tl
764 2300 893 2387 Estne
929 2295 984 2386 ita
1034 2297 1166 2414 plana
1216 2313 1347 2415 atque
1381 2296 1440 2383 ita
1476 2293 1660 2411 lrmprda
1687 2292 1916 2413 depositio
1951 2309 2020 2383 te-

520 2419 610 2524 stiS,
660 2437 705 2508 ut
746 2421 891 2536 sponsi
921 2451 945 2504 a
978 2451 1096 2507 sacra
1130 2420 1418 2508 Caeremonia
1451 2419 1506 2508 ad
1541 2415 1824 2510 relectionem
1850 2419 2020 2534 nuptia-

521 2545 607 2632 lem
640 2543 814 2630 nonuisi
839 2571 1015 2659 semper
1038 2557 1081 2630 ot
1111 2543 1275 2661 ubique
1293 2541 1686 2631 concomitantibus
1714 2542 1916 2644 testibuS,
1945 2573 2021 2631 nec

521 2663 680 2786 pedem
706 2697 788 2754 nec
820 2693 1000 2756 nanum
1026 2667 1212 2756 movisse
1236 2667 1499 2756 videantur?
1532 2667 1610 2755 Ast
1643 2681 1818 2754 econtra
1852 2695 1911 2750 cx
1944 2696 2013 2754 ea»

521 2789 624 2876 dom
674 2790 843 2906 integra
879 2788 1083 2906 Religiosi
1119 2789 1409 2907 depositione,
1438 2821 1518 2907 per
1553 2789 1794 2877 notabilem
1830 2787 2015 2906 iuquam

519 2912 731 3030 temporis
765 2913 996 3024 decursum
1031 2913 1143 3000 solos
1175 2941 1373 3029 sponsos,
1411 2929 1454 3000 et
1488 2911 1617 3000 nullis
1639 2912 1917 3004 adstantibus
1954 2929 2015 2999 te-

522 3037 662 3124 stibus
696 3049 987 3146 commoratos
1021 3035 1152 3124 luisse
1200 3037 1444 3126 luculenter
1494 3034 1751 3123 ostenditur.
1790 3035 2019 3128 Restitua-

522 3189 620 3246 mns
653 3189 757 3275 prae
793 3157 942 3274 primis
978 3157 1197 3278 integrum
1232 3175 1431 3248 tenorem
1466 3157 1749 3278 depositionis
1789 3158 1934 3246 huius·
1959 3174 2017 3252 te·

525 3281 675 3368 ιιίιει
659 3283 1008 3400 «luterrogatus
1041 3313 1094 3370 an
1129 3301 1359 3401 cognoscat
1391 3315 1560 3400 sponsos
1607 3281 1734 3370 simul
1784 3279 1834 3367 ab
1874 3282 2018 3370 Eccle-

529 3405 651 3490 «sia
685 3403 850 3491 doraum
883 3407 1105 3492 reuersus?
1135 3405 1436 3524 Respondet·
1447 3408 1596 3514 HAEC
1644 3406 1901 3512 lGN0R03
1941 3435 2015 3502 re·

528 3526 742 3618 «condor
774 3543 940 3635 tamen,
986 3547 1082 3647 post
1116 3529 1326 3646 praedicti
1357 3529 1634 3622 matrimonii
1670 3529 2015 3620 celebrationem

527 3649 750 3738 «eodem
761 3650 830 3738 dte
873 3683 936 3740 nte
970 3654 1190 3740 ι”ιιυιιαιιιιιι
1226 3652 1357 3741 fuisse
1390 3689 1413 3742 a
1447 3670 1639 3744 conteste
1672 3651 1804 3741 fratre
1839 3652 2014 3770 ptaedi·

507 3811 545 3882 ,ι
584 3790 679 3860 ctae
714 3773 990 3863 Violantinac
1024 3775 1079 3864 ad
1115 3777 1321 3893 poculum
1358 3777 1448 3868 vini
1492 3777 1738 3867 bibendum
1775 3775 1896 3863 domi
1933 3807 2011 3894 pa·

521 3936 545 3974 ιι
583 3911 739 3984 ternae
773 3927 860 3984 una
894 3927 993 3988 oum
1025 3900 1214 4015 sponsis.
1251 3900 1370 3986 Houc
1419 3899 1584 3988 doraum
1635 3899 1754 3986 illico
1784 3901 1895 4014 petii
1926 3931 2009 3992 meu

524 4056 544 4092 ⁸
584 4049 672 4104 cum
707 4020 914 4116 invitante
942 4024 995 4112 R.
1031 4021 1210 4118 Nicolao¹
1244 4021 1448 4126 drduini,
1487 4025 1579 4110 Ussl
1615 4025 1816 4114 REPEEl
1849 4023 2015 4116 SPON-

524 4179 547 4220 -ι
584 4141 704 4246 SOS,
743 4142 997 4234 ABSENTE
1030 4146 1218 4238 Plana
1251 4147 1653 4253 vtotanrtrtan
1682 4148 1922 4264 haustoque
1952 4143 2014 4236 vi-

528 4303 546 4341 ι
585 4295 658 4369 no,
692 4265 874 4384 aliisque
906 4267 1099 4357 bellariis
1132 4265 1189 4364 de
1222 4269 1759 4364 circumstantiaandivia
1793 4268 2018 4387 praedicto
2113 4327 2114 4330 κ

525 4427 546 4466 ι
586 4391 640 4479 ll
673 4389 858 4479 Nicolao
888 4389 1025 4494 fratre
1059 4408 1187 4482 etc.»
1216 4392 1280 4512 (in
1309 4389 1475 4513 Actis).

651 4513 728 4602 12.
760 4513 985 4603 Constat
973 4533 1123 4634 itaque
1154 4515 1274 4636 quod
1306 4517 1514 4636 nuptialis
1536 4516 1761 4606 recreatio
1773 4517 1920 4610 locum
1945 4516 2016 4608 ha·

521 4634 619 4726 bunt
645 4635 793 4730 eudem
816 4635 902 4737 tte,
950 4670 1038 4758 quo
1061 4639 1332 4736 celebratum
1353 4641 1439 4734 tan
1457 4640 1812 4736 matrimonium
1837 4641 2015 4732 Numae

522 4772 669 4849 tamen
702 4761 863 4854 eadem
898 4761 1027 4852 hora?
1051 4762 1126 4852 Nat
1162 4763 1320 4868 miuus3
1358 4763 1720 4906 quandoquidem
1758 4764 1864 4856 dum
1899 4758 2014 4858 neli-

521 4881 665 4999 giosus
700 4881 956 4970 invitantem
991 4875 1034 4971 ot
1066 4885 1231 4976 socium
1274 4886 1431 4977 babuit
1453 4887 1668 4980 Violautis
1721 4887 1905 4982 tratrem
1950 4883 2009 4980 ab
2128 4996 2130 5000 Ι

519 5005 711 5096 Ecclesia
744 5004 802 5099 ad
835 5004 1194 5100 babitanonem
1176 5009 1319 5116 ιιιίιιε,
1358 4987 1656 5131 bncprolecto
1680 5009 1855 5102 nonnisi
1878 5035 2013 5146 quam
2113 5026 2117 5034 '

518 5131 771 5244 serpentinis
804 5128 923 5218 lteris
954 5130 1102 5248 potuit
1134 5133 1403 5253 contingere.
1440 5135 1674 5226 Celebrate
1708 5135 1826 5234 enirn
1856 5127 2012 5226 matri·

517 5253 687 5356 meniu,
725 5284 886 5372 sponsa
921 5271 993 5346 et·
989 5255 1089 5346 Ιιιίιιι
1117 5255 1256 5358 irater
1288 5259 1527 5363 lNSlMUL,
1571 5291 1620 5350 ac
1643 5259 1762 5349 nullo
1777 5257 1873 5350 alio
1896 5252 2012 5350 socio

514 5371 705 5490 adscito,
737 5409 969 5494 »prinpum
1016 5397 1271 5476 numanum
1314 5382 1693 5481 habitationem-c
1677 5413 1820 5474 «nra
1868 5379 2011 5500 sacena

517 5499 772 5616 conpopnin
797 5501 849 5586 ol
878 5533 953 5590 orto
983 5501 1161 5624 sindaldo
1195 5503 1377 5596 Prote·-
1341 5525 1614 5626 -gtponsus
1647 5505 1848 5625 quidem,
1879 5501 2004 5600 celan,
