4446 6330
657 301 740 388 Die
771 302 831 389 25
865 303 1060 392 Ianuarii
1092 304 1230 393 t879.
1620 319 1681 406 35

195 469 214 506 «
254 423 446 516 sarebbe
475 437 586 510 stato
620 423 908 514 imbarazzato
942 428 983 516 Ιο
1016 427 1170 542 Sposo,
1210 422 1501 543 paverim-imo,
1538 433 1596 520 od
1621 440 1686 526 al-

195 592 212 630 «
257 543 522 666 loppiorioa
548 546 992 638 FraterViolantinae
1026 547 1066 670 (4
1077 557 1153 667 jz«
1184 549 1216 636 ΙΙ
1249 550 1372 639 Pizzo
1403 549 1495 641 fece
1526 577 1683 672 questo

195 713 213 752 ι
254 700 384 787 passo
423 736 433 756 .
477 733 487 752 .
527 733 536 754 .
576 683 706 756 tratto
738 669 907 760 ail'esca
934 671 979 761 di
1014 701 1071 760 un
1114 671 1337 777 interesse,
1376 671 1447 760 cite
1477 675 1688 771 uellnsuo

194 835 212 872 ι
246 791 428 910 pouertd
468 791 507 876 lo
541 789 806 906 obbepliaoo.
849 859 859 878 .
900 861 910 880 .
954 835 1017 872 »a
1041 794 1172 897 Seio,
1206 795 1321 886 disse
1351 795 1391 884 la
1412 796 1679 909 Violantina,

195 958 212 994 «
254 914 432 1003 andavo
466 943 491 1000 a
524 942 783 1001 consumare
817 945 874 1000 un
910 917 1222 1021 matrimonio,
1262 918 1341 1006 che
1373 935 1509 1007 atteso
1545 920 1584 1012 ia
1617 922 1688 1014 di-

197 1079 215 1118 «
254 1035 422 1125 versitai
444 1033 717 1142 deil'indoie,
753 1035 868 1125 delle
889 1037 1123 1140 abitudini,
1160 1037 1345 1138 dell'etci,
1386 1039 1556 1130 adello
1583 1077 1690 1134 eou-

197 1201 215 1238 ι
255 1157 428 1246 diziooc
461 1185 548 1244 non
582 1169 711 1273 potea
744 1157 906 1247 durare
937 1177 1102 1278 quanto
1125 1159 1208 1248 alia
1232 1161 1521 1252 convenienza
1555 1184 1681 1256 etc.»

192 1279 561 1370 Bartholomaeus
605 1279 735 1388 Abho
780 1320 797 1359 ι
845 1283 931 1370 Per
968 1283 1131 1371 motivo
1178 1282 1442 1372 d‘interesse
1493 1287 1681 1402 spinto,

199 1447 216 1483 ι
257 1404 444 1520 piegava
474 1431 500 1489 a
535 1400 598 1489 iar
626 1418 783 1519 questo
808 1404 1107 1492 matrimonio.
1143 1445 1158 1481 ι
1193 1407 1348 1522 loseph
1383 1406 1507 1524 Bigo,
1548 1414 1679 1532 vulgo

192 1525 506 1616 Boccr'beccorc
559 1523 650 1642 ttgti
696 1555 785 1613 non
818 1555 951 1642 parea
983 1527 1171 1616 credersi
1199 1529 1240 1612 in
1277 1529 1402 1618 istato
1436 1526 1480 1614 di
1513 1529 1691 1626 fortuna

201 1691 217 1727 ι
258 1648 541 1763 egnaImente
573 1677 653 1734 con
687 1647 760 1749 tei,
799 1649 1005 1765 equindi
1039 1679 1126 1736 non
1162 1649 1197 1736 si
1227 1666 1445 1738 mostrava
1481 1681 1692 1767 persuaso

200 1813 216 1850 ι
256 1768 306 1860 di
340 1769 408 1856 far
445 1782 601 1884 questo
639 1770 940 1858 matrimonio.
986 1811 1003 1849 ι
1047 1771 1298 1860 Violaotina
1347 1787 1493 1860 autem
1544 1775 1692 1868 sutura

194 1895 354 1982 haeres
387 1907 482 1978 erat
514 1890 736 1980 sexdecim
773 1891 910 1980 miliia
942 1893 1227 1997 Libeliarum,
1266 1895 1381 1982 haud
1403 1898 1691 2013 comprehcn-

196 2017 252 2105 sis
285 2013 418 2102 bonis
451 2011 663 2102 familiae.
1603 2066 1607 2074 .

324 2137 400 2224 39.
450 2139 638 2252 Insuper
669 2134 897 2226 affectione
929 2169 1056 2228 coeca
1087 2153 1130 2226 et
1170 2137 1350 2226 levitate
1382 2138 1578 2257 quadam
1614 2139 1693 2230 du·

196 2261 282 2363 cti,
323 2259 404 2346 hoc
436 2257 628 2346 inierunt
661 2259 1002 2350 Matrimonium.
1041 2260 1194 2348 Mulier
1216 2257 1291 2380 (ad
1317 2261 1345 2347 3
1371 2259 1569 2381 interr.):
1603 2267 1690 2354 «lo

202 2425 219 2464 ι
258 2413 351 2468 non
387 2411 495 2467 avea
525 2378 636 2468 sorte
658 2381 945 2471 inclinazione
978 2413 1058 2501 per
1093 2383 1134 2468 Ιο
1157 2397 1289 2470 stesso
1313 2422 1354 2470 ι.
1377 2381 1465 2500 (Ad
1484 2384 1532 2502 lt)
1558 2425 1575 2462 ι
1600 2388 1695 2475 An·

201 2545 217 2582 ι
255 2503 296 2592 ni
322 2501 381 2590 mi
415 2532 493 2590 son
526 2503 672 2590 subito
707 2504 876 2620 pentita
909 2505 955 2594 di
988 2535 1092 2594 aver
1125 2503 1231 2592 [atto
1270 2519 1424 2622 questo
1463 2535 1591 2621 passo
1626 2510 1694 2595 in·

202 2667 218 2704 .
257 2623 542 2724 considerato,
576 2625 861 2743 compatihile
895 2627 1001 2746 perd
1024 2628 1069 2713 in
1096 2657 1181 2715 una
1203 2627 1389 2745 giovane
1411 2657 1520 2744 poco
1545 2659 1691 2746 esper-

205 2791 221 2827 «
260 2763 306 2835 ta
345 2814 355 2833 .
397 2814 407 2834 .
448 2813 457 2832 .
496 2777 520 2834 e
554 2745 751 2836 iattoda
785 2777 970 2838 mecon
1009 2765 1163 2866 troppa
1191 2751 1542 2864 precipitarione.
1577 2791 1594 2828 ι

325 2872 401 2958 to.
440 2869 621 2958 Accedit
654 2885 830 2960 mutuus
857 2901 1012 2961 eorum
1046 2901 1282 2960 consensus
1315 2870 1692 2988 dispensationem

198 2990 435 3082 obtinendi
468 2993 527 3080 ab
559 2992 642 3080 hoc
672 2992 851 3084 vinculo
883 3012 977 3084 roto
1012 2992 1309 3092 tautummodo,
1337 3010 1381 3082 et
1403 3010 1573 3081 estona
1595 3025 1695 3083 cau·

201 3143 349 3204 sarum
373 3113 429 3202 ad
453 3114 814 3234 dispensandum,
838 3133 885 3205 ut
907 3116 967 3204 ait
987 3113 1171 3203 &ochaz
1195 3115 1356 3202 toccu.
1378 3113 1504 3204 tim
1527 3115 1688 3231 disput.

201 3237 259 3324 46
293 3268 409 3324 nom.
446 3239 535 3324 3-
569 3237 629 3324 ihi
651 3287 682 3302 -
713 3241 886 3328 Mutuus
925 3267 1158 3328 consensus
1193 3237 1290 3356 (ad
1324 3237 1693 3354 dispensationem

206 3399 222 3438 ‹
260 3359 532 3478 petendam)
587 3359 732 3448 iuncto
776 3360 878 3450 odio
922 3377 966 3449 et
1005 3358 1238 3463 discordia,
1274 3361 1441 3478 absque
1485 3360 1689 3450 remedio

206 3521 222 3559 s
260 3497 304 3570 et
337 3513 438 3570 cum
469 3479 626 3569 timore
668 3483 850 3573 infelicis
892 3481 1049 3571 exitus.
1098 3483 1246 3570 »Viro
1276 3480 1410 3571 ueteri
1443 3481 1692 3598 adstipula-

202 3617 268 3692 tur
301 3604 459 3716 Mulier
493 3601 577 3723 (ad
611 3605 641 3692 5
675 3604 869 3725 interr.):
901 3647 918 3684 ι
945 3602 1161 3694 Desidere
1183 3605 1261 3692 ohe
1284 3619 1441 3722 questo
1463 3603 1693 3691 matrimo-

207 3765 223 3804 ι
260 3725 335 3814 ιιίο
374 3755 514 3845 venga
547 3726 856 3816 dall’Autorita
894 3725 1187 3816 Ecclesiastico
1224 3738 1503 3845 competente
1535 3724 1691 3814 sciolto

209 3888 224 3924 ι
262 3846 664 3937 definitivamente.
692 3852 752 3938 Lo
776 3849 996 3957 desidero,
1023 3874 1147 3938 come
1180 3847 1268 3936 l'ho
1291 3847 1541 3938 desiderato
1564 3845 1691 3964 quasi

210 4009 226 4048 e
263 3970 426 4075 subite,
453 4001 532 4090 per
568 3973 745 4060 essermi
779 3989 963 4076 accorta,
1004 3970 1083 4060 che
1120 3999 1228 4060 uvea
1256 3987 1430 4089 sposato
1455 4001 1511 4058 un
1536 3997 1686 4074 nomo,

210 4131 225 4169 ι
261 4092 292 4180 it
316 4093 449 4210 quate
483 4124 569 4182 non
604 4125 680 4182 era
702 4093 747 4184 di
781 4095 870 4184 mia
895 4091 1167 4195 condicione,
1197 4093 1252 4180 ne
1284 4091 1405 4181 arrei
1426 4106 1579 4208 potuto
1602 4091 1689 4180 col-

210 4253 226 4291 «
262 4215 304 4302 lo
328 4232 464 4304 stesso
500 4243 679 4306 menare
714 4248 799 4306 una
831 4219 984 4308 buona
1017 4215 1123 4303 vita.
1165 4253 1182 4292 ι

325 4338 402 4453 dt.
440 4338 588 4428 Tertia
621 4339 801 4428 demum
854 4337 921 4430 ¹est
948 4338 1200 4428 animorum
1243 4334 1439 4439 aversio,
1475 4365 1591 4452 quae
1625 4333 1688 4420 ita

205 4458 261 4545 ob
289 4459 595 4578 disparitatem
634 4461 897 4552 conditionis
940 4461 998 4549 ita
1033 4457 1241 4548 efferbuit
1283 4458 1399 4544 inter
1437 4455 1680 4570 coniuges,

206 4608 444 4700 corumque
472 4587 832 4705 consanguinem,
858 4583 920 4672 ita
953 4599 1000 4672 nt
1032 4611 1168 4700 usque
1201 4578 1257 4668 ad
1280 4577 1433 4668 odium
1455 4574 1685 4696 proripue-

30 4793 31 4816 Ν
206 4702 275 4792 rit.
311 4707 423 4792 Nam
456 4735 534 4794 ceu
573 4707 633 4794 ait
662 4708 899 4826 Episcopus
927 4704 1013 4827 (2):
1045 4744 1063 4784 ι
1091 4705 1153 4792 La
1177 4700 1424 4792 Violantina
1456 4695 1691 4786 volubile.

112 4883 114 4890 ,
211 4862 227 4902 ι
263 4829 514 4918 scemarella
547 4859 760 4919 ece.·ecc.
801 4894 812 4916 .
852 4896 862 4916 .
903 4895 913 4917 .
950 4825 1123 4918 cambio
1156 4822 1202 4913 di
1236 4823 1412 4912 volentia
1450 4889 1460 4910 .
1501 4887 1511 4907 .
1554 4845 1687 4938 ,non

213 4985 228 5022 ι
264 4949 378 5037 volte
415 4951 491 5066 piri
523 4981 677 5069 sapere
715 4950 786 5042 del
820 4951 975 5055 Pizzo,
1007 4949 1036 5038 it
1064 4946 1193 5067 quale
1225 4944 1282 5034 da
1312 4945 1438 5035 buon
1463 4939 1687 5033 Cristiuno

212 5103 227 5146 ι
264 5070 382 5159 ando
415 5073 459 5160 in
492 5073 710 5164 America.
753 5117 770 5154 ι
807 5077 859 5162 Ει
892 5074 935 5160 ἰιι
971 5072 1105 5160 altera
1145 5067 1231 5192 (3):
1263 5109 1279 5146 ι
1307 5069 1372 5156 Ne
1406 5063 1532 5154 torno
1575 5060 1693 5178 dopo

331 5314 398 5439 (4)
431 5321 529 5408 Act.
563 5320 733 5410 Preces.
770 5318 1067 5406 Docummtum
1100 5311 1310 5400 Primum.

331 5435 399 5561 (2)
432 5442 579 5559 Epist.
611 5443 671 5530 t5
703 5441 857 5560 Eopiio
891 5440 1031 5529 4873.

330 5559 398 5682 (3)
432 5564 573 5681 Epist.
610 5565 669 5653 ttt
703 5565 852 5654 Murro
885 5563 1025 5654 4878.
