4530 6336
520 293 611 386 338
1012 289 1094 378 Die
1126 287 1325 378 261otie·
1357 289 1536 380 1879.

520 413 761 510 dinando
746 443 873 502 aaa
894 413 1179 550 pecusictrofiu
1201 413 1317 531 depli
1338 444 1487 531 erpone
1483 412 1748 530 centrata·
1734 433 1943 537 atque«
1968 421 2005 508 lu

521 553 709 653 serpente
747 533 794 622 cli
817 549 956 652 questa
973 533 1136 623 ineram
1158 537 1359 653 orpaaico
1382 537 1480 624 deoc
1503 537 1733 626 rimontore
1754 538 1813 625 ad
1845 541 1913 627 ιη’
1918 573 2006 658 cpo-

524 695 573 751 ca
616 659 689 746 bea
735 657 966 760 lentona,
999 687 1154 746 venum
1187 659 1319 748 etiam
1355 657 1594 748 affirmat
1577 664 1752 777 praesti
1788 661 2008 751 disordiui

522 780 635 873 nelle
653 795 758 869 stato
780 724 1017 866 odcnomico
1049 811 1147 867 rouo
1166 783 1364 898 perpetui
1385 781 1436 868 ecl
1452 780 1720 869 incurabili
1729 782 1931 881 ;undc
1910 815 2006 872 con·
2041 861 2044 874 ,

521 904 707 998 cludit
746 901 817 990 elce
848 901 1118 1019 l’impoteazo
1159 901 1229 989 del
1273 905 1426 991 marito
1474 906 1494 990 l
1521 899 1886 1046 sufficientemente
1931 905 2006 994 di-

524 1041 771 1118 mostratu»
756 1027 957 1144 ,Atque
991 1023 1317 1114 examussimin
1341 1026 1685 1144 interrogatoriis
1718 1027 1999 1146 perquisitus,

522 1183 577 1241 an
611 1163 705 1237 arte
736 1147 907 1237 medica
942 1163 1080 1235 tractu
1115 1149 1324 1288 temporis
1367 1148 1435 1234 vir
1483 1161 1640 1265 potens
1685 1146 1780 1235 fieri
1831 1149 2001 1256 valeat,

525 1263 694 1362 retulit:
730 1269 797 1357 Ho
833 1271 881 1357 l'‘
865 1273 1016 1358 antima
1056 1269 1326 1358 coaciozroaa
1358 1261 1430 1357 elce
1461 1301 1541 1357 aon
1575 1273 1620 1357 oi
1642 1301 1739 1358 sono
1764 1271 1917 1358 rimedt
1939 1303 2004 1360 ca·

517 1427 616 1513 poca
612 1391 696 1479 di
732 1391 977 1512 modificare
1006 1390 1047 1478 lo
1083 1408 1189 1480 stato
1229 1391 1278 1480 di
1310 1391 1442 1480 salute
1480 1390 1550 1479 dcl
1589 1392 1745 1508 Sipuor
1776 1393 2006 1485 Lolicuoce

524 1519 573 1604 cli
611 1516 685 1635 far·
718 1517 884 1632 aporire
918 1515 954 1601 le
987 1513 1208 1654 ipsermitd
1239 1515 1309 1604 elce
1340 1513 1623 1630 possiaede
1562 1511 1778 1724 pladellu
1824 1549 1898 1604 suo
1944 1525 2006 1614 ι’-ιι

521 1640 646 1762 fonz'
629 1671 688 1724 ια.
727 1639 890 1725 Doctor
924 1637 1088 1754 pariter
1120 1638 1333 1726 Hubert
1322 1668 1367 1726 ιιι
1400 1667 1478 1724 sua
1512 1666 1558 1724 re
1578 1637 1723 1726 atione
1765 1637 1865 1728 licet
1898 1635 2007 1727 affir-

525 1792 647 1852 mare
681 1789 768 1848 non
801 1757 948 1848 valeat
979 1759 1309 1852 Ferdinandum
1352 1759 1549 1848 absoluta
1593 1759 1852 1876 impotentia
1888 1761 2005 1849 labo·

522 1913 636 1988 rare,
673 1909 728 1970 ex
761 1877 870 1970 lacto
906 1896 1050 1970 tomen
1083 1881 1200 2000 quod
1220 1882 1489 1972 foemineum
1515 1911 1588 1971 vas
1611 1882 1726 1974 haud
1740 1899 1900 2000 potens
1923 1882 2005 1971 luit

522 2022 768 2124 penetrare,
790 2003 942 2092 statuit
961 2004 1035 2090 «oi
1058 2007 1204 2093 istola
1227 2004 1390 2124 duaque
1412 2005 1619 2121 riquardo
1637 2005 1695 2092 orl
1720 2036 1806 2093 caca
1828 2038 1911 2093 rena
1931 2007 2006 2092 im·

521 2143 699 2244 potenza
731 2127 913 2214 relativo
951 2169 990 2214 ι.

646 2248 766 2339 Alias
812 2248 1144 2365 disponsationis
1186 2279 1336 2338 causas
1384 2249 1611 2338 adinvenit
1646 2265 1736 2337 tum
1771 2281 1826 2338 ex
1869 2248 2006 2338 civilis

525 2371 707 2465 divortii
732 2371 1091 2487 proclamatione,
1121 2387 1213 2460 tum
1233 2402 1288 2460 ex
1310 2371 1536 2461 discordiis
1554 2386 1597 2460 et
1620 2372 1863 2460 animorum
1892 2401 2009 2460 aver·

523 2491 719 2584 sionibus
751 2523 864 2610 quae
900 2493 1041 2582 locum
1091 2493 1341 2583 habuerunt
1391 2511 1434 2582 ct
1478 2494 1738 2583 insanabiles
1780 2491 2001 2598 videntur,

524 2633 655 2735 atque
688 2645 742 2702 ex
775 2615 952 2733 physica
986 2616 1339 2733 impossibilitate
1386 2647 1472 2706 una
1522 2615 1822 2720 cohabitandi,
1860 2646 1917 2704 ne
1950 2647 2003 2704 ex

525 2738 753 2827 inutilibus
786 2739 1174 2828 consummationis
1212 2738 1441 2830 conatibus
1490 2739 1732 2859 periculum
1781 2738 2004 2827 Adrianae

526 2861 754 2948 immineat
786 2859 1017 2948 amittendi
1039 2860 1230 2978 corporis
1264 2861 1494 2950 sanitatem
1538 2875 1583 2950 et
1627 2863 1774 2977 ipsum
1824 2860 2002 2950 rationis

524 3015 650 3072 usum
686 3013 740 3070 ex
773 2981 1038 3088 bisterismo,
1056 2983 1200 3101 prouti
1237 2985 1280 3071 in
1314 2981 1485 3072 medica
1521 2997 1613 3071 arte
1636 2984 1764 3099 periti
1800 2999 1998 3102 apertum

523 3105 604 3196 huc
635 3104 693 3195 de
726 3134 773 3192 re
807 3104 1042 3222 perhibent
1077 3105 1389 3194 testimonium.
1417 3105 1588 3219 Quibus
1621 3105 1786 3195 accedit
1822 3104 2006 3196 inconti-

523 3229 700 3318 nentiae
733 3229 976 3345 periculum
1012 3245 1056 3318 et
1089 3231 1280 3348 petentis
1312 3228 1545 3348 spiritualis
1580 3227 1770 3334 utilitas,
1808 3261 1922 3348 quae
1954 3259 2007 3316 ex

524 3351 691 3440 sescla
723 3348 937 3438 sufficiens
969 3351 1051 3440 rati
1087 3351 1352 3439 matrimonii
1386 3351 1721 3471 dispensationis
1759 3383 1888 3441 causa
1942 3382 2008 3439 re-

524 3491 704 3593 putatur
735 3503 814 3562 ceu
849 3472 976 3564 docet
1006 3473 1141 3564 Perea
1175 3473 1226 3562 de
1257 3476 1441 3562 matrim.
1469 3473 1582 3592 disp.
1608 3477 1669 3562 20
1690 3491 1785 3563 sect
1815 3480 1908 3564 7n.
1931 3475 2003 3579 tt;

525 3613 568 3686 ct
591 3595 752 3738 passim
776 3595 967 3716 legitur
955 3627 1000 3684 ιιι
1033 3597 1362 3688 Resolutionum
1399 3597 1613 3688 thesauro.
1652 3596 1724 3687 Ad
1758 3629 1849 3686 rem
1874 3544 2006 3684 relerl
2044 3619 2049 3630 '

523 3719 814 3840 Episcopus
798 3718 1049 3808 Adriano
1082 3721 1176 3808 Van
1203 3721 1464 3812 Hoobrouck
1503 3721 1561 3810 de
1593 3721 1776 3810 Iliennos
1810 3720 2003 3810 foemina

530 3841 660 3960 pia
692 3841 812 3930 sed
803 3840 947 3930 runier
978 3859 1022 3931 et
1065 3841 1108 3930 in
1151 3841 1298 3932 medio
1346 3845 1516 3934 saeculo
1552 3873 1750 3948 versans,
1782 3839 2007 3932 eiusmodi

531 3961 775 4051 «bodie
752 3980 815 4052 cst
846 3963 1111 4055 conditionis
1146 3981 1191 4052 ut
1224 3995 1438 4084 perquam
1474 3965 1712 4088 optandum
1747 3943 1827 4056 sit
1823 3993 1919 4054 eam
1954 3961 2008 4053 ad

531 4085 690 4174 nlius
721 4089 895 4204 nuptias
929 4088 1116 4176 transire
1151 4087 1351 4204 possit.

652 4208 887 4310 Contendit
920 4241 999 4328 pro
1033 4240 1109 4300 suu
1144 4209 1236 4298 vice
1275 4211 1435 4300 vinculi
1470 4211 1683 4300 Defensor
1722 4239 2010 4300 consumma-

473 4415 476 4422 .
530 4351 621 4420 tum
672 4329 805 4422 luisse
844 4333 1177 4421 matrimonium
1218 4333 1276 4422 ob
1315 4333 1538 4450 duplicem
1576 4333 1815 4439 rationem;
1863 4333 2008 4451 primo

526 4453 630 4662 poia
661 4453 879 4573 coniugali
913 4451 1053 4544 officio
1085 4485 1277 4574 congrua
1306 4453 1408 4543 data
1444 4472 1507 4544 est
1543 4487 1678 4574 opera
1706 4457 1761 4545 ad
1792 4459 1908 4546 hunc
1941 4453 2004 4540 ei·

543 4591 686 4664 ectum
736 4577 1126 4695 consequendum
1179 4577 1370 4667 secundo
1411 4583 1514 4696 quia
1559 4579 1601 4665 in
1637 4578 1709 4668 illo
1756 4595 1872 4684 actu,
1911 4589 2010 4665 utut

526 4729 613 4786 non
650 4699 844 4816 perfecte
877 4698 1111 4818 expleto
1078 4729 1252 4816 signum
1289 4717 1454 4789 certum
1481 4701 1803 4791 commixtionis
1826 4698 2009 4790 carnalis

525 4821 701 4908 emersit
735 4821 779 4908 in
813 4821 1093 4940 consequenti
1128 4819 1417 4912 delectatione
1449 4852 1582 4943 quam
1616 4824 1878 4941 perscnsisse
1913 4851 2008 4911 mu·

525 4940 606 5029 lier
639 4941 886 5033 confitetur
1911 5013 1915 5020 .

579 5065 836 5156 Enarrat
869 5083 1052 5186 uterque
1083 5065 1243 5155 coniux
1291 5097 1472 5184 operam
1515 5067 1687 5159 dedisse
1730 5095 2008 5158 consumma-

526 5133 654 5292 lieni,
687 5188 856 5278 tametsi
882 5203 1027 5279 actum
1047 5217 1136 5278 non
1169 5190 1522 5312 complevissent;
1542 5192 1704 5280 mulier
1725 5193 1908 5312 quidem
1933 5187 2005 5278 de·

525 5303 710 5427 ponit«
692 5341 873 5399 «avoco
909 5311 952 5400 la
983 5313 1267 5412 conoiazioae,
1311 5313 1502 5403 cinturae
1533 5312 1678 5414 oolla,
1716 5315 1786 5403 cle
1819 5313 2008 5404 abbiamo

530 5445 699 5533 batuto,
735 5433 807 5523 cbo
839 5431 959 5524 l’otto
992 5467 1072 5525 uon
1105 5467 1178 5523 era
1210 5451 1315 5524 stolo
1358 5437 1597 5553 compito·
1629 5439 1713 5524 mio
1745 5439 1900 5526 morato
1934 5433 2006 5523 ‹li-
