4516 6318
593 290 686 378 170
1065 285 1150 372 Dic
1184 286 1242 374 13
1275 283 1428 371 Martii
1463 283 1602 372 1879.

592 455 608 493 ι
650 411 753 530 quia
777 409 899 498 alteri
915 409 1123 512 abaltero
1140 407 1367 498 discedere
1393 409 1610 524 integrum
1630 423 1708 508 est,
1732 403 1852 494 etad
1875 401 1974 491 alia
2000 424 2097 499 rota

590 579 606 614 ι
647 533 792 624 civilia
828 531 1029 638 transire;
1061 563 1136 620 scu
1163 530 1438 650 temporalia,
1465 561 1577 649 quae
1611 529 1878 649 contingere
1914 551 2097 646 possunt

587 701 604 738 ι
648 675 740 746 tom
769 657 910 757 uxori,
944 686 1077 774 quam
1112 655 1180 742 vir
1201 656 1319 744 alere
1362 654 1455 772 cogi
1496 683 1582 742 non
1616 669 1774 769 potest,
1806 671 1911 740 tum
1942 650 2097 744 laturis

583 825 600 860 ι
644 779 812 884 liberis,
840 778 1033 868 maxime
1064 779 1096 866 si
1136 795 1339 895 parentes
1373 807 1447 866 eos
1491 793 1639 892 postea
1674 806 1762 864 non
1797 775 2093 892 agnoverint,

582 946 598 982 ι
642 922 684 991 et
711 903 948 991 morientes
977 933 1063 990 non
1106 901 1359 1018 scripserint
1395 899 1623 988 haeredes.
1668 901 1761 988 Non
1802 915 1919 986 sunt
1964 899 2098 1019 igitur

582 1069 599 1108 «
640 1027 795 1115 civiles
828 1025 1131 1113 solemnitates
1155 1023 1592 1144 praetermittendam
1611 1037 1654 1110 ct
1675 1022 1751 1140 qui
1775 1053 1827 1110 ea
1849 1023 2093 1133 omittunt,

580 1194 595 1227 ι
639 1149 915 1268 graviculpa
956 1181 1039 1236 non
1068 1163 1248 1250 vacant,
1275 1149 1308 1235 si
1343 1147 1450 1267 quid
1486 1146 1659 1265 opinor.
1698 1144 1889 1234 Paroclri
1941 1167 2093 1237 autem

582 1317 598 1354 ι
640 1302 818 1362 necesse
852 1273 1019 1360 habent
1052 1271 1108 1360 de
1141 1269 1314 1360 damnis
1348 1269 1600 1358 huiusmodi
1636 1299 1821 1386 sponsos
1872 1271 2095 1362 certiores

582 1439 599 1478 «
642 1395 812 1486 lacere:
841 1394 973 1514 idque
997 1395 1130 1512 exigit
1153 1393 1299 1511 (quoad
1325 1392 1583 1509 temporalia
1605 1393 1777 1494 caritas,
1806 1393 1973 1512 quoad
2003 1397 2094 1512 spi-

582 1564 597 1598 «
639 1518 811 1608 ritualia
847 1519 1032 1636 pastoris
1079 1515 1285 1605 cilicium.
1326 1517 1561 1635 Amplius:
1597 1547 1752 1606 curare
1785 1515 1997 1620 debent,
2038 1535 2085 1606 ut

579 1685 596 1722 r
638 1641 851 1730 solemnia
887 1641 1134 1730 huiusmodi
1172 1641 1505 1758 impleantur».

697 1767 861 1854 Harum
895 1782 1012 1852 certe
1060 1763 1391 1854 solemnitatum
1437 1762 1719 1850 observantia
1770 1763 1814 1850 in
1865 1763 2085 1882 pluribus

572 1887 916 2010 provincialibus
950 1888 1142 2006 Synodis
1175 1886 1413 2006 aliquando
1446 1886 1609 1974 diserto
1649 1887 1951 2002 permittit-ur,
1992 1919 2085 1978 sae-

571 2014 668 2133 pius
693 2042 794 2098 vcro
817 2009 1009 2100 districte
1029 2013 1313 2132 praecipitur.
1341 2013 1484 2098 Unum
1510 2011 1790 2128 alterumque
1814 2012 2085 2128 exemplum

569 2137 773 2251 seligam.
809 2135 856 2220 ln
892 2139 1024 2224 Conc.
1069 2138 1267 2250 provinc.
1306 2138 1627 2252 Nengranaton.
1664 2133 1769 2220 anni
1818 2135 1947 2222 1868
2001 2137 2086 2224 sub

570 2260 748 2351 decreto
781 2257 837 2344 de
857 2259 1052 2346 matrim.
1094 2261 1352 2372 «Quamvis
1384 2273 1706 2346 sacramentum
1743 2256 2085 2347 interclrristia·

576 2423 593 2460 ι
638 2412 714 2469 nos
747 2415 771 2468 a
804 2379 951 2468 valido
985 2396 1208 2470 contractu
1246 2411 1488 2501 numquam
1523 2397 1776 2497 separatur,
1814 2382 1874 2468 ob
1925 2381 2080 2500 legum

580 2547 597 2584 «
639 2503 920 2592 nibilominus
954 2507 1256 2594 necessitatem
1291 2522 1334 2592 et
1383 2505 1440 2594 ad
1486 2504 1609 2619 plura
1661 2505 1777 2592 mala
1825 2505 2076 2609 evitanda,

583 2669 600 2708 ι
641 2657 757 2745 quae
791 2627 1017 2715 lrominum
1052 2628 1215 2718 malitia
1239 2627 1508 2748 quandoque
1541 2627 1719 2714 evenire
1742 2645 1941 2746 possent,
1972 2659 2077 2745 per·

588 2792 605 2828 «
647 2749 833 2838 mittitur
864 2752 1048 2866 sponsis,
1070 2767 1132 2852 ut,
1161 2753 1323 2840 ubiles
1347 2753 1643 2871 vigct‚coram
1668 2750 1786 2840 civili
1811 2753 2074 2870 magistratu

581 2917 597 2952 ι
636 2871 773 2960 civilis
807 2873 1013 2961 connubii
1049 2891 1191 2964 actum
1227 2875 1427 2963 emittant
1453 2913 1492 2962 ι.
1530 2877 1727 2966 lnConc.
1757 2903 1880 2991 pror.
1905 2875 2075 2963 Bituri-

571 3028 670 3088 cen.
709 2997 831 3085 t850
863 2997 981 3086 decr.
1029 2997 1085 3086 de
1122 2999 1312 3087 matrim.
1357 3041 1373 3076 ι
1411 2997 1674 3088 :Tandem
1709 2998 1945 3088 attendant
1982 3031 2074 3115 pa-

575 3161 592 3198 «
634 3118 753 3209 roclri
789 3118 844 3208 ad
877 3149 959 3222 ea,
998 3153 1110 3242 quac
1161 3123 1256 3237 lege
1288 3123 1498 3212 saeculari
1548 3123 1819 3238 praescripta
1868 3121 2072 3230 suntad

576 3285 591 3320 ι
631 3256 906 3332 contractum
943 3244 1330 3350 matrimonialem,
1355 3277 1409 3334 ne
1445 3245 1785 3334 matrimonium
1819 3263 1971 3333 careat
2006 3243 2069 3332 of·

565 3406 582 3445 r
622 3364 805 3455 lectibus
838 3365 1094 3456 civilibus:
1122 3411 1161 3456 ·.
1201 3372 1399 3458 lnCone.
1441 3399 1565 3487 prov.
1603 3367 1888 3488 Burdigalcn.
1931 3367 2060 3458 t850

561 3489 941 3580 decretmatrim.
983 3493 1083 3580 «Ne
1121 3492 1450 3580 matrimonium
1485 3491 1716 3581 effectibus
1752 3491 1956 3580 civilibus
1993 3524 2064 3581 ca-

567 3653 584 3690 ·
625 3630 733 3715 reat,
763 3611 964 3701 volumus
999 3630 1045 3701 nt
1063 3645 1113 3702 eo
1132 3615 1280 3703 omnia
1297 3632 1542 3718 serventur,
1565 3644 1683 3732 quae
1702 3615 1769 3704 lex
1793 3644 1940 3702 curam
1970 3647 2064 3706 ma-

442 3819 444 3830 ,
568 3778 585 3814 ι
623 3737 805 3858 gistratn
844 3734 935 3823 fieri
971 3737 1214 3856 praecipit;
1253 3740 1452 3856 parochis
1485 3755 1633 3828 tameo
1667 3737 2054 3842 commendantes,

567 3897 584 3935 ο
626 3875 671 3948 ut
694 3855 884 3976 publicis
911 3875 954 3946 et
981 3862 1161 3978 privatis
1195 3862 1533 3965 monitionibus
1567 3861 1689 3950 omni
1724 3893 1807 3982 ope
1841 3877 1886 3950 et
1919 3893 2060 3980 opera

568 4021 584 4058 ο
625 3980 776 4071 lideles
810 3997 1010 4071 avertant
1059 3983 1117 4071 ab
1167 3981 1361 4074 ineundo
1404 4003 1686 4105 praemature
1729 4004 1773 4074 ct
1813 3985 2057 4100 periculose

567 4144 583 4180 ι
624 4121 719 4191 actu
773 4101 847 4188 illo
889 4104 1009 4194 civili
1043 4122 1145 4194 aute
1177 4106 1324 4213 diem,
1352 4140 1439 4228 quo
1473 4109 1655 4228 nuptiae
1688 4137 1836 4199 coram
1861 4109 2051 4198 Ecclesia

566 4266 583 4304 ι
623 4243 723 4315 sunt
773 4224 1128 4317 celebrandae».

683 4347 925 4468 Specialem
949 4350 1128 4441 tandem
1153 4355 1422 4442 mentionem
1442 4371 1636 4444 meretur
1667 4357 1914 4446 Concilium
1946 4358 2051 4444 Pro·

562 4471 1382 4594 vinrialellotlromagcuann.l850,in
1398 4508 1486 4596 quo
1504 4479 1565 4568 sic
1581 4479 1868 4570 constitutum
1886 4479 2047 4569 lucrat.

564 4597 646 4682 :A
666 4595 784 4684 trullo
807 4599 1121 4686 matrimonium
1139 4599 1457 4688 ecclesiasticum
1479 4600 1830 4721 celabr·etur,qtn‘n
1855 4603 1906 4691 de
1927 4601 2050 4690 ciuili

558 4719 810 4808 constiterit.
831 4719 997 4831 :Quid
1030 4721 1089 4810 de
1123 4720 1204 4810 lroc
1236 4723 1420 4814 articulo
1452 4724 1735 4815 Consultores
1760 4727 1930 4845 opinati
1956 4725 2047 4814 lue·

558 4840 665 4944 rint,
706 4845 805 4934 Sac.
844 4843 925 4928 ΕΕ.
963 4845 1048 4932 ΡΡ.
1101 4845 1394 4965 congregatio
1427 4845 1707 4954 iudicaverit,
1743 4881 1793 4940 ac
1835 4852 2045 4942 Summus

558 4963 764 5053 Pontifex
780 4965 1043 5066 decreverit,
1072 4983 1192 5084 patet
1215 4999 1268 5056 ex
1291 4969 1538 5088 insequenti
1552 4971 1783 5061 Secretarii
1809 4964 2055 5074 relationes

557 5117 675 5206 quae
711 5105 874 5204 prostat
909 5085 950 5176 in
987 5089 1109 5180 actis,
1150 5093 1492 5182 «Arvertirono
1527 5093 1539 5180 i
1572 5095 1820 5184 Consultori
1854 5095 1895 5185 al
1947 5125 2044 5186 caso

564 5249 581 5288 ι
621 5208 693 5298 del
728 5211 1009 5308 matrimonio
1042 5227 1282 5332 segreto,e
1317 5217 1463 5334 perciti
1496 5216 1861 5334 opinarono‚.che
1894 5219 1930 5308 si
1969 5249 2046 5338 po·

566 5371 583 5410 ι
624 5361 801 5423 cessero
833 5333 951 5453 dopo
986 5335 1025 5423 le
1059 5337 1217 5454 parole.
1240 5371 1267 5426 a
1298 5339 1432 5446 nullo,
1454 5341 1951 5431 l’avverbioordinoric.
1979 5345 2044 5431 lla

563 5495 581 5538 ι
620 5454 678 5574 gli
713 5455 810 5548 cni
843 5457 1096 5564 Cardinnli,
1136 5460 1334 5552 sebbeae
1371 5459 1590 5553 lodasscro
1624 5465 1666 5554 la
1701 5465 1921 5588 diligenca
1965 5464 2039 5558 dei
