4350 6326
523 347 616 438 498
947 345 1030 432 Die
1060 343 1121 430 20
1153 343 1402 458 Septembris
1438 342 1574 430 4879.
2066 453 2078 470 ι

518 483 567 558 ut
598 464 743 558 elerici
776 465 855 554 hac
887 495 965 582 spe
999 464 1141 555 allecti
1176 465 1354 555 assiduo
1387 463 1533 554 studio
1567 492 1789 552 sacrarum
1807 463 2029 553 scientia-

519 621 617 681 rum
652 618 830 704 operam
879 604 1107 690 navarent,
1156 587 1291 676 etita
1339 603 1480 677 semet
1530 585 1726 675 utiliores
1764 587 2026 676 redderent

517 715 561 800 in
597 711 777 828 proprio
810 709 1072 799 sacerdotali
1106 709 1352 798 ministerio
1386 707 1648 798 exercendo.
1671 711 1733 796 Ex
1755 738 1843 826 quo
1864 737 2024 826 neque

518 833 748 926 deseendit
796 835 1070 948 primaevum
1104 831 1334 921 Paroeciae
1377 847 1538 920 statum
1582 843 1801 918 mutatum
1849 828 2011 936 luisse,

519 986 663 1073 neque
697 985 775 1072 per
806 954 1040 1072 Episcopos
1073 951 1166 1042 fieri
1203 983 1329 1070 posse
1363 969 1410 1041 ut
1444 953 1536 1069 ipse
1569 953 1863 1042 mutationem
1917 985 2014 1071 pa-

523 1091 701 1172 teretur.
739 1079 788 1164 ln
823 1075 935 1164 lacto
968 1093 1116 1166 autern
1149 1075 1332 1165 sustinet
1365 1075 1482 1195 quod
1521 1075 1669 1162 nullus
1702 1104 1755 1162 ex
1799 1074 1927 1164 Claro
1963 1105 2017 1162 se

521 1199 756 1290 immiscuit
791 1227 1000 1317 umquam
1036 1199 1079 1286 in
1114 1197 1322 1286 exercitio
1356 1196 1609 1314 parochiali,
1663 1227 1744 1284 nec
1795 1227 2013 1318 umquam

520 1323 675 1442 aliquis
709 1317 962 1410 adiumento
996 1319 1079 1408 luit
1112 1320 1307 1410 Parocho
1342 1321 1385 1406 in
1419 1319 1626 1408 exercitio
1660 1321 1802 1410 Curae
1836 1319 2010 1406 anima-

520 1475 636 1544 rum,
678 1459 724 1530 ut
756 1443 991 1560 Episcopus
1025 1443 1069 1531 in
1102 1473 1181 1530 sua
1213 1440 1426 1531 relatione
1459 1441 1705 1530 confirmat.

362 1567 365 1574 ⁴
646 1566 877 1683 Minusque
910 1565 1050 1654 iuvari
1083 1564 1236 1656 subdit
1270 1564 1520 1681 Capitulum
1553 1596 1608 1652 ex
1639 1562 1776 1652 literis
1798 1563 2004 1680 Episcopi

520 1686 830 1780 demandantis
862 1685 1122 1776 solutionem
1145 1717 1364 1806 congruae
1387 1686 1535 1775 lavore
1556 1683 1795 1776 Oeconomi
1819 1685 2008 1774 Guarini

520 1809 657 1898 literis
690 1807 779 1898 diei
814 1809 872 1896 ’12
905 1809 1003 1898 ΙιιΙίἰ
1038 1828 1081 1898 et
1113 1808 1438 1926 bSeptembris
1462 1809 1584 1897 4854
1607 1808 1648 1894 in
1672 1805 1837 1926 quibus
1861 1837 2004 1895 enun-

521 1931 606 2021 ciat
640 1963 790 2020 curam
825 1931 1093 2020 habitualem
1128 1962 1221 2020 osse
1255 1961 1389 2048 penes
1431 1930 1701 2047 Capitulum.
1757 1932 1819 2016 Ex
1862 1931 2009 2019 minus

521 2069 638 2142 recta
669 2055 964 2171 expressione,
1002 2085 1134 2172 quam
1171 2054 1403 2172 Episcopus
1435 2053 1656 2156 adhibuit,
1684 2069 1733 2142 ut
1755 2050 2007 2168 Capitulum

518 2175 802 2292 compelleret
824 2175 880 2263 ad
898 2175 1154 2266 solvendam
1178 2177 1429 2265 Oeconomo
1452 2175 1636 2264 Guarini
1654 2203 1891 2292 congruam
1924 2175 2006 2290 ipsi

520 2297 717 2388 debitam
751 2331 775 2385 a
808 2297 1010 2414 Capitulo
1043 2298 1164 2416 quod
1212 2295 1448 2387 vacationis
1499 2315 1697 2416 tempore
1742 2297 2005 2414 paroecialia

517 2419 639 2508 hona
673 2418 959 2524 administrat,
997 2419 1116 2509 haud
1149 2418 1432 2508 ineluctabile
1480 2419 1648 2508 eruitur
1697 2435 2006 2536 argumentum

490 2541 611 2639 ,sive
644 2540 701 2630 ad
734 2541 1050 2633 ostendendam
1085 2541 1434 2631 habitualitatem
1484 2571 1614 2630 curae
1664 2543 1912 2630 animarum
1964 2542 2005 2630 in

520 2663 721 2780 Capitulo
756 2663 962 2769 residere,
999 2665 1091 2754 sive
1125 2663 1181 2754 ad
1215 2662 1476 2753 variandam
1510 2663 1740 2753 Paroeeiae
1774 2663 2003 2780 ipsiusne·

525 2803 687 2875 turam.

644 2905 776 3020 Quod
808 2907 842 2995 si
868 2907 910 2995 in
928 2908 1098 3027 perdita
1122 2907 1349 3026 hypothesi
1372 2905 1476 3026 fingi
1499 2907 1604 2996 velit
1626 2907 1827 3024 Capitulo
1863 2907 2003 2998 inesse

520 3027 794 3118 habitualem
828 3059 995 3135 curam,
1033 3062 1087 3120 ex
1121 3031 1203 3119 hoc
1236 3047 1385 3120 tamen
1425 3029 1544 3119 haud
1592 3029 1880 3119 descenderet
1927 3031 1999 3121 Vi-

518 3151 685 3240 carium
721 3154 933 3242 Curatum
968 3154 1010 3242 in
1045 3151 1294 3271 praesentia
1337 3151 1527 3269 Capituli
1575 3151 1778 3240 amittere
1830 3151 1895 3240 ius
1936 3152 2000 3240 in·

519 3272 685 3362 duendi
718 3273 873 3364 stolam
908 3277 951 3364 in
986 3275 1263 3366 Cadaverum
1294 3274 1577 3364 associatione
1610 3273 1780 3392 illisque
1822 3275 2002 3364 benedi·
2155 3285 2156 3298 '

519 3395 648 3484 cendi
681 3428 729 3486 ae
762 3395 846 3486 alia
879 3429 1012 3517 super
1045 3397 1136 3517 ipsa
1158 3397 1366 3516 explendi
1389 3397 1508 3486 iuxta
1530 3393 1706 3486 Rituale
1727 3398 1996 3484 Romanum.

519 3517 650 3630 Quod
683 3519 842 3634 probat
874 3522 1080 3638 exemplo
1102 3521 1247 3624 Urbis,
1288 3519 1366 3608 uhi
1399 3549 1551 3608 omnes
1584 3518 1651 3606 isti
1675 3533 1795 3607 actus
1816 3519 2002 3636 explenv

519 3655 588 3728 tur
621 3673 645 3730 a
681 3641 852 3731 Vicario
885 3644 1062 3748 Curato,
1099 3641 1293 3732 subdens
1325 3673 1372 3730 se
1406 3671 1647 3761 numquam
1682 3640 1906 3730 audivisse
1931 3644 1996 3730 vel

516 3761 678 3852 vidisse
712 3763 903 3882 aliquam
929 3765 1201 3884 Dignitatem
1246 3763 1316 3852 vel
1363 3764 1631 3853 Canonicum
1673 3766 1998 3883 praesumpisse
2154 3835 2155 3860 ι

518 3883 619 3971 talia
652 3885 744 3973 iura
778 3917 983 3976 exercere
1015 3890 1058 3975 in
1093 3885 1409 4005 praeiudicium
1445 3887 1605 3976 Vicarii
1638 3885 1802 3989 Curati,
1857 3902 1902 3974 et
1959 3889 2001 3976 in
2154 3947 2155 3966 ,

518 4005 664 4122 specie
696 4037 937 4125 numquam
983 4009 1142 4099 vidisse
1188 4009 1455 4100 Canonicum
1506 4010 1741 4098 Vaticanae
1790 4010 2001 4098 basilicae

518 4126 672 4214 stolam
708 4128 905 4235 induere,
951 4131 1229 4236 benedicere,
1286 4147 1566 4250 caeterosque
1616 4131 1846 4220 absolvere
1893 4133 2001 4224 ritus

517 4279 652 4366 super
684 4251 911 4356 Cadaver,
961 4285 1039 4342 eeu
1074 4253 1281 4344 adversus
1315 4255 1360 4342 in
1395 4286 1475 4344 sua
1509 4255 1770 4372 allegatione
1804 4251 1999 4344 affirma·-

521 4370 597 4460 bat
630 4373 804 4462 Orator.
864 4399 868 4404 ·

642 4498 693 4582 Et
727 4497 821 4585 iure
854 4496 1029 4587 merito.
1066 4499 1126 4586 Eo
1160 4498 1281 4589 enim
1316 4498 1408 4618 ipso
1442 4529 1529 4616 quo
1577 4498 1674 4617 quis
1723 4499 1999 4590 constituitur

518 4615 730 4722 Vicarius,
767 4617 839 4706 vel
871 4621 1146 4710 Oeconomus
1180 4621 1314 4711 dehet
1348 4651 1433 4708 non
1467 4620 1607 4708 solum
1630 4652 1708 4710 suo
1730 4622 1893 4739 populo
1917 4623 2001 4714 ad-

517 4739 764 4830 ministrare
796 4742 1093 4848 Sacramenta,
1140 4743 1218 4834 sed
1264 4775 1316 4834 ea
1359 4743 1491 4832 etiam
1537 4773 1652 4861 quae
1705 4773 1760 4831 ex
1793 4776 1874 4832 suo
1912 4775 2003 4834 mu·

520 4890 626 4954 nere
659 4864 763 4978 ipsis
795 4866 1073 4955 sacramentis
1105 4881 1208 4956 sunt
1238 4865 1407 4955 adnexa
1441 4865 1607 4955 ratione
1641 4865 1836 4954 exercitii
1869 4899 1998 4957 curae

520 4983 783 5073 animarum.
820 4985 908 5075 Sed
940 4985 1128 5078 officium
1178 4986 1340 5078 luneris
1390 5005 1434 5077 et
1482 4987 1801 5078 administratio
1848 4990 1999 5080 Sacra-

519 5122 773 5194 mentorum
822 5107 880 5196 ad
928 5109 1115 5200 invicem
1150 5111 1320 5200 adnexa
1362 5127 1477 5198 sunt.
1520 5113 1800 5204 Sacramenta
1850 5129 1998 5202 autem

514 5224 609 5314 sive
641 5226 698 5316 ad
730 5229 989 5335 Parochum,
1028 5235 1098 5323 vel
1133 5232 1475 5336 Viearium‚.vel
1509 5234 1812 5322 Oeconomum
1865 5235 1990 5323 mini-

513 5361 648 5437 strare
681 5367 862 5564 sgqctat.
880 5355 989 5475 Ergo
1012 5372 1057 5444 et
1078 5355 1223 5448 eidem
1257 5355 1473 5446 incumbit
1506 5356 1569 5444 ius
1592 5353 1777 5446 officium
1803 5357 1983 5448 funebre

517 5499 708 5589 peragen
744 5508 774 5564 1.
