4446 6330
629 366 714 452 Ilia
743 363 805 454 25
839 367 1034 454 Ianuarii
1067 366 1206 456 l879.
1338 467 1341 478 Ι
1605 372 1663 464 17

176 489 371 585 numeris
409 489 457 594 2,
484 491 512 578 3
540 491 630 578 etl
654 489 984 608 respondentia,
1020 521 1129 624 Pagi
1151 491 1244 578 473
1276 519 1393 612 quae
1430 491 1487 582 ita
1520 525 1565 587 se
1589 500 1666 590 ba·

179 619 483 824 bem:12⁰ln
518 735 801 826 conficiendis
841 735 1116 856 processibus
1164 735 1563 833 matrimonialibus
1613 747 1673 835 ri-

167 879 199 944 ῑ
235 859 337 980 gide
350 859 734 950 servandaessoea
747 859 895 949 omnia
911 889 1026 978 quae
1037 860 1536 981 praescriptababentor
1553 869 1667 961 aSa·

182 1028 198 1066 ι
236 983 320 1073 cris
346 982 626 1086 canonibus,
676 984 933 1101 praesertim
975 1012 1081 1070 vero
1114 1015 1139 1072 a
1171 983 1493 1075 Constitutione
1524 990 1571 1081 S.
1609 996 1686 1082 ll(

184 1149 200 1186 ι
239 1103 470 1194 Benedicti
502 1108 605 1195 XlV
638 1106 722 1194 Dei
755 1105 1038 1210 Miserotioac,
1077 1139 1127 1196 ae
1159 1109 1215 1196 ab
1239 1105 1521 1199 instructione
1542 1115 1588 1206 S.
1614 1118 1664 1208 C;

180 1271 196 1312 ι
235 1228 421 1321 Consilii
451 1229 526 1320 die
548 1231 610 1319 20
633 1231 819 1348 Augusti
853 1231 990 1332 tuto,
1018 1260 1157 1334 secus,
1183 1231 1216 1319 si
1243 1261 1403 1348 nempe
1426 1233 1574 1353 aliqua
1597 1269 1669 1327 so-

185 1396 200 1434 ·
239 1353 447 1442 lemuitas
480 1353 741 1472 negligatur,
779 1353 1067 1472 processualia
1102 1371 1195 1442 acta
1231 1353 1442 1444 nullitatis
1475 1361 1672 1450 accusari

183 1517 199 1558 ι
239 1506 410 1688 posse&
445 1599 698 1719 Aliquando
732 1615 877 1688 tamen
912 1599 1207 1716 Apostolicam
1240 1599 1401 1690 Sedem
1426 1633 1559 1720 super
1592 1605 1670 1694 ltu·

26 1711 28 1714 ⁵
184 1765 200 1805 ι
238 1721 427 1812 iusmodi
462 1722 814 1812 solemnitatibus
835 1721 1106 1839 dispensare,
1133 1721 1376 1812 dummodo
1403 1743 1550 1815 tamen
1575 1759 1672 1845 grau

182 1887 198 1926 ι
236 1846 444 1934 vissimae
477 1845 624 1935 adsint
657 1862 999 1964 caussamque
1044 1846 1239 1936 delectus
1284 1847 1325 1932 iu
1366 1878 1568 1963 processu
1604 1883 1672 1940 oc·

181 2009 198 2050 ι
236 1985 462 2058 currentes
495 1969 714 2059 eiusmodi
747 1999 834 2057 non
868 1969 972 2072 siut,
1009 1985 1055 2056 ut
1091 1969 1318 2060 veritatem
1351 1970 1498 2088 aliquo
1531 1973 1669 2063 modo

183 2134 199 2172 ι
235 2092 405 2212 possint
437 2091 676 2210 impedire.
1668 2141 1670 2146 ,

304 2256 321 2294 ι
362 2217 410 2302 7⁰
443 2217 554 2304 llinc
586 2215 785 2304 concludi
828 2215 1126 2332 Apostolicam
1168 2215 1352 2320 Sedem,
1391 2217 1662 2334 gravissimis

182 2378 197 2416 ι
236 2341 575 2428 occurrentibus
607 2340 776 2442 causis,
814 2369 864 2426 ac
905 2339 1163 2454 praesertim
1205 2339 1239 2428 si
1284 2339 1410 2430 aliter
1447 2339 1542 2430 fieri
1583 2371 1670 2430 non

180 2501 197 2542 ι
232 2463 386 2582 possit,
423 2463 679 2582 dispensare
697 2463 755 2550 ab
783 2461 835 2550 iis
872 2457 1221 2550 solemnitatibus
1255 2485 1480 2579 processus
1515 2465 1666 2554 matri·

181 2626 196 2662 e
233 2584 458 2690 monialis,
495 2617 610 2705 qnae
633 2587 696 2676 rei
719 2585 1009 2674 substantiam
1033 2585 1220 2674 minime
1238 2583 1443 2690 afficiunt,
1467 2619 1517 2677 ac
1539 2589 1671 2677 dum-

181 2749 198 2786 ·
237 2709 373 2798 modo
405 2710 493 2798 alio
528 2723 670 2826 pacto,
708 2709 763 2797 de
798 2709 860 2797 rei
895 2707 1081 2798 veritate
1128 2707 1432 2799 indubitanter
1471 2727 1671 2800 constare

181 2873 196 2910 ι
270 2834 435 2921 ussit.»

237 2866 267 2951 p
301 2958 352 3042 Et
386 2985 558 3060 revera,
596 2955 939 3046 Constitutioues
973 2955 1226 3045 Pontificiae
1249 2956 1328 3044 bac
1351 2983 1484 3072 super
1507 2987 1552 3046 re
1577 2956 1671 3046 edi·

174 3093 244 3168 tae
276 3095 451 3199 partem
503 3077 827 3198 disciplinarem
871 3079 1129 3197 respiciunt,
1167 3110 1218 3167 ae
1256 3079 1444 3195 proinde
1481 3081 1670 3188 subsunt

181 3201 430 3290 auctoritati
464 3215 508 3290 et
529 3203 732 3318 potestati
760 3231 993 3320 supremae
1030 3203 1214 3294 Romani
1243 3202 1482 3308 Pontibus
1525 3205 1585 3292 ita
1622 3217 1671 3290 ut

176 3341 223 3412 et
259 3325 501 3414 radicaliter
532 3325 791 3432 modificari,
829 3325 1069 3428 immutari,
1091 3343 1134 3414 et
1157 3326 1201 3414 in
1233 3325 1405 3414 casibus
1440 3325 1674 3446 particula-

175 3447 304 3536 ribus
335 3448 581 3566 dispeusari
604 3449 777 3570 abipso
808 3451 992 3540 Summo
1016 3447 1243 3553 Pontillre,
1267 3479 1351 3568 pro
1374 3465 1555 3567 tempore
1576 3448 1669 3538 exi-

174 3571 306 3660 stenti
340 3570 642 3662 indubitanter
674 3591 872 3691 possunt.

303 3697 446 3804 Posita
480 3727 584 3814 ergo
610 3698 668 3785 4⁸⁰
690 3697 997 3814 propositionis
1031 3695 1232 3798 veritate,
1270 3692 1392 3815 quod
1424 3725 1586 3813 nempe
1611 3725 1671 3784 ex

175 3817 345 3908 actibus
377 3819 740 3938 processualibus‚
777 3822 920 3938 prouti
950 3820 1315 3926 babentur‚satis
1348 3819 1527 3908 abunde
1560 3849 1666 3906 cou-

175 3957 275 4046 stet,
313 3944 436 4062 qnod
474 3943 799 4032 Matrimonium
830 3944 943 4032 inter
975 3943 1252 4032 Francisoum
1286 3957 1330 4029 et
1365 3941 1668 4032 Violantiuam
1826 3945 1830 3950 ’

175 4066 447 4154 celebratum
481 4067 632 4154 Rotam
663 4067 891 4158 dumtaxat
928 4065 1203 4174 remanserit,
1240 4083 1398 4184 sponte
1428 4065 1540 4171 fluit,
1669 4105 1672 4120 ·

252 4261 256 4267 .
299 4192 347 4278 2.
383 4188 649 4308 Propositio.
687 4193 913 4280 Romanus
933 4191 1148 4294 Pontilex,
1176 4204 1333 4308 potest,
1360 4214 1566 4308 suprema
1588 4219 1666 4278 sua

175 4314 439 4404 auctoritate
474 4333 763 4431 ntens‚super
800 4313 1045 4404 delectibus
1077 4341 1303 4430 processus
1334 4312 1669 4402 CuriaeAlbiu·

175 4467 336 4552 ganeo.
375 4437 646 4555 dispensare,
672 4439 809 4524 immo
843 4437 1095 4529 huiusmodi
1118 4435 1390 4553 dispensatio
1411 4433 1543 4526 valde
1564 4465 1670 4524 con-

166 4591 283 4676 ·grua
319 4591 369 4649 ae
389 4561 505 4650 utilis
532 4561 577 4650 in
594 4591 694 4650 casu
727 4560 960 4652 retinenda
977 4577 1060 4667 est,
1085 4560 1147 4648 uti
1169 4558 1452 4664 exdiceudis,
1479 4559 1589 4648 dum
1613 4557 1673 4646 de

176 4685 316 4772 camis
344 4681 401 4772 ad
436 4681 726 4772 obtinendam
769 4684 1142 4802 dispensationem
1189 4682 1273 4768 erit
1309 4691 1469 4786 sermo,
1506 4679 1667 4769 melius

176 4805 429 4922 apparebit.
465 4809 611 4899 Posito
642 4823 830 4914 autem,
864 4807 985 4928 quod
1019 4806 1243 4898 moraliter
1280 4819 1451 4892 certum
1495 4805 1564 4909 sit,
1603 4799 1668 4892 uti

175 4957 347 5033 revera,
375 4933 530 5019 saltem
565 4931 874 5036 meoiudicio,
917 4939 1086 5020 certum
1121 4947 1202 5033 est,
1240 4925 1569 5020 matrimonium
1606 4926 1666 5016 de

175 5079 262 5167 quo
297 5051 459 5170 agitur,
495 5071 852 5146 consummatum
873 5085 961 5144 nou
985 5053 1131 5156 luisse,
1157 5048 1566 5160 dubitari''minime
1589 5079 1670 5167 po·

175 5187 273 5274 test,
311 5177 561 5266 Romanum
607 5175 865 5278 Pontificem
914 5177 1027 5265 illud
1074 5177 1312 5266 dissolvere
1346 5203 1473 5292 posse
1518 5170 1673 5292 q‘uuad*

179 5293 429 5406 vinculum,
468 5303 529 5390 ita
563 5318 612 5390 ut
646 5301 791 5420 spousi
824 5300 953 5390 liberi
975 5299 1155 5390 omnino
1177 5313 1390 5386 maneant
1422 5295 1544 5386 etad
1568 5297 1673 5387 alias
1744 5397 1746 5403 ,

176 5418 212 5504 si
248 5421 387 5512 velint
420 5425 593 5544 nuptias
617 5429 821 5528 transire
847 5423 1034 5544 possint.
1070 5423 1127 5510 Ut
1160 5420 1278 5510 euim
1312 5421 1400 5510 iam
1451 5449 1527 5511 suo
1562 5439 1673 5510 tem·

180 5571 292 5658 pore
334 5547 556 5639 scribebat
605 5548 767 5640 iterum
800 5579 932 5672 supra
964 5547 1121 5638 citatus
1154 5545 1332 5636 (luscius
1362 5544 1407 5632 in
1440 5541 1559 5636 dicto
1592 5541 1680 5633 sno.
