4460 6332
524 283 616 376 460
948 287 1032 400 Die
1064 287 1125 376 20
1156 285 1405 402 Septembris
1439 287 1577 378 4879.

1233 535 1309 622 lll.

649 783 759 872 Cum
794 777 926 898 igitur
954 777 1011 868 de
1043 776 1247 868 affinitate
1280 794 1464 884 constet,
1492 806 1670 866 omnem
1708 773 1832 862 item
1872 768 2037 858 relaxa-

529 904 691 992 tionem
722 899 927 1002 defuisse,
965 901 1073 990 mihi
1108 901 1286 992 videtur
1318 899 1598 992 incredibile.
1635 901 1791 1016 Atque
1832 895 1880 980 in
1922 892 2036 1008 prio-

528 1027 652 1114 ribus
687 1023 859 1112 iudiciis
893 1023 1055 1114 nullarn
1091 1026 1147 1113 de
1180 1024 1259 1114 liae
1293 1057 1339 1114 re
1375 1023 1703 1144 inquisitionem
1738 1017 1918 1108 laetam
1951 1047 2036 1104 esse

528 1149 680 1238 miror.
717 1146 833 1236 Nulli
867 1161 995 1236 testes
1030 1147 1071 1234 in
1107 1147 1173 1235 ius
1209 1147 1370 1260 vocati:
1399 1179 1486 1236 non
1508 1143 1763 1264 propinqui,
1800 1170 1901 1228 non
1929 1139 2035 1226 ami-

527 1271 566 1362 ci
589 1284 633 1360 et
666 1267 813 1374 vicini,
857 1269 999 1387 etqui
1034 1285 1160 1360 testes
1194 1269 1474 1360 matrimonio
1507 1267 1743 1358 Salvatoris
1779 1279 1831 1351 et
1868 1265 2032 1348 Petro-

528 1394 661 1482 nillae
694 1389 944 1496 adluerunt;
968 1391 1216 1482 defensores
1250 1423 1304 1480 an
1339 1393 1447 1514 quid
1480 1389 1908 1508 proposuerint,'an
1934 1383 2037 1502 quid

528 1515 715 1636 egerint,
744 1545 922 1630 prorsus
946 1545 1031 1602 non
1051 1531 1249 1632 apparet.
1278 1517 1421 1604 Unum
1447 1513 1643 1632 intelligo
1674 1543 1727 1600 ex
1761 1509 1918 1630 ipsius
1943 1536 2035 1594 sen-

530 1636 691 1728 tentiae
727 1637 890 1742 verbis,
927 1637 1199 1730 Salvatorem
1223 1639 1378 1756 Grippi
1397 1639 1464 1761 (l)
1495 1681 1511 1716 ι
1541 1635 1678 1728 semel
1701 1650 1846 1754 atque
1873 1631 2031 1718 iterum

534 1803 551 1841 a
591 1776 789 1876 rogatum
830 1757 886 1848 de
919 1759 1248 1878 dispensatione
1282 1763 1339 1848 ab
1373 1761 1627 1852 huiusmodi
1674 1751 1911 1844 affinitatis
1947 1752 2032 1840 im-

532 1925 549 1963 «
591 1879 846 2000 pcdirnento
874 1883 1081 2000 petenda,
1105 1913 1335 2006 nunquam
1357 1885 1629 2004 acquiescere
1658 1878 1857 1968 voluisse
1880 1917 1927 1962 a.
1954 1875 2035 1964 Nec

526 2007 690 2095 mirum
723 2035 821 2093 cum
865 2005 1024 2094 mulier
1047 2022 1227 2096 testetur
1260 2006 1327 2129 (2)
1367 2049 1384 2087 ι
1426 2007 1568 2096 virum
1604 2033 1718 2092 rrurrc
1752 1997 1950 2090 tandem
1981 1997 2031 2084 dc

535 2171 550 2207 ι
589 2127 805 2217 solvendo
838 2129 1038 2248 coniugio
1072 2129 1295 2247 cogitasse,
1334 2127 1479 2250 deque
1512 2129 1606 2246 ipsa
1628 2119 2030 2242 relinquendami·

534 2293 550 2330 a
589 2250 713 2338 seriis
749 2251 939 2356 obruta,
993 2253 1078 2338 iam
1116 2253 1277 2354 vetula,
1315 2271 1358 2339 et
1392 2268 1620 2372 postquam
1646 2248 1688 2336 vi
1719 2247 1947 2364 coegisset
1980 2241 2032 2332 ad

536 2415 551 2454 ι
592 2370 892 2463 venditionem
929 2373 1119 2464 duarum
1144 2373 1378 2464 domorum
1403 2405 1595 2476 suarum,
1634 2401 1731 2460 cum
1766 2367 1950 2458 occasio
1971 2363 2028 2451 illi

534 2541 550 2574 a
592 2494 739 2608 oblata
786 2514 849 2586 est
884 2527 1018 2586 novas
1049 2525 1149 2586 cum
1197 2498 1388 2615 quadam
1431 2497 1628 2586 florentis
1678 2493 1835 2582 aetatis
1884 2485 2027 2610 puella

535 2659 552 2694 ι
593 2617 770 2735 nuptias
805 2618 1153 2708 contrahendi.»

655 2740 823 2830 ludices
844 2773 947 2860 ergo
970 2741 1071 2830 satis
1096 2743 1362 2848 habuerunt,
1401 2741 1718 2834 cancellarium
1742 2735 2017 2854 Archiepisc.

530 2861 760 2982 protulisse
795 2862 1092 2954 testimonium
1115 2866 1160 2954 in
1176 2865 1282 2956 haec
1302 2868 1435 2956 verba
1455 2865 1541 2988 (3):
1564 2861 1735 2956 Nullum
1754 2859 2018 2976 Rescriptum

531 2983 860 3102 dispensationis
892 3019 918 3074 α
950 2987 1135 3104 Grippio
1166 3005 1205 3076 et
1238 2989 1480 3078 Petronillo
1510 2987 1641 3110 [uisse
1677 2981 1918 3073 exhibitum
1945 3009 2021 3098 pro

528 3109 798 3198 matrimonio
831 3109 1127 3199 contrahendo.
1154 3110 1321 3226 -Quid
1354 3111 1470 3200 siah
1504 3109 1588 3200 alio
1622 3107 1833 3228 quopiam
1872 3101 2021 3194 luisset

528 3230 809 3320 exhibitum?
843 3285 869 3302 -
901 3231 1068 3352 quidsi
1108 3267 1187 3352 pro
1211 3233 1492 3324 matrimonio
1520 3229 1765 3323 contracto?
1796 3277 1827 3294 -
1851 3233 2021 3316 Deessc

528 3385 707 3472 prorsus
739 3355 1016 3474 Rescriptum
1053 3356 1098 3446 in
1132 3356 1399 3448 Cancellaria
1433 3356 1661 3476 archiep„
1700 3383 1750 3442 en
1777 3345 2018 3442 verbami·

529 3476 649 3568 nime
682 3477 1001 3568 demonstrant.

652 3599 741 3691 Sed
773 3599 855 3706 lac,
892 3633 1067 3718 prorsus
1099 3602 1250 3692 deesse
1283 3618 1327 3692 et
1371 3603 1646 3720 Rescriptum
1687 3598 2008 3718 Apostolicum,

529 3735 573 3810 et
608 3721 828 3840 quidquid
852 3721 972 3812 aliud
1004 3723 1176 3814 adrem
1202 3739 1475 3842 praesentem
1511 3725 1653 3814 lacere
1688 3738 1849 3840 posset:
1877 3752 1932 3810 ea
1956 3732 2013 3804 ta·
2158 3715 2159 3798 f

529 3873 631 3932 men
667 3845 775 3932 ratio
810 3875 896 3934 non
930 3863 1093 3936 certam
1140 3847 1238 3936 lacit
1285 3845 1450 3952 fidem,
1489 3847 1573 3936 tale
1608 3845 1775 3966 aliquid
1808 3871 2015 3963 nunquam
2158 3859 2159 3868 ‘

529 3981 650 4054 autea
682 3965 890 4054 extitisse.
909 3967 1018 4082 Quis
1054 3969 1235 4088 ignorat,
1274 3999 1404 4086 saepe
1438 3969 1683 4075 evanuisse,
1722 3969 1779 4055 ab
1814 3962 2012 4056 archiviis

529 4085 788 4203 diplomata,
839 4091 932 4178 sive
970 4089 1216 4181 officialium
1262 4089 1576 4212 indiligentia,
1614 4094 1706 4181 sive
1751 4091 2012 4179 [amulorum

530 4213 794 4330 corruptela,
832 4213 1130 4333 pecuniaeque
1164 4213 1405 4304 illecebra?
1450 4215 1765 4334 lnquirendum
1799 4231 1892 4302 erat
1915 4245 1940 4299 a
1962 4225 2015 4298 te·

528 4333 685 4440 stibus,
726 4335 1042 4453 inquirendum
1077 4369 1101 4422 a
1137 4337 1411 4458 propinquis,
1448 4337 1671 4458 numquid
1705 4355 1805 4426 ante
1831 4339 1899 4424 vel
1922 4343 2014 4456 post

531 4455 865 4546 matrimonium
899 4460 957 4550 de
991 4459 1309 4580 impedimento
1341 4460 1559 4549 novissent
1582 4475 1657 4550 aut
1679 4457 1917 4564 audissent,
1939 4469 2010 4545 aut

531 4579 588 4670 de
621 4581 802 4670 obtenta
834 4581 927 4670 sive
960 4581 1200 4672 obtinenda
1235 4583 1577 4702 dispensatione.
1615 4585 1743 4673 Certe
1775 4583 1934 4671 mulier
1954 4577 2010 4668 ci·

529 4717 616 4792 tata
649 4731 735 4792 non
760 4703 915 4810 adluit,
945 4719 1090 4794 tamen
1124 4707 1287 4824 scripto
1320 4703 1550 4795 affirmavit
1567 4705 1634 4829 (4)
1662 4745 1677 4783 ι
1702 4705 1736 4794 si
1755 4721 1852 4826 post
1869 4699 2012 4794 matri·

536 4865 554 4906 ι
593 4825 716 4914 nium
753 4825 1125 4946 impedimentum
1158 4827 1482 4948 deprehensum
1516 4829 1584 4932 sit,
1613 4827 1741 4919 luisse
1772 4831 2005 4919 relaxatum

661 5189 728 5312 (l)
762 5189 890 5282 Proc.
916 5192 1000 5314 [ol.
1027 5193 1102 5283 l9.

681 5313 1110 5438 2)uu.pt2a

681 5437 728 5556 3)
763 5435 877 5526 [bid.
902 5439 984 5562 sol.
1013 5441 1088 5530 44.

663 5558 731 5680 (4)
764 5559 891 5648 Proc.
912 5561 994 5684 sol.
1021 5565 1098 5653 23.
