4446 6330
451 243 512 332 t0
908 241 992 330 Die
1021 240 1082 330 25
1115 239 1311 329 Ianuarii
1344 239 1484 330 t879.

451 365 564 456 cium
584 365 783 456 nnvv.
820 363 993 456 deierre
1026 395 1116 455 non
1149 363 1315 470 distuli3
1366 360 1573 452 omnibns
1623 357 1783 448 idcirco
1832 391 1963 480 per-

452 487 614 608 pensis,
651 517 768 608 qnae
801 504 895 578 tum
928 488 972 577 in
1008 505 1193 608 utroque
1224 488 1356 590 Voto,
1393 500 1488 574 tum
1512 481 1555 570 in
1576 479 1807 602 praedictis
1829 482 1968 574 Ani·-

453 611 837 703 madversionibns
878 611 974 702 luae
1012 611 1335 714 enucleantur,
1362 607 1602 728 dignentur
1623 632 1814 724 sequens
1834 637 1966 698 cno-

453 733 560 826 dare

1090 857 1308 944 nUntUtt

561 1105 651 1244 ‘An
694 1107 753 1194 sit
800 1103 1090 1194 consulendum
1138 1103 1265 1194 SSnso
1303 1135 1388 1222 pro
1437 1103 1744 1223 dispensatione
1792 1101 1960 1191 rnotrr'-

455 1227 589 1316 monti
619 1229 708 1317 rati
740 1244 778 1318 et
808 1259 891 1317 non
924 1228 1195 1317 consummati
1229 1230 1273 1316 in
1306 1259 1418 1316 casn.

585 1555 874 1648 affirmative.

580 2317 583 2324 «
774 2219 1094 2358 VOTUM
1131 2220 1601 2357 THEOLOGI

999 2519 1409 2571 -ψ-

726 2835 1058 2927 lt'minentissimi
1073 2871 1121 2928 oc
1154 2838 1504 2930 Reuerendinimi
1536 2841 1761 2958 Principes

590 3179 702 3372 lam
748 3280 807 3369 ah
850 3311 965 3372 anno
1010 3281 1132 3373 l872
1174 3285 1231 3375 ad
1263 3285 1309 3377 S.
1336 3284 1498 3376 Sedem
1524 3278 1820 3404 Apostolioam
1853 3307 1953 3396 sup·

459 3401 594 3522 plices
626 3433 778 3526 preces
810 3404 929 3495 misit
961 3405 1141 3526 qnidam
1174 3407 1425 3498 Franciscus
1455 3407 1580 3496 Pizzo
1612 3397 1950 3520 Albinganensis

458 3526 697 3633 Dioecesis,
734 3528 896 3648 quibus
927 3529 1190 3620 solutionem
1224 3531 1368 3651 quoad
1402 3530 1626 3620 vinculum
1664 3519 1945 3626 Matrimonii,

459 3648 581 3769 quod
613 3683 730 3741 anno
764 3653 887 3741 t866
920 3652 1037 3741 iuxta
1071 3652 1205 3744 ritum
1239 3657 1285 3748 S.
1322 3653 1468 3744 Matris
1489 3652 1707 3745 Ecclesiae
1724 3665 1952 3740 contraxe-

460 3789 530 3862 rat
572 3804 672 3862 cum
715 3772 967 3863 Violantinn
1000 3775 1184 3865 Ardnini
1220 3778 1420 3868 eiusdem
1453 3777 1701 3881 Dioecesis,
1738 3771 1950 3893 quodque

461 3893 768 3984 tantummodo
802 3911 963 4004 ratum,
990 3912 1039 3986 ut
1073 3898 1165 4016 ipse
1185 3901 1383 4008 asseruit,
1421 3901 1696 4003 remanebat,
1725 3897 1853 3986 enixe
1876 3922 1952 4011 po-

460 4015 668 4108 stulabat.
688 4071 718 4088 -
748 4019 885 4110 Causa
919 4022 1025 4110 haec
1061 4023 1394 4114 matrimonialis
1431 4056 1545 4148 qnae
1567 4025 1611 4113 in
1645 4053 1690 4111 se
1723 4021 1818 4139 ipsa
1850 4043 1951 4136 spe·

460 4155 588 4242 ctata,
627 4169 726 4230 meo
758 4142 911 4232 saltem
963 4143 1143 4252 iudicio,
1174 4143 1495 4266 simplicissima
1528 4163 1573 4236 et
1604 4143 1740 4236 lacilis
1771 4139 1952 4230 solutio·

420 4285 423 4292 ‘
460 4262 528 4350 nis
561 4261 727 4368 luisset,
769 4263 1026 4358 difficillima
1059 4299 1109 4360 ac
1141 4270 1446 4360 molestissima
1479 4269 1616 4361 evasit
1657 4267 1717 4355 ob
1750 4263 1954 4351 resisten-

462 4382 572 4474 tiam
604 4387 676 4474 vel
711 4388 976 4509 negativam,
1015 4393 1087 4482 vel
1109 4393 1242 4490 etiam
1277 4391 1515 4512 aliquando
1556 4389 1789 4510 positivam
1813 4411 1949 4504 quam

460 4508 877 4632 Gnrinllpiscopalis
910 4514 1251 4634 Albinganensis
1283 4515 1467 4620 invenit,
1504 4543 1558 4602 ex
1581 4525 1708 4632 parte
1730 4503 1945 4610 mulieris,

461 4630 508 4720 in
541 4633 709 4723 actibus
742 4637 1091 4753 processualibus
1123 4637 1370 4757 explendis.
1408 4639 1460 4727 Et
1493 4638 1601 4726 hacc
1633 4635 1727 4757 ipsa
1749 4631 1955 4724 resisten-

460 4753 520 4843 tia
553 4753 713 4860 eilccit,
763 4773 810 4846 ut
841 4787 1068 4876 processus
1111 4759 1258 4879 aliqua
1299 4775 1510 4879 exparte
1557 4758 1848 4878 incompletns
1880 4783 1949 4843 re·

460 4877 686 4984 manserit,
723 4907 868 5000 neque
901 4880 1071 5000 expleri
1105 4882 1329 5001 potuerint
1360 4883 1509 4974 omnia
1541 4915 1655 5005 quae
1682 4881 1818 4975 Sedes
1833 4879 1965 4996 Apo·¹

459 5000 624 5110 stolica,
646 5016 694 5092 nt
710 5003 1010 5125 explerentur,
1042 5007 1268 5127 praecepit
1290 5007 1477 5116 adhoc,
1514 5023 1564 5097 ut
1597 5009 1643 5098 in
1674 5035 1803 5097 causa
1837 4997 1948 5089 tanti

460 5127 674 5214 momenti
714 5125 789 5216 illa
834 5129 1023 5248 cognitio
1055 5143 1099 5219 et
1130 5131 1337 5250 probatio
1369 5131 1625 5237 haberetur,
1661 5159 1776 5250 qnae
1810 5119 1949 5212 indn-

461 5245 519 5334 cit
551 5249 856 5372 ornnimodam
890 5253 1104 5344 moralem
1151 5251 1463 5344 certitudinem
1496 5251 1647 5375 quoad
1684 5248 1949 5339 lundomen-

459 5368 546 5458 tale
578 5369 738 5461 lactum
773 5393 1059 5468 consecutae
1091 5377 1476 5468 consummationis
1508 5371 1791 5468 Matrimonii.
