4446 6330
519 401 580 495 62
976 395 1059 482 Dic
1089 396 1149 482 25
1183 392 1380 480 Ianuarii
1413 391 1550 480 4879.

520 529 641 623 44000,
684 522 810 609 decis.
850 519 908 608 l8
946 519 1105 604 annal
1142 549 1225 634 seq.
1252 547 1392 603 corant
1417 513 1683 604 Rirniaaldo.
1723 514 1794 605 Ad
1827 517 1907 606 hoc
1931 551 2008 606 au·

518 667 612 741 tem
649 665 694 735 nt
729 643 995 762 dispensatio
1030 640 1310 744 concedatur,
1349 639 1438 728 duo
1473 639 1775 756 requiruntur,
1815 640 2012 758 quaein

519 803 649 864 causa
682 767 909 868 deficiunt,
948 763 1094 880 primo
1119 763 1319 882 Episcopi
1354 761 1627 878 suffragium,
1665 763 1859 851 secundo
1898 762 2020 881 quod

520 895 663 987 desint
699 887 944 1008 presbyteri
990 887 1251 991 0000040100,
1289 887 1357 975 vel
1392 885 1544 974 saltem
1594 886 1823 974 saecularis
1870 887 2014 975 clerus

521 1012 749 1108 4100041οἰ40
783 1010 997 1114 abundet,
1026 1027 1134 1098 teste
1157 1011 1353 1124 Fapaano
1378 1009 1421 1094 ln
1440 1008 1547 1122 Cap.
1579 1007 1702 1118 Quod
1719 1009 1801 1096 Dei
1820 1011 2011 1098 timorem

526 1145 590 1228 De
621 1137 739 1226 Statu
760 1132 952 1222 Μο110041.
973 1165 1087 1220 anm.
1125 1133 1183 1218 47
1214 1163 1296 1248 sep.
1319 1135 1369 1219 Et
1387 1130 1554 1250 optimo
1572 1131 1753 1248 quidem
1790 1133 1901 1238 iure,
1938 1135 2022 1222 ne·

523 1265 694 1382 gulares
728 1257 981 1344 enimcum
1018 1257 1227 1358 habeant,
1266 1254 1383 1346 unde
1417 1255 1582 1372 possint
1618 1255 1767 1342 vivere
1790 1286 1844 1342 ex
1868 1255 2020 1344 rediti-

520 1389 606 1476 bus
639 1381 910 1480 monasterii,
939 1411 1019 1465 aon
1044 1377 1187 1466 14040114
1217 1377 1400 1491 proinde
1423 1376 1596 1462 aliunde
1625 1376 1856 1491 prouideri
1886 1381 1929 1464 ia
1959 1377 2027 1465 de-

524 1502 1158 1616 444010040043401’1’00111111,0111’
1184 1502 1376 1616 praecise
1404 1533 1454 1586 eac
1483 1497 1771 1620 beneficiorum
1805 1503 2022 1615 proventi-

526 1633 598 1720 bus
632 1627 776 1716 deleat
809 1623 1019 1710 consulere
1049 1623 1131 1708 sibi
1165 1639 1202 1708 et
1234 1621 1415 1710 ecclesiis
1446 1655 1493 1707 ac
1516 1621 1691 1738 populis
1723 1621 1802 1708 sibi
1836 1625 2025 1710 commis-

526 1757 602 1843 sis:
637 1751 697 1838 ita
732 1749 862 1834 Petra
895 1746 952 1832 ad
982 1746 1160 1832 Constit.
1190 1748 1206 1832 l
1250 1747 1401 1832 Anast.
1428 1745 1500 1836 IV
1516 1739 1611 1832 secl.
1635 1746 1653 1832 l
1681 1778 1792 1835 aaut.
1816 1748 1891 1834 43.

653 1875 741 1962 Nec
774 1870 967 1958 subdere
991 1869 1051 1956 las
1085 1884 1326 1958 astrorum
1369 1865 1666 1958 conditionem
1703 1869 1761 1956 ob
1795 1869 2025 1958 calamito-

528 2027 620 2089 sam
638 1993 920 2112 Regularium
938 1992 1144 2081 ordinum
1169 1991 1442 2080 eversionem
1467 2018 1558 2081 esse
1586 1993 1877 2080 immutatam.
1906 1995 2021 2082 Num

529 2125 575 2210 4.
622 2131 767 2207 001004
801 2116 912 2202 10440
950 2133 993 2203 04
1026 2146 1104 2232 pro
1135 2116 1249 2204 clero
1288 2115 1499 2203 saeculari
1525 2115 1700 2216 militet,
1727 2145 1917 2232 quorum
1944 2117 2021 2203 he·

530 2242 732 2336 neficiaa
767 2238 867 2326 44000
905 2253 1150 2355 praerepta,
1176 2238 1242 2326 vel
1276 2239 1477 2356 patronis-
1493 2238 1739 2354 mancipata
1775 2238 1912 2344 411010,
1941 2271 2022 2325 un·

534 2368 592 2457 de
625 2367 771 2484 plures
804 2363 946 2451 clerici
987 2377 1180 2478 egestate
1211 2363 1410 2448 laborant
1448 2378 1490 2448 et
1514 2359 1713 2448 destituti
1739 2381 1916 2449 manent
1939 2393 2025 2449 an-

533 2521 621 2579 nuo
655 2485 868 2590 subsidio,
905 2517 992 2604 quo
1018 2486 1252 2602 Regulares
1275 2517 1299 2571 a
1323 2483 1537 2601 gubernio
1571 2483 1806 2573 fruuntur:
1844 2485 1889 2572 2.
1917 2483 2021 2602 quia

530 2612 640 2702 lacta
674 2609 1067 2698 dismembratione
1098 2605 1142 2695 04
1176 2609 1291 2694 04010
1320 2607 1527 2696 saeculari
1556 2638 1759 2696 concesso
1795 2609 2024 2724 paroeciae

534 2733 766 2852 regimine,
804 2729 911 2817 nilril
947 2761 1027 2846 pro
1062 2731 1241 2817 honesta
1274 2732 1591 2820 sustentatione
1620 2731 1822 2847 Regulari
1857 2731 2027 2820 deesset

534 2855 744 2945 lamiliac.
781 2856 984 2940 Testatur
1016 2854 1132 2941 enim
1156 2853 1395 2971 Episcopus
1418 2853 1579 2942 dictam
1605 2853 1839 2958 familiam,
1867 2885 2025 2972 quam·

534 2981 599 3067 vis
629 2976 976 3066 numerosiorem
1011 2975 1244 3066 commode
1277 2979 1413 3064 vitam
1450 2977 1631 3064 traxisse
1656 2995 1757 3065 ante
1778 2976 2022 3094 ampliatio·

531 3134 632 3191 nom
667 3101 809 3190 dictae
844 3099 1087 3217 paroeciae,
1110 3099 1303 3216 aliasque
1337 3099 1559 3218 religiosas
1591 3099 1793 3206 familias,
1822 3131 1934 3219 quae
1956 3103 2022 3187 la-

531 3257 645 3314 nuae
678 3239 1020 3326 commorantur,
1059 3223 1370 3341 Parocciasque
1400 3222 1822 3341 regunt,commodc
1856 3224 2020 3327 vivere,

536 3349 636 3436 licet
664 3347 782 3462 401100
818 3346 956 3432 minor
982 3348 1038 3433 sit
1060 3378 1251 3434 1111111ον110
1289 3345 1664 3461 parochianorum,
1701 3378 1823 3462 quant
1846 3347 1923 3434 ille
1944 3348 2018 3464 qui

535 3471 652 3592 sacta
685 3470 1138 3574 diuisioaereraaaeret
1156 3470 1376 3584 paroeciae
1398 3467 1723 3556 Consolationis:
1750 3471 1794 3556 3.
1817 3470 1922 3588 quia
1946 3473 2024 3558 tto-

535 3594 707 3713 gularos
741 3623 983 3709 numquam
1017 3591 1102 3678 4104
1137 3609 1309 3706 possent
1358 3592 1545 3680 Ecclesia
1594 3593 1904 3682 lrnmaculatae
1937 3623 2018 3710 pro

534 3747 649 3805 nova
681 3715 892 3835 erigenda
926 3713 1143 3834 paroecia,
1181 3713 1286 3802 dum
1321 3712 1577 3802 fundatores
1610 3745 1661 3802 00
1697 3730 1844 3804 010040
1878 3715 2019 3832 ipsam

534 3856 769 3928 extruxere
798 3880 814 3916 ι
845 3837 997 3952 perciti
1028 3869 1053 3922 a
1086 3835 1255 3922 00010140
1289 3835 1403 3924 della
1430 3837 1712 3952 popolazioac
1748 3906 1757 3924 .
1800 3905 1809 3925 .
1853 3905 1863 3926 .
1905 3905 1916 3925 .
1953 3838 2019 3925 sia

534 3976 663 4050 cretta
696 3960 741 4046 in
771 3959 1046 4075 parroechia,
1084 3992 1104 4045 0
1136 3959 1201 4045 sia
1232 3959 1439 4078 conserite
1473 3993 1498 4046 0
1532 3993 1585 4047 aa
1618 3959 1830 4050 sacerdote
1870 3961 2024 4048 000040-

540 4117 627 4171 ree
658 4115 739 4169 1100
771 4082 1069 4170 altrimenti.»

663 4205 720 4293 lis
754 4206 936 4324 aliisque
968 4204 1165 4294 deductis
1198 4205 1360 4324 colligit
1393 4209 1550 4296 Orator
1585 4237 1672 4294 non
1711 4207 1842 4296 modo
1865 4206 2015 4296 decer·

537 4327 728 4417 nondam
751 4359 842 4416 esse
862 4327 1090 4448 paroeciae
1114 4330 1570 4432 dismembrationem,
1597 4359 1754 4418 verum
1773 4331 1904 4419 etiam
1922 4329 2012 4417 Au·

532 4451 888 4570 'gustinianorum
924 4481 1073 4568 preces
1106 4451 1162 4539 de
1197 4483 1308 4540 nova
1344 4453 1542 4571 paroecia
1575 4451 1730 4540 iisdem
1771 4452 2019 4542 conceden-

540 4575 598 4664 da
632 4605 806 4690 prorsus
839 4605 930 4662 csse
964 4573 1235 4664 reiiciendas.
1361 4653 1363 4658 ,

664 4698 751 4810 Qui
788 4729 891 4786 vero
927 4697 1020 4784 iura
1054 4715 1283 4813 protuetur
1315 4696 1495 4788 Parachi
1530 4699 1575 4788 S.
1614 4697 1775 4786 Mariae
1809 4697 1865 4788 de
1909 4697 2024 4787 Con-

537 4820 764 4924 solatione,
801 4851 875 4908 seu
911 4818 1089 4909 Ordinis
1121 4823 1412 4910 Eremitarum
1448 4821 1493 4910 S.
1519 4821 1768 4937 Augustini,
1807 4821 1851 4908 in
1885 4819 2025 4936 tripli-

537 4975 630 5032 cem
666 4959 835 5064 partem
871 4943 1029 5031 dividit
1060 4942 1368 5060 allegationem
1403 4973 1545 5030 suam.
1582 4945 1631 5031 ln
1673 4943 1817 5061 prima
1839 4943 2025 5032 sustinet

539 5095 619 5154 nec
653 5097 784 5154 unam
809 5095 862 5153 ex
896 5063 1113 5154 canonicis
1135 5065 1394 5172 10440044100,
1420 5065 1479 5154 041
1502 5097 1635 5186 quam
1679 5066 1797 5156 licita
1845 5085 1910 5156 004
1948 5095 2027 5180 pn·

540 5191 782 5278 roeciarum
817 5187 1166 5295 dismembratio,
1192 5189 1236 5276 iu
1261 5189 1451 5279 themate
1483 5187 1749 5279 confirmari.
1786 5193 1835 5278 la
1884 5189 2018 5278 altera

540 5341 692 5400 causas
715 5315 771 5402 ab
805 5309 1145 5428 Archiepiscopo
1179 5311 1388 5404 adductas
1421 5313 1542 5402 nullo
1575 5313 1715 5402 solido
1748 5311 1889 5402 fulciri
1922 5311 2020 5403 lun-

547 5429 754 5524 damento
777 5436 833 5525 ad
857 5430 1088 5552 paroeciae
1108 5433 1548 5527 dismembrationem
1576 5435 1905 5526 revincendam.
1933 5437 2025 5524 De-
