4460 6332
526 265 621 354 390
1002 251 1079 340 Die
1108 249 1170 338 23
1202 245 1389 364 Aapnrtr‘
1422 245 1560 334 t879.

529 383 756 474 vindicat:
792 377 966 468 sodales
998 371 1190 464 continet
1223 369 1371 458 oblata
1403 363 1735 486 redintegrandi
1769 362 2054 485 promissio-

533 538 608 612 ne,
645 523 689 595 et
725 531 830 592 mox
861 497 1099 588 Ecclesiam
1149 495 1193 582 in
1228 492 1543 610 lapidariorum
1588 486 1802 578 officinam
1836 516 2049 578 conver-

532 631 601 734 tit,
639 657 782 747 neque
817 619 1073 741 adprecanti
1106 615 1307 706 sodalitio
1355 611 1599 732 quidquam
1634 643 1679 700 se
1712 638 2043 701 concessuram

536 750 759 842 adfirmat.

662 871 750 962 Sed
782 883 906 958 extra
938 891 1112 954 causam
1146 862 1230 950 huc
1264 889 1401 979 osque
1434 889 1481 949 se
1502 854 1755 946 disseruisse
1777 854 2045 958 contendit,

534 1013 584 1084 ut
617 989 953 1082 marchionissae
985 1001 1243 1106 argumenta
1266 981 1555 1100 expenderet;
1578 981 1634 1069 ab
1667 978 1896 1070 altioribus
1921 1009 2050 1068 vero

533 1115 776 1235 disciplinis
810 1110 1023 1200 indicium
1056 1139 1150 1198 esse
1182 1104 1492 1224 repetendum.
1519 1103 1747 1221 Siquidem
1770 1104 2042 1220 superbum

537 1257 669 1357 atque
703 1237 901 1325 insanum
937 1231 1197 1352 figmentum
1244 1229 1302 1319 de
1350 1255 1450 1316 meo
1484 1257 1534 1315 ac
1572 1241 1645 1315 tuo
1680 1226 1723 1314 in
1766 1225 1903 1314 domo
1939 1223 2045 1313 Dei

538 1359 713 1450 admitti
753 1389 839 1446 non
877 1371 1018 1472 potest
1054 1354 1173 1442 iuxta
1207 1350 1416 1442 traditum
1451 1380 1531 1466 per
1564 1347 1771 1465 Anonym.
1797 1348 1917 1466 apud
1944 1348 2044 1436 Ur-

537 1513 680 1600 rayam
714 1483 759 1569 in
793 1477 897 1566 disc.
927 1475 1025 1566 eccl.
1064 1491 1120 1564 to.
1159 1476 1187 1563 3
1215 1505 1318 1592 par.
1354 1474 1384 1560 2
1418 1472 1523 1560 disc.
1560 1473 1620 1558 25
1652 1504 1765 1560 narn.
1807 1473 1837 1560 9
1879 1499 2046 1589 neque

535 1602 720 1725 privatis
754 1629 948 1721 unquam
983 1596 1171 1688 dominii
1206 1599 1269 1686 ius
1303 1596 1344 1682 in
1370 1595 1605 1684 Ecclesiam
1640 1596 1864 1712 competit,
1890 1611 2041 1712 prout

536 1731 648 1818 llota
682 1723 885 1815 definivit
918 1722 961 1811 in
1008 1721 1136 1808 decis.
1172 1721 1264 1810 257
1297 1750 1414 1806 nnrn.
1451 1719 1480 1806 5
1511 1747 1610 1834 par.
1660 1717 1719 1804 ll
1752 1719 1849 1808 llec.
1890 1733 2042 1836 atque

538 1850 583 1938 in
618 1847 744 1936 decis.
782 1845 874 1934 694
907 1877 1019 1932 narn.
1056 1846 1215 1960 Spar.
1253 1843 1282 1931 2
1316 1842 1411 1932 Rea.
1448 1842 1595 1929 Unum
1621 1839 1751 1958 igitur
1772 1842 1830 1929 ab
1849 1843 2044 1958 Episco-

542 1971 610 2090 pis
643 1969 923 2060 ecclesiarum
959 1995 1086 2056 usum
1122 1994 1171 2054 ac
1203 1966 1555 2082 iuspatronatum
1588 1961 1768 2052 concedi
1792 1993 1918 2081 posse
1941 1962 2036 2050 ait:

541 2091 789 2185 dominium
825 2121 930 2178 vero
963 2119 1099 2207 penes
1131 2089 1362 2176 Ecclesiam
1397 2086 1689 2174 universalem
1718 2115 1918 2188 manere,
1955 2115 2043 2173 au-

539 2233 658 2306 ctore
690 2215 735 2303 S.
772 2213 829 2301 H.
866 2213 919 2300 O.
955 2211 1071 2328 opud
1105 2209 1275 2300 lliclttcr
1307 2210 1467 2297 Canon.
1504 2225 1541 2296 et
1574 2207 1689 2296 decr.
1729 2209 1858 2296 Cone.
1898 2206 2035 2294 Trea.

542 2339 647 2428 Sars.
684 2337 735 2423 2l
779 2333 947 2456 delles.
985 2365 1079 2451 cap.
1115 2336 1143 2422 7
1175 2365 1287 2420 anm.
1325 2334 1401 2420 lO.

666 2459 746 2547 Vel
781 2459 874 2577 ipsa
908 2458 1049 2546 civilis
1087 2455 1321 2546 auctoritas
1353 2485 1467 2574 quae
1512 2485 1627 2543 nunc
1676 2453 1759 2542 Dei
1798 2455 1892 2542 iura
1925 2485 2035 2543 oon·

542 2579 715 2684 temnit,
751 2581 933 2698 eiusque
968 2579 1129 2697 templa
1163 2578 1327 2684 deiicit,
1364 2577 1502 2666 multa
1539 2593 1683 2666 tamen
1718 2575 1927 2666 desacris
1955 2608 2034 2666 ae-

539 2703 669 2793 dibus
702 2701 922 2791 constituit
956 2732 1070 2822 quae
1104 2702 1147 2788 in
1183 2701 1342 2790 nullius
1373 2699 1503 2788 bonis
1537 2730 1630 2788 esse
1654 2713 1859 2816 possunt:
1895 2698 2035 2813 Quod

543 2825 646 2914 Gaii
677 2827 935 2914 auctoritate
967 2823 1199 2914 confirmat
1245 2823 1319 2944 qui
1370 2823 1413 2910 in
1447 2823 1511 2944 (r.
1548 2825 1578 2910 6
1621 2821 1665 2944 S
1704 2820 1814 2943 3ff.
1852 2821 1903 2910 de
1934 2855 2028 2911 rer.

542 2947 672 3036 diois.
710 2947 816 3038 baec
848 2947 997 3053 babet3
1033 2945 1186 3036 Sacrae
1217 2978 1282 3034 res
1314 2961 1353 3034 et
1374 2945 1599 3062 rettpiosae
1621 2961 1659 3032 et
1680 2962 1843 3033 sanctae
1864 2945 1910 3032 in
1931 2945 2033 3034 nal·

543 3069 625 3157 linc
661 3068 777 3156 bonis
809 3087 921 3158 sunt:
956 3099 1035 3160 nec
1070 3100 1157 3158 non
1190 3067 1432 3186 Papiniani
1464 3071 1510 3155 in
1541 3067 1607 3189 [r.
1643 3070 1702 3156 73
1733 3065 1783 3190 ff.
1816 3066 1868 3154 de
1889 3084 2028 3157 contr.

542 3208 672 3309 empt.
699 3191 832 3280 Pauli
863 3193 907 3280 in
928 3191 993 3314 [r.
1029 3193 1089 3281 t3
1104 3191 1155 3314 ff.
1183 3190 1235 3279 de
1259 3193 1323 3280 rei
1343 3189 1464 3280 vind.
1489 3223 1538 3280 ac
1564 3189 1795 3280 lastiniani
1817 3191 1864 3278 ia
1880 3191 2026 3280 lnstit.

548 3313 623 3403 lib.
660 3315 689 3402 2
723 3316 790 3402 tit.
828 3316 846 3400 l
889 3313 934 3436 S
970 3317 998 3404 7
1030 3315 1189 3403 -ibi-
1215 3356 1232 3395 ι
1261 3313 1430 3404 Nullius
1463 3329 1609 3403 autern
1644 3330 1744 3402 sunt
1777 3344 1844 3402 res
1871 3326 2033 3403 ¹sacrae

545 3476 563 3516 ι
603 3449 646 3526 et
679 3437 908 3556 religiosae
941 3455 985 3526 et
1016 3451 1220 3528 sanctae:
1258 3435 1378 3555 quod
1412 3437 1529 3526 enim
1565 3436 1705 3526 divini
1741 3435 1847 3524 iuris
1869 3453 1950 3542 est,
1978 3437 2028 3526 id

548 3600 565 3640 ι
604 3559 766 3649 nullius
798 3559 843 3647 in
876 3559 1005 3648 honis
1037 3575 1119 3648 est.
1153 3561 1310 3651 Sacrae
1342 3589 1412 3648 res
1444 3576 1543 3648 sunt
1577 3591 1691 3677 quae
1714 3558 1795 3648 rite
1818 3563 2030 3675 perPon-

549 3721 566 3758 ι
610 3680 744 3772 tifices
777 3685 871 3770 Deo
904 3698 1179 3771 consecratae
1212 3698 1327 3785 sunt,
1365 3681 1501 3770 veluti
1536 3682 1665 3772 aedes
1698 3713 1843 3770 sacrae
1875 3700 1959 3773 etc.
2001 3723 2019 3762 ι

670 3805 809 3922 Atqui
841 3803 932 3892 solo
964 3803 1200 3921 emptionis
1241 3803 1365 3892 titulo
1406 3805 1622 3894 Ecclesiae
1664 3804 1910 3894 dominium
1943 3805 2028 3894 sibi

544 3925 902 4014 marchionissam
936 3925 1160 4016 vindicare
1192 3927 1269 4028 ait,
1308 3925 1430 4016 iuxta
1472 3957 1523 4017 ea
1566 3958 1680 4045 quae
1713 3926 1772 4016 ab
1806 3927 1918 4015 illius
1952 3959 2026 4016 au-

543 4062 663 4134 ctore
695 4049 854 4135 Iacobo
887 4047 1198 4138 Zambeccario
1247 4050 1406 4138 tradita
1452 4068 1553 4138 sunt
1601 4051 1651 4139 iis
1685 4049 1832 4138 verbis
1861 4053 2022 4164 parieti

544 4167 758 4286 inscriptis
791 4171 987 4286 templum
1024 4237 1034 4258 .
1078 4239 1087 4258 .
1129 4239 1139 4259 .
1180 4237 1190 4258 .
1229 4188 1457 4289 temporam
1503 4172 1726 4260 acerbitate
1768 4171 2024 4288 publicatam

545 4289 658 4408 qnod
685 4307 809 4406 pater
842 4293 928 4378 eins
957 4293 1098 4408 pretio
1141 4291 1372 4382 redemerat
1414 4310 1499 4382 etc.
1537 4295 1624 4386 Sed
1658 4326 1727 4383 res
1762 4295 1923 4384 nullius
1958 4326 2029 4384 ne·

545 4443 633 4533 que
665 4413 753 4502 emi
788 4443 933 4532 neque
964 4415 1097 4504 vendi
1133 4445 1257 4532 posse
1289 4417 1685 4535 compertissimum
1735 4449 1828 4508 esse
1876 4417 2025 4507 tradit.

667 4537 755 4624 Nec
777 4535 1073 4626 obiiciendum
1094 4537 1214 4655 quod
1230 4539 1445 4627 Lotterius
1469 4540 1538 4628 vel
1563 4539 1727 4629 Deluca
1761 4539 1817 4629 de
1840 4540 2022 4628 alicuius

548 4657 707 4776 privati
740 4658 886 4748 sacelli
918 4659 1183 4748 alienatione
1200 4661 1467 4750 mentionem
1492 4661 1689 4750 lecerint.
1716 4665 1799 4752 Eos
1832 4662 1951 4752 enim
1974 4661 2030 4753 de

547 4780 825 4871 concessione
858 4811 939 4900 per
976 4782 1306 4872 ecclesiasticam
1352 4785 1654 4874 auctoritatem
1699 4785 1857 4876 lactem
1898 4816 2028 4904 agere

548 4901 624 5008 ait,
658 4921 790 5021 atque
824 4903 974 4993 itudo
1022 4903 1287 4994 alienatione
1319 4905 1483 4996 locutos
1525 4939 1633 5011 esse,
1673 4937 1760 4996 non
1794 4925 1843 4998 ut
1875 4939 2029 4998 verum

546 5056 596 5113 ac
630 5026 855 5143 proprium
891 5025 1137 5116 dominium
1157 5027 1201 5116 in
1222 5027 1539 5148 adquirentem
1559 5032 1785 5148 migraret,
1823 5033 1901 5124 sed
1934 5033 2028 5122 sola

545 5145 712 5236 utilitas
745 5147 802 5236 ad
835 5165 975 5238 certos
1009 5180 1110 5239 usus
1143 5182 1192 5239 ac
1223 5150 1484 5268 praesertim
1512 5154 1717 5272 sepulcri.

668 5272 901 5362 Caeterum
938 5301 994 5361 ne
1027 5286 1305 5390 patronatum
1339 5273 1554 5393 qnidam,
1591 5275 1691 5366 licet
1723 5275 1789 5366 ius
1825 5274 2029 5368 bonorifi-

543 5421 643 5480 cum
677 5423 909 5482 onerosum
943 5413 1075 5514 atque
1107 5395 1216 5486 utile
1248 5396 1318 5502 sit,
1346 5398 1388 5485 in
1417 5397 1619 5487 ecclesias
1642 5399 1776 5490 rendi
1799 5431 1923 5518 posse
1941 5399 2026 5489 nisi

543 5544 627 5631 per
660 5517 990 5606 universitatem
1022 5519 1269 5608 bonorum:
1307 5551 1355 5610 ac
1387 5519 1668 5611 laudatorem
1713 5539 1848 5644 atque
1879 5519 2031 5616 aedili·
