4350 6326
514 356 607 444 500
938 352 1020 438 Die
1050 351 1112 440 20
1142 347 1392 464 Septembris
1425 349 1564 439 1879.

511 494 575 566 tes
608 472 723 580 linis,
746 475 942 564 Oratoris
960 501 1110 590 preces
1135 503 1214 590 pro
1237 501 1377 562 novae
1400 470 1638 560 auditionis
1658 469 1889 561 beneficio
1926 470 2061 558 reii-
2156 499 2158 630 ι

510 597 686 688 ciendos
719 627 811 688 csse
845 593 1083 685 concludit.

634 723 721 809 Nec
755 718 1050 837 regerendum
1082 714 1203 836 quod
1238 715 1490 806 resolutioni
1526 715 1673 807 editae
1706 716 1903 803 minime
1950 715 2048 804 ad-

509 843 621 932 iecta
653 839 783 930 luerit
815 840 1006 931 clausula
1038 855 1076 928 et
1107 837 1308 954 amplius,
1336 855 1384 925 ut
1405 839 1527 956 argui
1552 839 1685 956 possit
1714 837 1857 927 adhuc
1884 837 2046 925 viam

515 963 767 1054 adversario
802 979 1038 1054 reseratam
1070 991 1165 1050 esse
1200 960 1320 1048 iuxta
1351 977 1438 1048 ort.
1485 963 1547 1048 22
1584 959 1654 1048 del
1688 957 2037 1076 Repolamento.
2138 1008 2144 1043 ι

510 1087 554 1180 Si
588 1087 707 1175 enim
741 1086 821 1174 hoc
853 1084 948 1174 lieri
983 1100 1144 1202 posset,
1172 1081 1281 1172 illud
1305 1081 1544 1172 absurdum
1569 1081 1859 1172 descenderet
1879 1081 2037 1200 quod

513 1207 657 1298 lites
646 1239 690 1295 m
725 1239 883 1298 aevum
907 1207 1311 1326 protraherentur,
1353 1235 1488 1324 quare
1531 1205 1735 1294 articulus
1779 1204 1855 1292 ille
1888 1235 2028 1292 sano

510 1329 643 1420 modo
677 1329 995 1450 intelligendus
1027 1344 1107 1433 cst,
1145 1357 1306 1446 nempe
1355 1344 1402 1414 ut
1435 1359 1482 1415 re
1519 1327 1657 1415 adduc
1697 1329 1864 1443 autepro
1897 1358 2025 1415 con·

514 1451 610 1543 cedi
633 1452 812 1571 possit«
795 1483 895 1540 «aa
925 1483 1058 1538 nuovo
1080 1463 1420 1566 coperimento»,
1458 1480 1544 1537 nou
1572 1481 1676 1539 vero
1697 1449 1878 1568 quando
1903 1448 2022 1538 edi-

518 1591 560 1662 ta
593 1575 807 1664 sententia
840 1574 925 1662 iam
929 1572 1089 1662 luerit
1119 1571 1404 1690 exequutioni
1437 1571 1705 1662 demandata
1742 1589 1785 1660 ut
1818 1570 2020 1690 quidem

517 1695 680 1786 sciente
732 1713 774 1784 et
809 1696 1001 1814 patiente
1034 1709 1182 1813 parte3
1219 1723 1340 1784 secus
1373 1694 1493 1784 euim
1518 1694 1780 1786 iudiciorum
1803 1692 1914 1782 ordo
1950 1693 2016 1780 ab

520 1819 619 1908 imis
653 1817 948 1908 fundamentis
979 1819 1324 1906 subverteretur.

640 1943 712 2030 Ab
745 1940 977 2030 intrinseco
1011 1939 1191 2029 demum
1225 1963 1319 2026 rem
1352 1937 1645 2057 perpendens,
1672 1939 1803 2028 edicit
1842 1938 2011 2028 adver·

516 2065 679 2155 sarium
727 2063 915 2153 fortassis
969 2062 1118 2151 oblato
1152 2061 1302 2149 libello
1337 2060 1657 2150 restitutionem
1702 2061 1747 2149 iu
1780 2060 2009 2179 integrum

515 2187 810 2304 expostulare.
850 2189 907 2273 Αι
940 2185 1021 2274 hac
1054 2184 1099 2271 in
1131 2196 1255 2301 parte
1287 2183 1380 2271 eius
1411 2182 1607 2272 conditio
1641 2183 1765 2302 peior
1798 2183 1864 2271 lit.
1912 2186 2004 2271 No·

514 2323 611 2397 tum
643 2309 763 2396 euim
798 2308 843 2394 in
880 2307 976 2394 iure
1010 2335 1103 2395 esse
1137 2321 1385 2424 propugnat
1418 2305 1538 2424 quod
1571 2305 1850 2394 restitutioin
1887 2304 2005 2394 inte·

515 2461 641 2550 grum
677 2430 883 2520 adversus
917 2459 1009 2518 rem
1043 2427 1277 2518 iudicatam
1311 2427 1492 2518 concedi
1526 2459 1614 2516 uon
1647 2444 1791 2548 potest
1815 2428 1895 2515 nisi
1924 2459 1999 2516 ve-

513 2549 744 2641 rificentur
795 2569 989 2641 extrema
1038 2581 1063 2638 a
1118 2549 1214 2670 lege
1268 2550 1516 2640 constituta.
1573 2551 1804 2663 Quaenam
1847 2563 1997 2638 autem

512 2673 621 2762 haec
654 2703 747 2763 esse
770 2673 931 2763 debent
949 2671 1078 2762 docet
1100 2673 1396 2814 Gregorianus
1417 2671 1604 2762 Codex
1591 2704 1636 2761 ιιι
1659 2673 1853 2761 articulis
1875 2672 1994 2760 t057

513 2811 557 2885 et
590 2797 750 2886 1058-
767 2795 873 2884 11ιί-
889 2797 994 2884 «lla
1016 2795 1145 2938 luogo
1164 2795 1195 2884 il
1234 2794 1394 2886 ricorso
1418 2825 1498 2912 per
1520 2809 1721 2884 ottcuere
1753 2794 1785 2881 il
1799 2778 1996 2882 rimedio

520 2919 694 3008 della
728 2917 1003 3008 restitucione
1036 2917 1079 3005 in
1114 2918 1271 3007 intiero
1303 2917 1486 3037 qualora
1519 2915 1550 3004 il
1583 2916 1820 3006 ricorrente
1858 2915 1999 3005 dimo-

521 3081 537 3118 «
577 3039 655 3130 stri
690 3041 731 3128 la
765 3038 1005 3160 iugiustiuia
1054 3039 1286 3131 manifesta
1329 3039 1444 3130 della
1493 3071 1591 3128 cosa
1644 3039 1883 3156 giudicata.
1939 3042 1995 3128 la

519 3201 536 3242 ι
578 3163 821 3282 ingiustizia
855 3161 1084 3253 manifesta
1120 3161 1234 3253 deve
1267 3163 1466 3252 risultare
1499 3195 1524 3250 o
1558 3161 1820 3252 dall’essersi
1856 3161 1995 3279 giudi·

520 3323 537 3364 «
573 3301 675 3374 *cato
723 3315 853 3404 sopra
899 3285 1155 3376 documenti
1201 3285 1479 3374 riconosciuti
1528 3285 1574 3374 in
1619 3314 1830 3403 appresso
1879 3313 1998 3373 come

520 3407 687 3512 falsi,
725 3408 888 3498 odall'
892 3407 1046 3497 essersi
1080 3407 1304 3496 rinveuuti
1336 3406 1596 3497 documenti
1631 3406 1829 3526 pubblici
1865 3407 1999 3524 opri-

519 3531 782 3620 vatican
818 3531 832 3617 i
865 3529 1053 3650 quali
1019 3561 1055 3619 si
1088 3528 1273 3648 provino
1306 3529 1401 3618 letti
1436 3531 1570 3619 nuovi
1603 3528 1848 3634 edecisivi,
1875 3528 1993 3616 odal
2137 3632 2140 3647 Ι

522 3691 539 3732 ι
580 3683 668 3742 non
703 3655 854 3744 esseisi
903 3653 1020 3742 uelle
1063 3667 1270 3741 seutenue
1316 3669 1447 3742 avuto
1491 3651 1672 3770 ragione
1720 3649 1766 3738 di
1811 3651 1993 3770 qualche
2137 3732 2138 3743 .

467 3869 470 3875 ,
522 3775 721 3894 «legge,
760 3808 786 3864 o
819 3774 920 3864 dall'
925 3773 1079 3864 essersi
1103 3789 1447 3891 espressamente
1465 3789 1811 3864 contravveuuto
1836 3773 1891 3862 ad
1914 3801 1995 3862 uua

523 3937 541 3972 ι
581 3895 785 4012 leggono
819 3901 971 4014 vigore
1015 3935 1054 3982 ι.

638 4017 726 4108 Sed
761 4017 868 4106 nihil
904 4018 960 4106 de
993 4019 1073 4106 hoo
1105 4017 1255 4108 docuit
1287 4018 1537 4110 Guarinius.
1575 4018 1832 4136 Perquisitis
1876 4017 1993 4105 enim
2077 4015 2079 4022 ’
2137 4046 2139 4133 ζ

516 4137 622 4228 actis
655 4141 702 4232 S.
738 4140 1095 4259 Congregatiouis
1129 4141 1189 4228 nil
1222 4141 1343 4230 aliud
1375 4141 1571 4260 reperire
1594 4171 1733 4260 usque
1765 4140 1874 4230 dum
1921 4139 1995 4228 da·

515 4277 610 4351 tum
643 4279 705 4350 est
739 4291 874 4380 quam
908 4263 1085 4352 unicum
1119 4263 1438 4353 documentum
1482 4295 1538 4352 cx
1591 4266 1776 4382 antiquo
1822 4265 1993 4354 Statuto

515 4385 782 4504 Collegiatee
816 4386 1031 4474 Ecclesiae
1062 4386 1316 4476 Manduriae
1349 4403 1622 4529 excerptum.
1659 4389 1722 4474 Ex
1754 4415 1843 4504 quo
1892 4385 1993 4502 legi·

517 4523 666 4597 tart«
650 4509 824 4626 Gapo
859 4506 905 4598 di
937 4524 1088 4626 questa
1124 4505 1421 4631 (Collegiata)
1435 4510 1576 4627 prima
1621 4509 1800 4628 Digniti
1844 4509 1994 4596 ellet·
2137 4569 2138 4614 ι

519 4645 674 4718 tore
708 4629 825 4721 della
857 4629 1058 4720 Chiesa
1043 4660 1067 4718 e
1101 4629 1379 4750 ldroiprete‚
1400 4631 1432 4718 il
1454 4631 1595 4773 quale
1618 4629 1673 4720 ha
1695 4631 1736 4718 la
1758 4661 1863 4718 cura
1884 4627 1992 4718 delle
2136 4615 2139 4751 l

524 4751 730 4840 anime
763 4754 808 4840 in
845 4769 956 4842 tutta
997 4753 1274 4844 l'esteusioue
1306 4753 1378 4843 del
1410 4754 1676 4842 territorio
1689 4755 1789 4841 .Ex
1818 4783 1906 4871 quo
1924 4751 1988 4840 de

515 4873 723 4964 scendere
756 4873 861 4965 dicit
893 4873 1075 4992 probari
1107 4875 1290 4994 quidem
1312 4907 1439 4995 posse
1465 4875 1634 4965 actuale
1654 4875 1903 4964 animarum
1921 4906 1987 4963 cu
2136 4863 2137 4876 Ν

518 5025 594 5084 rae
647 4995 908 5086 exercitium
957 5027 1049 5088 esse
1086 5029 1221 5116 penes
1265 4999 1726 5141 Arclripresbyterum,
1763 4997 1883 5116 quod
1917 4998 1990 5086 mi·

515 5117 637 5206 nime
671 5149 695 5207 a
728 5116 930 5236 Capitulo
963 5121 1237 5240 denegatur,
1255 5121 1436 5210 minime
1470 5150 1573 5208 vero
1606 5119 1687 5210 hoc
1720 5120 1986 5208 habitualita·

515 5255 559 5328 te
590 5269 720 5330 curae
753 5271 916 5332 carere.
954 5243 1019 5330 Ex
1051 5242 1325 5332 documentis
1358 5243 1475 5332 enim
1509 5243 1555 5334 in
1591 5241 1986 5362 disceptationem
2136 5246 2139 5255 '

514 5393 594 5480 per
626 5391 779 5454 causae
811 5365 970 5454 merito
1001 5366 1223 5472 exhibitis,
1255 5365 1454 5484 Episcopi
1490 5395 1652 5484 nempe
1689 5365 1978 5466 confessione,
2135 5442 2139 5481 ;

517 5484 676 5578 notulis
709 5517 1017 5607 expensarum,
1053 5519 1167 5609 quae
1198 5521 1221 5578 a
1255 5487 1457 5606 Capitulo
1480 5517 1562 5608 pro
1590 5491 1787 5605 paroecia
1814 5503 1980 5578 susten-
