4530 6336
781 341 865 434 nte
896 343 957 434 ltu
990 341 1093 432 latit
1126 341 1264 434 t879.
1389 433 1391 440 ,
1682 345 1763 434 361

284 478 396 570 dum
430 497 635 560 censuere
674 509 691 547 ι
751 467 904 558 d’aver
965 495 1139 586 sempre
1177 463 1372 556 ricerute
1409 465 1451 558 le
1487 464 1774 583 impromesse

293 643 311 681 ι
350 595 429 695 dei
456 589 740 690 matrimonii,
762 590 818 680 ed
851 589 1032 680 assistito
1075 589 1159 680 alla
1192 588 1490 679 celebracione
1521 587 1595 677 dei
1627 589 1779 680 mede·

292 765 310 802 ι
350 715 450 808 simi
487 743 614 804 scum
645 711 928 832 delegacione
960 713 1005 801 di
1041 725 1155 802 sorta
1188 755 1219 788 =
1253 744 1300 802 ac
1332 742 1481 802 rursus
1511 753 1543 786 =
1574 709 1622 803 di
1644 743 1776 810 avere

294 885 311 926 ι
353 839 540 932 assistito
574 837 658 926 alla
693 838 786 925 loro
820 833 1119 924 celebracione
1142 865 1267 924 senza
1290 833 1476 958 bisogno
1499 834 1675 924 d’altrui
1699 835 1778 926 de·

296 1010 313 1046 ι
353 960 590 1081 legacione,
628 957 876 1048 trovandusi
916 959 1119 1048 investito
1161 987 1242 1048 con
1290 988 1378 1050 nna
1413 959 1532 1048 bolla
1569 957 1776 1050 canonica

296 1131 313 1168 «
354 1085 433 1178 che
461 1113 547 1171 non
585 1097 766 1200 portava
800 1079 1068 1170 limitatione
1100 1077 1145 1170 di
1180 1096 1296 1170 sorta
1325 1123 1364 1171 ι.

414 1210 481 1296 lta
514 1205 609 1295 iure
642 1202 929 1292 matrimoniis
973 1202 1212 1293 adsistendi
1255 1205 1519 1323 generaliter
1566 1203 1770 1323 probato,

291 1334 348 1430 de
382 1328 602 1420 nonnullis
640 1327 725 1416 sibi
768 1327 1102 1444 exceptionibus
1147 1326 1461 1443 disputandum
1496 1325 1657 1415 Vicarii
1690 1355 1772 1444 pu·

292 1471 404 1547 taut.
441 1449 613 1541 Excidit
650 1479 829 1567 perraro
864 1451 908 1536 in
931 1449 1068 1538 litoris
1090 1449 1441 1540 nominationum
1465 1448 1791 1540 verbusculum

293 1577 467 1698 aliquod
502 1571 623 1692 quod
656 1572 837 1661 Vicariis
871 1571 1096 1661 adversari
1130 1572 1321 1677 videtur,
1349 1573 1600 1664 facultatem
1625 1571 1679 1659 iis
1701 1571 1775 1659 ad-

291 1695 472 1794 sisteudi
505 1695 737 1800 tribuens,
776 1711 953 1812 accepta
983 1693 1105 1814 prius
1137 1697 1196 1784 ab
1228 1695 1622 1816 Archipresbytoro
1655 1692 1778 1784 dcle·

293 1824 484 1948 gatione,
523 1817 843 1938 proutVicariu
884 1817 1112 1907 Baccbetta
1146 1817 1377 1938 contingit,
1415 1819 1491 1940 qui
1527 1820 1780 1908 interactu·

293 1979 366 2038 res
399 1973 492 2034 sese
537 1941 580 2029 in
616 1942 834 2057 praesenti
872 1969 999 2030 causa
1046 1942 1266 2058 praebuit.
1304 1943 1519 2032 ldtamen
1546 1943 1666 2031 nullo
1691 1970 1783 2027 mo-

294 2073 352 2162 do
386 2067 471 2156 sibi
507 2093 664 2154 nocere
682 2063 843 2152 Vicarii
884 2063 1082 2152 tradunt.
1120 2067 1259 2153 Nemo
1295 2067 1413 2155 enim
1457 2066 1522 2154 ius
1556 2063 1670 2152 istud
1705 2063 1785 2150 ab·

293 2191 427 2283 stulit:
469 2186 917 2277 nemoParooborum
954 2187 1046 2274 iura
1081 2186 1268 2276 minuit:
1304 2188 1537 2280 solaenim
1560 2185 1780 2275 Ecclesia·
1837 2285 1840 2290 ,

294 2316 401 2406 stica
434 2308 669 2399 auctoritas
701 2339 815 2427 quae
838 2326 989 2399 curata
1015 2308 1229 2400 bertelicia
1252 2311 1551 2415 constituerat,
1591 2339 1674 2430 per
1696 2307 1781 2396 lor·

296 2437 415 2528 male
448 2434 673 2523 decretum
706 2449 967 2552 potestatem
1003 2449 1129 2522 antea
1155 2434 1362 2524 traditam
1386 2433 1587 2522 minuere
1620 2429 1786 2550 potuis-

292 2579 378 2665 set,
415 2555 538 2676 quod
572 2555 655 2644 sibi
682 2570 829 2644 tamen
871 2555 1056 2644 minime
1078 2554 1398 2674 perficiendum
1432 2555 1618 2646 censuit.
1656 2555 1786 2668 Quo-

293 2683 425 2773 modo
460 2713 504 2769 se
535 2679 842 2770 Cremonensis
874 2677 1014 2769 Curia
1052 2709 1157 2798 erga
1196 2679 1393 2769 Vicarios
1430 2695 1567 2798 gerat,
1604 2707 1655 2766 ac
1677 2707 1788 2798 quo·¹

295 2804 429 2898 modo
461 2833 543 2921 pro
573 2801 742 2888 viribus
776 2799 1170 2920 Archiprcshytero
1203 2801 1360 2907 laceat,
1398 2803 1607 2891 omnibus
1640 2815 1778 2917 putet.

297 2929 473 3020 Nemini
508 2924 641 3043 igitur
665 2923 826 3012 mirum
860 2955 952 3014 esse
986 2924 1119 3014 debet
1151 2923 1184 3011 si
1220 2925 1328 3014 haec
1359 2955 1520 3014 novam
1556 2938 1787 3014 consuetu-

293 3054 445 3145 dinem
479 3047 686 3137 inducore
728 3045 998 3166 quandoque
1031 3047 1284 3152 contendat,
1319 3079 1368 3137 ac
1404 3047 1439 3136 si
1475 3077 1605 3137 nemo
1633 3075 1688 3136 ex
1704 3043 1781 3132 Vi·

293 3173 419 3266 curiis
448 3187 601 3262 contra
640 3169 941 3260 huiuscemodi
975 3169 1187 3259 clausulas
1204 3169 1476 3278 clamaverit,
1503 3201 1605 3259 cnm
1637 3197 1683 3258 se
1704 3166 1786 3256 mi·

293 3298 414 3385 ninte
448 3296 507 3382 ab
540 3293 605 3380 his
639 3293 849 3411 adstringi
893 3294 1062 3412 optime
1102 3310 1263 3382 nosset.
1305 3294 1645 3407 Quamobrem,
1682 3319 1784 3380 cum

297 3419 403 3509 iuris
437 3416 667 3506 existentia
700 3415 1022 3506 absolutissime
1065 3413 1426 3522 demonstretur,
1464 3447 1545 3505 nec
1576 3411 1785 3504 contrarii

295 3541 712 3662 quomodocumque
743 3555 862 3628 actus
894 3541 1196 3657 reperiantur,
1243 3537 1363 3628 nullo
1396 3542 1441 3629 in
1475 3539 1616 3660 pretio
1649 3566 1785 3627 exce-

304 3667 477 3784 ptiones
510 3661 766 3751 huiusmodi
799 3661 1017 3754 iaciendas
1039 3661 1221 3752 Parecbi
1254 3679 1425 3782 putant.

417 3789 505 3876 Nec
539 3785 668 3874 relect
716 3784 837 3904 quod
879 3784 923 3873 in
966 3785 1069 3906 ipsis
1110 3783 1430 3905 parochialibus
1462 3785 1685 3876 codicibus
1719 3781 1776 3872 ad

292 3909 573 3999 matrimonia
606 3908 934 4026 spectantibus,
972 3909 1016 3996 in
1051 3939 1256 4028 praesens
1289 3909 1422 3998 etiam
1454 3907 1618 4000 Vicarii
1650 3935 1780 4024 paro-2

293 4033 362 4122 cbi
395 4031 747 4149 obsignationem
782 4061 903 4119 suam
952 4046 1179 4152 apponant
1216 4031 1394 4122 adiectis
1427 4031 1576 4121 verbis
1614 4071 1631 4111 ι
1671 4027 1784 4116 dele-

293 4169 390 4272 9ato
423 4154 776 4270 doll'Aruiprctc.
820 4197 836 4232 ι
889 4155 939 4244 ld
985 4156 1104 4246 enim
1153 4155 1384 4246 necessitas
1425 4186 1475 4244 ac
1506 4151 1784 4244 calamitosae

296 4295 546 4396 temporum
581 4277 895 4367 vicissitudines
927 4277 1219 4395 expostulant.
1246 4278 1477 4367 Neminem
1500 4274 1694 4395 prolecto
1716 4271 1781 4361 la-

297 4415 360 4489 tet
392 4401 562 4490 codices
596 4425 748 4488 omnes
780 4401 1050 4518 parochiales
1083 4401 1223 4491 civilis
1243 4399 1512 4491 auctoritatis
1544 4395 1782 4512 investiga·

296 4521 491 4612 tionibus
524 4521 893 4641 quandocumque
927 4527 1141 4614 obnoxios
1185 4551 1279 4614 esso
1310 4551 1452 4645 posse,
1495 4549 1610 4644 quae
1642 4521 1777 4606 Pam·

297 4645 479 4734 chorum
513 4645 753 4765 pluralitati
790 4649 891 4735 totis
922 4649 1089 4737 viribus
1121 4647 1394 4740 adversatur.
1444 4641 1677 4733 Prudentis
1710 4637 1785 4757 igi·

302 4783 370 4857 tur
403 4799 491 4856 non
535 4785 661 4870 esset,
702 4769 926 4887 quomodo
960 4796 1009 4860 se
1044 4801 1116 4860 res
1156 4769 1313 4859 habeat
1346 4784 1497 4889 aperte
1532 4763 1780 4866 ostendere,

303 4921 360 4980 ne
392 4893 618 4980 molestiae
640 4892 851 4980 Parorbis
883 4893 1141 5000 interantur,
1184 4909 1316 5012 atquc
1359 4893 1461 4983 idco
1494 4884 1784 5007 delegationis

298 5013 576 5104 simulacrum
610 5015 865 5135 confingunt
897 5015 1083 5138 perinde
1099 5047 1148 5106 ac
1181 5013 1214 5104 si
1251 5047 1364 5105 unus
1398 5009 1778 5132 Archipresbyter,

296 5137 373 5256 qui
416 5138 530 5228 solus
563 5139 679 5229 civili
712 5139 807 5256 lege
856 5139 1074 5229 Parecbus
1107 5155 1188 5244 est,
1225 5138 1508 5230 matrimonia
1555 5133 1778 5225 celebrau-

293 5259 343 5352 di
376 5261 443 5352 ius
475 5262 666 5368 habeat,
705 5277 837 5383 atque
871 5261 944 5349 alii
984 5289 1140 5352 omues
1190 5278 1367 5382 accepta
1400 5263 1458 5350 ab
1491 5289 1543 5348 eo
1575 5255 1782 5346 lacnltute

294 5397 489 5474 utantur.
923 5403 927 5409 ·
1317 5393 1322 5400 ’

418 5511 534 5596 llaec
567 5507 748 5598 demum
776 5505 936 5596 malam
960 5507 1342 5626 Archiprcsbyteri
1366 5505 1502 5599 fidem
1526 5503 1665 5624 magis
1692 5532 1784 5591 ma-

291 5630 449 5748 gisque
483 5629 669 5748 probare
687 5630 860 5720 'Vicarii
900 5629 1051 5736 aiunt,
1089 5631 1165 5753 qui
1207 5646 1458 5752 temporum
1491 5625 1702 5748 angustiis
1731 5649 1784 5715 ue
