4460 6332
557 305 648 394 466
981 300 1060 387 Die
1092 301 1153 388 20
1184 299 1433 416 Septembris
1470 301 1486 388 l
1496 305 1605 392 879.

546 427 704 545 viginti
759 421 969 513 exsistens
1031 422 1158 512 unius
1222 423 1444 513 chartulae
1504 425 1677 515 delectu
1739 421 2073 514 dissolvatur?
2135 465 2139 480 ·

555 548 682 638 Ratio
731 545 935 636 habenda
989 544 1164 634 videtur
1183 587 1188 616 ι
1211 561 1253 634 et
1302 546 1505 664 publicae
1554 547 1805 664 opinionis,
1861 565 1906 636 et
1969 575 2077 660 pu-

550 671 690 760 blicae
724 667 1026 759 admirationis
1059 667 1151 756 sive
1195 666 1413 771 scandali,
1466 685 1510 756 et
1546 685 1792 787 temporum
1831 669 2070 790 iniquita·

458 807 463 818 '
551 795 637 882 tis:
686 790 922 908 opinionis,
960 821 1046 908 qua
1080 789 1312 908 populares
1346 791 1569 910 bucusque
1596 795 1869 883 Salvatorem
1894 807 1944 878 et
1972 791 2070 877 Pe-

552 914 771 1004 tronillam
795 912 838 1000 in
854 942 958 1001 vero
974 943 1022 1000 ac
1042 911 1238 1030 legitimo
1255 943 1349 1001 esse
1370 913 1572 1032 coniugio
1597 927 1874 1031 putaverant;
1902 911 2074 1002 admi-

551 1036 746 1140 rationis,
769 1035 1062 1153 publicaeque
1094 1035 1371 1140 ollensionis,
1410 1037 1469 1124 ob
1506 1055 1592 1124 tarn
1632 1036 1892 1127 diuturnum
1928 1035 2072 1122 ince-

553 1175 750 1249 stuosum
792 1157 1172 1260 concubinatum,
1212 1173 1465 1276 tantamque
1498 1157 1813 1248 ecclesiasticae
1850 1157 2065 1245 auctori·
2166 1252 2169 1269 ¹

551 1281 651 1370 tatis
686 1278 928 1368 incuriam:
965 1281 1202 1398 praesentis
1240 1310 1346 1368 vero
1370 1281 1579 1398 temporis
1613 1311 1700 1398 quo
1732 1279 1869 1370 civilis
1903 1296 2071 1368 aucto-

552 1403 693 1507 ritas,
732 1431 846 1518 quae
889 1403 971 1490 sibi
1009 1418 1182 1519 arrogat
1226 1417 1268 1488 et
1311 1403 1535 1527 inquirere
1580 1403 1637 1490 de
1677 1401 2063 1521 impedimentiS,

478 1525 482 1530 ’
553 1543 596 1614 et
629 1523 773 1612 civilia
808 1523 1086 1612 matrimonia
1120 1525 1421 1642 coniungere,
1461 1525 1674 1642 optimam
1710 1525 1795 1610 sibi
1843 1525 2064 1611 oblatam

495 1703 497 1708 ,
553 1647 824 1737 occasionem
868 1645 1135 1735 existimabit
1180 1647 1501 1764 vituperandae
1550 1647 1793 1745 Ecclesiae,
1847 1663 1891 1732 et
1940 1677 2064 1734 suos

556 1769 871 1860 concubinatus
912 1771 1096 1856 summis
1136 1767 1339 1858 laudibus
1382 1769 1656 1872 extollendi;
1707 1767 1897 1856 maximo
1940 1797 2058 1856 cum

559 1889 899 2008 ephemeridum
950 1891 1353 2009 plausu,quarum
1389 1921 1522 2008 opera
1559 1891 1814 1980 muliercula
1850 1889 1925 1978 illa
1960 1891 2063 1978 iam

561 2009 802 2133 spopondit
844 2042 889 2098 se
934 2013 1181 2116 iacturam,
1230 2031 1276 2101 ut
1324 2014 1539 2102 sententia
1587 2013 1785 2102 dissoluti
1836 2012 2056 2130 coniugii,

563 2151 663 2256 post
697 2150 762 2221 tot
796 2163 933 2222 annos
955 2153 997 2222 et
1041 2152 1140 2253 post
1173 2135 1285 2224 filios
1319 2134 1423 2224 inde
1455 2153 1675 2254 susceptos
1709 2137 1907 2254 undique
1932 2138 2063 2226 evul-

563 2275 709 2378 getur.
747 2253 817 2342 Ad
851 2269 914 2343 tot
947 2259 1061 2345 mala
1096 2258 1292 2360 vitanda,
1330 2257 1536 2377 equidem
1571 2257 1777 2362 arbitror,
1807 2258 2056 2375 petendam
2102 2304 2106 2311 ¹
2180 2307 2181 2310 ι

563 2412 657 2470 esse
689 2377 1119 2492 dispensationema
1162 2381 1345 2470 Summo
1386 2379 1634 2485 Pontificc3
1681 2380 1788 2499 quin
1836 2398 1881 2468 et
1915 2379 2057 2470 invito

565 2505 697 2603 viro,
740 2499 1105 2608 matrimonium,
1149 2503 1184 2590 si
1218 2534 1329 2620 opus
1363 2519 1492 2608 esset,
1529 2501 1774 2592 sanandum
1811 2503 1856 2589 in
1890 2503 2056 2606 radica·

565 2621 699 2714 modo
732 2638 900 2710 constet
931 2624 987 2712 de
1022 2623 1129 2714 boue
1161 2624 1247 2746 fide
1291 2625 1336 2712 in
1378 2641 1476 2714 actu
1520 2623 1790 2714 matrimonii
1835 2624 1945 2714 olim
1985 2658 2055 2713 co-

561 2777 657 2836 ram
693 2743 879 2832 Ecclesia
917 2745 1031 2836 initi.
1068 2747 1223 2839 Sanari
1246 2746 1367 2838 euim
1391 2747 1509 2836 nulla
1538 2749 1705 2836 ratione
1742 2763 1904 2864 potest,
1930 2749 2051 2866 quod

565 2897 792 2984 nunquam
841 2867 1020 2972 exstitit,
1074 2869 1279 2962 videlicet
1327 2899 1578 2958 consensus.
1608 2869 1651 2957 in
1702 2869 2050 2959 matrimonium.

570 2995 682 3081 Nam
705 2988 739 3076 si
761 2986 936 3106 utrique
958 2991 1163 3110 coniuges
1199 2992 1312 3080 mala
1345 2990 1433 3082 lide
1467 2991 1744 3082 simulassent
1766 2992 2044 3082 matrimonio

566 3109 802 3228 coniungi,
841 3140 928 3198 non
966 3113 1008 3201 iu
1032 3116 1367 3204 matrimonium
1391 3115 1738 3221 consensissent,
1776 3113 1855 3204 sed
1889 3115 1934 3200 iu
1960 3147 2054 3204 con·

566 3235 839 3324 cubinatum.
876 3234 925 3320 Iu
959 3237 1108 3352 copula
1140 3237 1359 3358 ntaniscste
1403 3237 1644 3357 fornicario
1676 3237 1796 3324 nullu
1828 3255 1888 3326 est
1922 3237 2048 3325 radis

569 3357 850 3448 matrimonii.
1062 3365 1067 3378 “

692 3483 853 3570 Contra
903 3512 1039 3586 vero,
1092 3483 1126 3570 si
1170 3481 1293 3571 initio
1334 3511 1463 3570 verus
1496 3511 1582 3569 non
1633 3480 1773 3570 deluit
1801 3511 2049 3586 consensus,

571 3602 816 3692 necessaria
867 3634 951 3690 nou
1003 3621 1182 3723 putatur
1229 3604 1457 3692 renovatio
1490 3633 1756 3706 consensus,
1796 3621 1844 3690 ut
1876 3621 2051 3694 sanetur

568 3724 899 3812 matrimonium
934 3725 977 3813 in
1015 3727 1180 3816 radice:
1220 3727 1398 3844 quaesi
1448 3725 1687 3815 necessaria
1709 3743 1838 3830 esset,
1876 3727 1959 3818 hoc
1991 3758 2053 3814 re-

568 3844 767 3934 medium
801 3879 825 3932 a
860 3847 1045 3962 simplici
1081 3849 1407 3966 dispensatione
1442 3877 1528 3936 non
1576 3847 1788 3938 dillcrret.
1826 3854 1879 3938 m
1911 3847 2052 3966 prole·
2180 3946 2181 3953 Ν

571 3984 640 4055 cto
691 3969 771 4054 boc
819 3965 1017 4058 remedio
1066 3973 1236 4062 Summi
1285 3969 1515 4059 Pontifices
1561 3971 1626 4059 usi
1673 3989 1773 4060 suut
1813 3967 2051 4090 aliquando

569 4104 759 4207 utroque
793 4087 1008 4208 coniuge,
1046 4110 1125 4180 aut
1157 4093 1293 4182 altero
1326 4093 1478 4182 saltem
1513 4092 1665 4200 inscio,
1704 4094 1939 4182 autetiam
1962 4109 2054 4211 post

570 4209 801 4328 utriusque
835 4214 1028 4334 coniugis
1062 4215 1271 4318 obitum,
1312 4231 1358 4304 ut
1391 4213 1534 4334 proles
1566 4215 1693 4305 fieret
1727 4217 1938 4334 legitima.
1972 4219 2054 4305 Nec

569 4363 743 4423 necesse
777 4349 854 4438 est,
894 4351 940 4422 ut
973 4336 1094 4454 prior
1127 4369 1361 4428 consensus
1394 4337 1619 4425 moraliter
1653 4353 1926 4456 perseveret:
1952 4367 2051 4425 nam

571 4455 834 4548 Benedictus
867 4459 970 4546 XlV
1004 4459 1254 4550 huiusmodi
1288 4461 1562 4550 sanationem
1605 4460 1814 4549 concessit
1851 4461 1960 4550 dum
1994 4459 2052 4548 al·

573 4594 639 4666 ter
661 4579 893 4694 coniugum
930 4581 1196 4671 matrimonii
1229 4583 1489 4672 solutionem
1512 4581 1779 4674 sollicitaret.
1803 4587 1914 4676 lllala
1947 4581 2053 4672 fides

572 4699 704 4790 etiam
739 4701 916 4792 alterius
950 4717 1119 4794 tautum
1154 4705 1373 4824 coniugis,
1412 4705 1623 4794 sanationi
1658 4737 1745 4795 non
1778 4707 1940 4812 obstat;
1964 4703 2049 4792 vid.

570 4822 774 4921 Perrone,
799 4823 849 4910 de
882 4827 1072 4918 Metrias.
1100 4827 1262 4917 Gltrist.
1292 4827 1368 4916 lib.
1393 4831 1439 4932 2,
1467 4831 1598 4916 sect.l
1642 4861 1734 4944 cup.
1761 4831 1790 4916 lt
1821 4883 1866 4916 -.

698 4946 742 5032 5.
780 4949 1015 5066 Hucusque
1063 4951 1349 5068 peritissimus
1393 4949 1656 5056 Consultor3
1696 4982 1848 5040 verum
1884 4965 2054 5070 praeter

574 5097 627 5160 ea
660 5097 773 5184 quae
808 5069 866 5158 ab
898 5074 1141 5163 extrinseco
1176 5075 1454 5164 manifestum
1488 5073 1550 5162 rei
1573 5072 1809 5164 discrimen
1840 5101 2055 5163 common·

574 5207 743 5294 strant,
782 5191 921 5298 illud,
973 5197 1092 5314 quod
1148 5228 1253 5316 prae
1306 5197 1509 5285 omnibus
1564 5193 1900 5286 infirmationem
1957 5223 2055 5284 sen·

573 5313 811 5403 tentiarum
848 5335 990 5440 urget,
1028 5335 1092 5408 est
1144 5319 1416 5440 potissimum
1463 5321 1791 5410 monstruositas
1829 5313 2053 5408 iudiciiin
2178 5345 2179 5370 ι

572 5449 757 5554 utraque
791 5441 896 5529 sede
929 5441 1154 5560 exagitati,
1197 5442 1240 5530 in
1275 5441 1621 5564 quo'quaelibet
1670 5443 1738 5532 vel
1779 5436 2053 5530 elementaris
