4460 6332
636 399 719 486 Die
749 399 811 487 20
841 397 1090 516 Septembris
1124 401 1261 489 t879.
1599 400 1691 491 445

182 536 277 614 tus
324 522 470 611 lraudi
512 521 835 611 insimulandae
874 520 1133 640 integritatis
1177 539 1378 644 apertus,
1416 523 1607 642 ideoque
1651 543 1696 616 et

181 647 321 736 ordo
356 645 506 733 iudicii
540 645 850 733 restaurandus
889 662 969 747 est,
1015 660 1058 733 et
1101 666 1403 764 opportunum
1445 646 1709 736 remedium

189 769 265 858 ad
305 768 506 857 lrandem
542 767 856 855 eliminandam
893 767 1094 856 adhiberi
1127 767 1277 857 debet.

335 894 487 1010 Neque
521 890 789 979 attendenda
822 905 885 977 cst
918 892 1136 980 excusatio
1171 892 1491 1008 praeteritionis
1540 891 1686 978 balnei

189 1047 222 1104 a
267 1014 419 1134 peritis
468 1012 692 1114 adducta,
740 1013 859 1130 qnod
905 1013 1149 1138 :ldrianam
1196 1015 1518 1102 existimassent
1560 1013 1695 1101 simu·

192 1139 371 1228 landae
405 1135 666 1252 integritatis
701 1134 965 1252 incapacem3
1003 1137 1365 1254 quandoquidem
1401 1137 1506 1225 haec
1536 1164 1692 1222 eornm

193 1260 359 1378 opinio
411 1257 703 1346 moralitatem
742 1275 785 1344 et
822 1260 1129 1346 conscientiam
1173 1259 1288 1348 illins
1333 1260 1582 1375 pertingens
1625 1287 1699 1344 ex-

194 1382 398 1472 cedebat
430 1379 614 1469 officium
648 1381 804 1469 iisdem
839 1383 1134 1470 commissum.
1171 1383 1380 1470 Liberum
1414 1380 1594 1498 quidem
1631 1395 1698 1466 est

198 1505 362 1622 peritis
396 1506 598 1620 excipere
634 1505 700 1590 vel
741 1535 948 1620 respuere
985 1505 1240 1592 mandatum
1291 1503 1571 1620 inspectionis
1604 1529 1699 1588 cor·

199 1629 394 1745 poralis;
434 1644 499 1714 ast
533 1625 669 1714 semel
703 1657 751 1713 ac
786 1625 893 1714 illud
937 1625 1190 1743 excipiunt,
1230 1627 1571 1744 haudquaquam
1605 1651 1699 1711 sese

201 1749 629 1838 subducerevalent
662 1749 1080 1867 praescriptionibus
1123 1767 1168 1839 et
1213 1749 1391 1837 cautelis
1438 1750 1494 1836 ab
1528 1745 1700 1864 legibus

202 1874 429 1960 Ecclesiae
464 1888 507 1958 et
542 1873 800 1987 praesertim
835 1873 892 1958 ab
925 1874 1211 1962 lustructione
1244 1875 1290 1963 S.
1326 1870 1505 1960 Ordinis
1527 1870 1588 1956 22
1613 1872 1703 1954 Au·

207 1995 325 2112 gusti
361 1995 500 2082 l8-l0.
538 1998 671 2080 Porro
705 1994 747 2080 in
783 2025 835 2080 eo
868 1994 986 2111 quod
1022 1996 1209 2083 Ecclesia
1242 1993 1387 2082 studet
1420 1993 1582 2081 certior
1604 1988 1703 2076 red·

209 2117 263 2206 di
296 2117 444 2234 quoad
478 2116 589 2204 lacta
624 2117 954 2205 matrimonium
992 2117 1283 2234 respicientia,
1322 2147 1403 2204 nec
1436 2145 1521 2201 uon
1553 2109 1702 2231 quoad

209 2241 486 2328 honestatem
537 2239 671 2357 partis
718 2238 1067 2341 examinandae,
1117 2253 1412 2358 opportunum
1447 2233 1704 2354 praescrihi-

207 2379 283 2450 tnr
317 2361 564 2450 remedium
592 2362 765 2448 testium
781 2361 996 2478 septimae
1019 2377 1440 2478 manusexutroque
1474 2361 1609 2446 latere
1631 2355 1704 2444 ad·

207 2484 448 2585 hibendae3
470 2484 661 2599 disponit.
679 2484 796 2570 enim
816 2483 1053 2601 praecitata
1092 2485 1323 2574 Instructio
1355 2484 1397 2569 in
1432 2479 1477 2600 3.
1503 2479 1698 2566 Liberum

215 2609 299 2695 crit
328 2648 344 2686 α
378 2607 524 2694 Omeros
545 2638 642 2693 vcro
667 2621 781 2694 testes
823 2637 1006 2722 congrua
1032 2610 1226 2723 congruis
1257 2604 1494 2727 referendo,
1520 2597 1705 2718 repandi

209 2747 349 2828 eruat,
369 2732 616 2844 praesertim
630 2727 796 2844 quondo
810 2731 960 2817 initum
978 2728 1110 2848 suerit
1123 2730 1451 2830 matrimonium,
1467 2741 1541 2812 etc.
1558 2743 1634 2810 etc.
1659 2756 1699 2826 »3

208 2870 253 2939 et
271 2851 553 2939 nihilominus
571 2869 743 2967 praeter
762 2851 842 2939 hoc
859 2851 1158 2941 testimonium
1175 2852 1210 2942 si
1226 2851 1404 2970 querela
1423 2865 1621 2936 versetur
1639 2876 1707 2933 sn·

214 3005 295 3092 per
316 2975 515 3064 nullitate
531 2972 799 3062 matrimonii
816 3006 869 3061 ex
887 2971 1030 3091 capite
1047 2974 1335 3094 impotentiae
1354 2973 1497 3086 adhuc
1523 2967 1708 3085 iniungi-

216 3115 291 3184 tur
323 3098 534 3214 inspectio
567 3096 819 3214 corporalis,
857 3096 902 3219 3.
938 3097 985 3184 Si
1007 3098 1173 3214 quercla
1211 3139 1228 3178 ι
1267 3096 1302 3185 si
1345 3093 1525 3214 querela
1574 3121 1708 3206 super

220 3259 236 3296 ι
276 3218 533 3337 impotentia
567 3233 778 3340 versetur,
817 3219 1116 3338 interrogandi
1165 3235 1294 3308 erunt
1337 3217 1467 3336 periti
1520 3213 1703 3334 physici,

217 3381 234 3420 ι
274 3371 384 3458 quos
417 3341 622 3459 coniuges
655 3343 981 3430 consuluerunt.
1007 3347 1253 3446 Praeterea,
1275 3355 1491 3459 quatenns
1523 3337 1706 3458 querela

218 3505 235 3542 r
274 3493 405 3580 snper
437 3463 638 3552 nullitate
671 3496 725 3554 ex
745 3466 796 3552 iis
812 3465 882 3568 sit,
910 3483 959 3552 ut
975 3465 1085 3554 solvi
1107 3495 1195 3553 non
1220 3464 1350 3584 possit
1370 3461 1705 3552 matrimonium

218 3627 234 3664 r
274 3586 309 3674 si
343 3587 550 3702 coniuges
583 3587 694 3674 illud
727 3619 813 3676 raon
863 3589 1302 3692 consummaverint,
1340 3601 1443 3674 tunc
1477 3583 1708 3702 proceden-

219 3751 234 3784 «
275 3708 373 3795 dura
407 3710 489 3796 erit
521 3708 578 3796 ad
610 3709 901 3826 impactionem
935 3713 1126 3826 corporis
1148 3712 1384 3829 coniugum
1408 3739 1620 3811 scorsum,
1641 3735 1707 3795 se·

220 3872 236 3909 ι
277 3831 428 3951 quenti
462 3833 672 3920 methodo
709 3832 1096 3950 perficiendam».

334 3954 723 4064 Quemadmodum
759 3973 905 4044 autem
943 3957 1220 4072 praeceptiva
1254 3971 1319 4043 est
1352 3953 1522 4041 auditio
1565 3952 1707 4068 septi·

208 4107 306 4166 mac
341 4105 511 4179 manns,
548 4079 607 4165 ita
640 4079 770 4165 etiam
818 4078 1145 4195 praeceptivum
1180 4093 1245 4164 est
1279 4077 1526 4165 remedium
1550 4075 1707 4190 inspe-

210 4197 362 4288 ctionis
405 4201 643 4315 corporalis
677 4199 929 4318 coniugum,
971 4201 1077 4318 qnin
1104 4229 1242 4288 unum
1266 4202 1453 4287 alterurn
1485 4197 1708 4314 impediat

212 4321 281 4408 vel
315 4321 535 4409 excludat.
572 4326 752 4411 Prorsus
785 4325 1010 4412 diversum
1044 4341 1109 4411 est
1142 4321 1327 4410 officium
1363 4339 1450 4408 tam
1489 4319 1692 4421 testium,

212 4475 345 4562 qnam
379 4443 639 4560 peritornm3
678 4446 886 4563 qnoniam
922 4461 1050 4535 testes
1082 4446 1267 4534 edocere
1302 4445 1467 4532 debent
1497 4441 1554 4529 de
1578 4438 1706 4528 lactis

214 4583 309 4654 tum
346 4565 392 4653 in
423 4568 644 4655 occasione
678 4568 883 4686 coniugii,
923 4585 1015 4657 tum
1052 4583 1150 4686 post
1185 4568 1356 4684 nuptias
1389 4563 1607 4668 obventis3
1630 4589 1708 4678 pe·

216 4688 289 4775 riti
323 4704 467 4776 autem
503 4690 686 4777 edocere
718 4691 881 4779 debent
915 4691 972 4780 de
1005 4691 1222 4807 corporali
1251 4707 1367 4776 statu
1401 4686 1596 4803 coniugis
1632 4682 1707 4770 vel

210 4809 451 4928 coniugum
486 4813 876 4931 inspiciendorum,
913 4843 962 4901 ac
996 4813 1252 4928 praesertim
1274 4811 1330 4899 de
1353 4809 1520 4898 indiciis
1543 4809 1601 4896 ab
1626 4835 1706 4893 eo-

208 4933 412 5021 rumdem
445 4933 711 5051 inspectione
747 4936 1060 5023 resultantibus
1092 4936 1184 5022 sive
1219 4964 1300 5051 pro
1333 4933 1598 5050 virginitate,
1627 4928 1698 5016 si-

211 5083 266 5141 ve
299 5087 379 5172 pro
412 5059 698 5174 corruptione¹
724 5055 997 5164 affirmanda3
1035 5073 1167 5175 atque
1201 5057 1260 5144 ita
1283 5057 1414 5143 etiam
1438 5055 1601 5140 relerre
1622 5050 1704 5138 de-

213 5175 336 5282 hent,
375 5209 430 5265 an
463 5181 608 5298 aliqua
642 5180 755 5268 fraus
799 5179 1014 5267 committi
1050 5179 1191 5296 potuit
1224 5177 1280 5267 ad
1314 5174 1704 5296 virginitatemsi-

214 5299 468 5412 mulandam
504 5303 561 5390 ita
580 5305 775 5421 sequitur
787 5303 1014 5392 instructio
1038 5303 1080 5389 in
1105 5299 1150 5422 3.
1166 5301 1313 5389 ludere:
1330 5340 1363 5392 ,ι
1392 5303 1569 5388 Peracta
1603 5297 1705 5382 hinc

220 5459 237 5498 r
275 5423 603 5542 recognitione,
652 5424 833 5513 seorsim
881 5425 1075 5544 singulae
1123 5423 1389 5512 Obstetrices
1433 5421 1616 5540 reserent
1648 5415 1701 5503 de

223 5583 241 5622 ι
278 5547 542 5664 uirginitatis
575 5565 648 5635 aut
678 5549 962 5663 corruptionis
986 5545 1159 5634 iudiciis
1182 5547 1239 5634 ah
1262 5544 1536 5662 inspectione
1569 5539 1707 5631 resul-
