4516 6318
484 439 575 532 roa
926 439 1009 526 no
1042 437 1101 526 aa
1132 403 1356 526 notantia
1389 438 1527 528 aare.

481 592 609 683 posse
640 559 866 652 contendit
899 562 1200 668 resolutiones,
1236 592 1353 681 quac
1385 563 1520 653 ass.
1539 559 1963 680 congregationibus

483 685 628 776 editae
662 683 837 772 luerunt
872 716 950 803 pro
983 685 1230 803 Collegiati's
1264 685 1460 774 Ecclesiis
1492 685 1678 776 Carnutis.
1736 684 1965 802 Siquidem

484 805 783 898 diversimode
800 838 866 896 res
888 839 933 898 se
950 808 1084 896 habet
1107 809 1150 895 iu
1175 807 1465 914 Commuuiis,
1481 808 1588 898 dum
1613 806 1656 894 io
1682 807 1781 911 illis,
1797 816 1976 924 Aposto·
2009 865 2013 870 -

485 933 564 1028 lica
597 930 894 1021 demandante
934 931 1207 1034 auctoritate,
1227 931 1440 1022 Ecclesiae
1472 949 1608 1022 status
1633 931 1691 1018 ita
1715 931 1969 1022 immutatus

484 1068 633 1144 manet
667 1069 713 1141 ιιι
745 1053 995 1172 Capitulum
1027 1071 1254 1158 censeatur
1288 1057 1442 1144 Rectus·
1464 1072 1508 1144 et
1537 1056 1732 1172 Sponsus
1757 1051 1972 1142 Ecclesiae

380 1267 384 1274 ,
489 1177 595 1295 Pyr.
633 1177 734 1264 Gor.
770 1177 909 1266 Pras.
946 1175 1091 1299 Renes.
1130 1175 1205 1266 tit.
1241 1179 1287 1266 2.
1325 1207 1419 1293 cop.
1454 1179 1500 1268 2.
1536 1209 1649 1266 natm.
1706 1177 1784 1278 21,
1836 1207 1972 1295 penes

486 1299 609 1424 quod
659 1297 891 1390 habitualis
925 1300 1085 1390 residet
1130 1331 1233 1390 cura
1277 1301 1522 1390 animarum
1569 1330 1647 1417 per
1693 1297 1968 1417 designatam

485 1451 716 1541 personam
751 1421 996 1512 exercenda
1031 1424 1206 1540 Pipnot.
1242 1440 1339 1513 torn.
1376 1425 1420 1513 9.
1458 1422 1632 1512 consult.
1671 1421 1778 1527 150,
1815 1453 1858 1510 n.
1902 1423 1969 1527 3.;

485 1545 529 1634 in
565 1545 655 1634 istis
686 1575 791 1634 vcro
830 1563 1026 1636 remanet
1059 1549 1252 1636 Parocho
1273 1548 1410 1637 veluti
1447 1547 1574 1636 unico
1592 1545 1809 1634 Ecclesiae
1830 1547 1972 1664 Spon-

476 1699 536 1772 so
570 1682 658 1756 tam
694 1667 961 1774 habitualis,
1014 1701 1147 1788 quam
1191 1670 1368 1760 actualis
1412 1669 1661 1758 animarum
1706 1699 1825 1756 cura.
1873 1668 1975 1757 Au·
2068 1730 2077 1744 ·
2224 1719 2225 1744 ι

490 1791 638 1881 diatur
689 1821 793 1882 sane
840 1792 1092 1912 Episcopus.
1134 1833 1152 1872 ι
1193 1795 1250 1881 lm
1299 1793 1552 1883 Purrocclria
1584 1791 1620 1880 si
1658 1790 1897 1880 conferiscc
1930 1792 1972 1880 al

496 1953 513 1992 ι
551 1916 736 2004 Parroco
773 1915 889 2006 nelle
935 1931 1069 2006 stesse
1112 1915 1252 2004 lorme
1298 1946 1423 2006 come
1470 1917 1504 2004 si
1543 1913 1766 2006 conleriva
1825 1914 1970 2032 prima

496 2077 513 2116 ι
551 2036 668 2128 della
707 2039 935 2128 Cumania.
976 2037 1053 2130 Cid
1087 2039 1293 2156 imperta,
1330 2039 1409 2128 che
1451 2037 1734 2128 l'onnimoda
1767 2033 1973 2154 giurisdi·

410 2179 413 2186 '
496 2199 513 2240 s
551 2161 674 2250 sione
718 2160 834 2250 della
873 2193 976 2250 cura
1007 2162 1209 2252 abituale'
1242 2161 1297 2252 ed
1341 2163 1503 2253 attualc
1551 2159 1708 2252 risiedc
1757 2189 1905 2276 presso
1941 2159 1969 2246 il

404 2320 407 2324 ·
499 2323 515 2361 ι
556 2287 757 2388 Parroco,
784 2315 906 2374 come
944 2315 1023 2402 per
1061 2285 1102 2374 lo
1147 2286 1334 2392 innanti,
1361 2286 1417 2375 ed
1462 2285 1492 2374 il
1526 2288 1727 2381 l’urroco,
1756 2281 1974 2372 uellcCo·

499 2407 760 2496 «muniee
805 2409 851 2500 di
900 2407 1048 2498 diritto
1098 2407 1124 2494 l'
1150 2409 1359 2499 esclusivo
1409 2412 1587 2500 Rettore
1620 2439 1645 2495 e
1676 2408 1814 2524 Sposo
1858 2403 1975 2492 della

493 2530 704 2646 QChiesa
733 2529 873 2648 giusta
910 2530 951 2622 la
990 2529 1124 2620 teoria
1156 2530 1200 2620 di
1240 2530 1437 2622 Oldrado
1473 2560 1689 2620 ammessa
1733 2527 1971 2616 universal·

496 2663 524 2730 i·
552 2671 701 2744 mente
732 2655 788 2744 da
824 2652 922 2743 tutti
955 2652 968 2741 i
991 2654 1228 2746 Canonisti:
1264 2654 1312 2742 id
1343 2657 1452 2742 enim
1471 2671 1577 2744 recte
1595 2647 1788 2769 procedit
1812 2652 1855 2736 in
1880 2649 1973 2738 illis

494 2816 511 2855 r
549 2775 750 2866 Ecclesiis
783 2777 827 2864 iu
860 2775 1007 2894 quibua
1037 2776 1272 2894 presbyteri
1305 2777 1455 2866 diuino
1487 2779 1771 2865 missiserantes
1803 2804 1884 2860 raon
1905 2773 1972 2894 fu·

493 2939 511 2978 r
549 2900 664 2990 eiurat
686 2897 939 3017 Gollepium,
963 2931 1072 2988 secors
1104 2933 1201 2990 uero
1235 2902 1279 2989 iu
1306 2901 1503 2988 Eccleaiis
1521 2898 1770 3016 Collepictis
1793 2914 1837 2985 ut
1859 2927 1972 3012 epre-

495 3061 513 3102 ο
552 3023 622 3140 ple
653 3021 880 3140 distinguit
912 3021 1130 3112 oldradus
1163 3056 1273 3112 cous.
1300 3026 1378 3114 67.
1405 3025 1463 3112 ita
1497 3023 1671 3140 Pr'puot.
1694 3021 1772 3108 loc.
1793 3023 1908 3108 cil.»

498 3178 501 3184 ’
614 3145 742 3260 Quod
776 3145 887 3236 adeo
923 3177 1076 3236 verum
1109 3178 1202 3238 esse
1236 3163 1496 3266 propugnat,
1535 3165 1580 3235 ut
1604 3146 1755 3234 literae
1777 3142 1976 3232 collatio·

492 3267 574 3372 nis,
599 3299 716 3388 quae
748 3301 773 3358 a
803 3269 933 3360 Curia
965 3270 1199 3390 expeditae
1231 3270 1409 3360 luerunt
1433 3285 1528 3389 post
1552 3267 1817 3358 erectionem
1837 3265 1978 3354 'Com-

490 3391 687 3494 muniae,
722 3392 1003 3511 amplissimis
1053 3393 1109 3483 ita
1152 3410 1386 3513 conceptue
1433 3393 1519 3484 siut
1568 3391 1730 3495 verbis,
1767 3407 1814 3479 ut
1846 3405 1973 3478 extra

491 3515 632 3606 omnis
665 3513 953 3607 dubitationis
985 3515 1125 3606 aleam
1160 3533 1324 3636 ponant
1359 3517 1661 3607 omnimodam
1701 3511 1963 3602 iurisdictio·

491 3667 593 3737 nem
627 3639 673 3732 in
704 3639 896 3729 Perocho
915 3640 1185 3743 remansisse,
1208 3641 1391 3758 perinde
1423 3671 1474 3732 ac
1504 3641 1540 3728 si
1563 3637 1825 3730 Communia
1848 3665 1971 3724 num·
2059 3741 2061 3746 ¹

493 3790 626 3880 quam
649 3761 876 3853 extitisset:
913 3761 1072 3880 legitur
1104 3761 1223 3852 enim
1262 3763 1305 3854 in
1344 3763 1481 3853 literis
1529 3761 1774 3852 collationis
1805 3757 1862 3850 de
1899 3788 1978 3846 au-

495 3913 552 3974 uo
569 3884 708 3976 lldl:
733 3925 751 3966 ι
776 3887 862 3976 Nos
880 3883 937 3976 de
953 3889 1137 3976 Rectorc
1160 3885 1301 3976 dictae
1319 3887 1531 3976 Ecclesiae
1570 3885 1806 4004 providere
1829 3881 1978 3970 volen-

503 4048 519 4086 ι
562 4021 641 4112 tes,
669 4007 746 4096 tibi
763 4008 968 4098 eumdem
988 4010 1285 4102 Parochialem
1300 4011 1532 4102 Ecclesiam
1551 4008 1773 4098 Matricem
1788 4037 1977 4094 curuum·

499 4170 517 4210 a
556 4125 969 4238 nidusonueaeiosuis,
987 4131 1150 4220 iuribus
1160 4151 1197 4222 et
1211 4135 1481 4249 pertiuentiis
1496 4131 1699 4220 uttioersis
1716 4128 1977 4222 conlerimus

500 4295 517 4334 ι
557 4252 906 4373 etassignumus.
948 4297 965 4336 ι
1005 4255 1164 4346 lisdem
1199 4255 1339 4348 lermc
1361 4256 1508 4347 verbis
1529 4269 1764 4375 conceptae
1801 4253 1978 4342 luerunt

496 4375 652 4472 literae·
693 4375 935 4472 collationis
983 4378 1175 4470 Parocho
1227 4381 1355 4470 datae
1403 4411 1518 4470 norro
1572 4379 1706 4482 t8t7,
1753 4393 1798 4468 et
1835 4374 1974 4466 1871.

496 4501 606 4595 Cum
642 4499 774 4620 igitur
811 4501 1004 4593 Parocho
1027 4519 1249 4622 competat
1271 4504 1337 4594 ius
1364 4533 1517 4595 omncs
1540 4501 1854 4592 Ecclesiasticus
1875 4499 1972 4588 lun·

496 4622 663 4713 ctioncs
699 4624 937 4744 peragendi
962 4625 1005 4714 in
1041 4626 1219 4747 propria
1255 4626 1458 4730 Ecclesia,
1508 4657 1594 4718 non
1630 4627 1832 4715 obstante
1871 4654 1978 4744 qua·

495 4775 686 4867 cumque
715 4749 1047 4852 consuetudine,
1093 4779 1286 4872 cumque
1319 4752 1402 4840 hoc
1438 4751 1504 4840 ius
1542 4764 1586 4838 et
1629 4749 1735 4870 ipsis
1768 4749 1811 4836 in
1848 4745 1979 4836 colla·

500 4869 628 4960 tionis
666 4869 802 4965 literis
838 4887 1110 4962 reservatum
1153 4873 1308 4978 luerit,
1347 4873 1510 4992 percipi
1555 4872 1707 4992 nequit
1751 4865 1977 4990 quomodo

500 4993 619 5090 idem
653 4993 854 5114 restringi
889 4994 996 5084 velit
1031 4995 1088 5086 ud
1114 4996 1210 5102 hoe,
1239 5012 1286 5086 ut
1322 4997 1365 5086 in
1405 4997 1499 5094 eius
1544 4995 1750 5085 facultate
1793 5023 1880 5082 non
1923 4991 1978 5080 sit

496 5115 633 5208 alitum
677 5117 956 5212 Sacerdotem
997 5151 1078 5238 pro
1107 5119 1379 5210 corumdem
1416 5119 1623 5210 exercitio
1662 5117 1881 5236 delegare.

619 5241 734 5354 Quin
766 5241 932 5364 aliquid
964 5243 1176 5336 lacessere
1218 5245 1361 5334 valeat
1383 5243 1591 5339 articulus
1625 5239 1841 5336 sccundus
1866 5240 1976 5330 Con·

496 5358 789 5474 stitutionem,
809 5365 878 5456 vel
898 5368 1166 5460 consuetudo
1201 5399 1317 5488 quoe
1335 5367 1379 5456 iu
1419 5365 1688 5460 contrarium
1722 5361 1974 5457 adducitur.

481 5481 594 5572 Non
628 5487 836 5580 articulus
867 5491 1252 5596 constitutionum
1282 5491 1373 5609 ipse
1411 5489 1531 5582 euim
1570 5488 1718 5610 prouti
1756 5517 1811 5578 ex
1848 5487 1977 5576 Paro

495 5603 565 5712 clei
601 5609 752 5713 Artele
783 5611 1109 5712 renuntiatione
1139 5614 1379 5732 procedens
1411 5631 1583 5712 tautum
1607 5613 1720 5704 vires
1750 5641 1849 5702 suas
1877 5637 1975 5700 ene·
