4516 6318
734 334 819 422 Die
851 336 911 423 t5
943 333 1169 422 Februarii
1201 335 1340 425 1879.
1478 421 1481 428 ,
1693 338 1782 426 117

299 505 303 516 ,
423 458 658 575 Acceptum
693 456 896 546 libcffum
944 488 996 546 ea
1047 458 1142 575 ipsa
1189 456 1263 546 die
1313 459 1526 578 Episcopo
1574 458 1775 576 abfegavi

290 615 373 707 pro
407 579 719 670 informatione
753 599 796 668 et
830 599 947 686 voto,
970 595 1033 686 ut,
1072 579 1232 670 auditis
1266 583 1476 672 interesse
1498 583 1781 690 habentibus,

294 708 482 797 referret
516 735 648 824 super
679 703 798 791 bono
822 703 1064 794 Oratoris
1053 735 1163 792 rure
1794 739 1798 748 ·

414 827 733 945 Episcopttsff.
755 827 802 917 S
824 829 908 917 C.'
897 858 1009 916 tussa
1028 825 1189 914 faciens
1210 826 1363 916 fitteris
1380 828 1527 918 dte‘M
1547 827 1788 922 tutnt878

293 967 527 1095 postquam
563 949 774 1038 nonnuffa
809 950 1082 1069 praemiserit
1114 949 1226 1038 circa
1251 951 1568 1040 invafiditatem
1596 983 1789 1048 resarta·

295 1074 427 1166 tionis
451 1073 672 1190 pensionis
696 1105 720 1160 a
743 1075 939 1162 Parocho
961 1072 1098 1182 Ciriffi
1124 1087 1352 1189 peractae,
1373 1075 1448 1194 qui
1473 1074 1560 1162 iam
1595 1074 1640 1160 in
1674 1107 1794 1166 sum-

294 1231 366 1289 ma
400 1209 660 1315 paupertate
682 1194 802 1285 diem
827 1196 937 1284 obiit
936 1224 1245 1338 supremum,
1272 1199 1421 1340 quoad
1447 1227 1619 1315 preces
1611 1199 1667 1284 ab
1685 1201 1792 1289 Ora·

294 1342 393 1414 tore
416 1323 462 1411 S
482 1321 535 1406 V.
552 1320 600 1408 Ο.
618 1319 789 1408 obfatas
813 1318 945 1408 animi
970 1321 1034 1408 sui
1058 1349 1233 1406 sensum
1260 1321 1434 1438 aperuit
1457 1321 1564 1410 baec
1596 1321 1795 1412 animad-

291 1459 532 1536 vertens.
558 1443 657 1554 Quo
690 1460 838 1530 autem
863 1442 1018 1530 bono
1007 1472 1102 1530 ture
1127 1472 1242 1530 nunc
1266 1444 1488 1560 praefatus
1514 1445 1789 1561 Aemygdius

298 1563 619 1685 praetendat
652 1565 813 1653 dictam
848 1595 1067 1653 summam
1105 1566 1153 1651 L.
1191 1567 1399 1683 5001ps1
1389 1566 1782 1706 reintegrandam

301 1719 452 1780 esse
484 1688 578 1775 sive
610 1719 634 1774 a
669 1688 816 1790 Curia,
853 1689 946 1777 sive
980 1717 1114 1804 super
1148 1690 1407 1806 temporalia
1445 1687 1676 1778 Paroeciae
1710 1693 1787 1779 bo
1840 1695 1844 1704 '

298 1844 427 1913 «na,
450 1841 566 1932 quaa
605 1811 795 1898 maxime
823 1812 1115 1930 exiguasunt,
1143 1810 1223 1899 hoc
1245 1843 1332 1899 non
1361 1811 1635 1928 intelligitur.
1657 1814 1789 1902 Certe

297 1975 316 2018 ι
357 1935 400 2022 in
446 1935 665 2050 praesenti
707 1965 805 2023 casu
854 1951 918 2023 est
969 1933 1218 2022 miseranda
1256 1934 1449 2046 conditio
1482 1934 1697 2040 Oratoris,
1744 1951 1788 2024 at

297 2099 314 2138 ι
355 2057 534 2176 ipsiius
574 2057 743 2144 nuffum
784 2057 976 2146 arridere
1016 2054 1190 2144 videtur
1237 2073 1282 2144 ut
1333 2058 1426 2146 eius
1476 2087 1627 2174 preces
1675 2059 1790 2147 exci-

299 2223 315 2259 ι
356 2181 533 2300 piantur
580 2209 680 2267 cum
724 2178 886 2268 damno
934 2179 1073 2284 tertii,
1105 2178 1197 2266 sive
1240 2181 1413 2282 Curiae,
1452 2209 1567 2298 quaa
1612 2179 1783 2270 nulfum

297 2343 315 2385 ι
355 2303 543 2394 fundum
581 2301 729 2405 habet,
765 2303 856 2392 sive
893 2302 1072 2391 actuafis
1109 2302 1290 2392 Parachi
1330 2301 1585 2420 Cassignani
1617 2345 1656 2389 ·.

422 2425 686 2514 Huiusmodi
720 2441 895 2543 accepta
918 2425 1117 2542 Episcopi
1144 2425 1470 2529 informatione,
1498 2425 1570 2514 die
1592 2425 1653 2512 27
1693 2424 1792 2514 tutti

296 2550 493 2640 ciusdem
530 2549 631 2646 anni
677 2549 833 2636 iterum
889 2547 1108 2666 rescripsi.
1161 2548 1476 2638 Coudiuueutur
1521 2547 1815 2662 probationes¹

294 2705 418 2789 super
453 2671 772 2758 bouoOrotoris
807 2673 914 2760 iure.
952 2672 1083 2760 Novis
1116 2672 1170 2758 H.
1208 2674 1254 2764 S.
1292 2675 1341 2762 C.
1380 2670 1602 2760 mandatis
1624 2673 1794 2758 obtem·

293 2796 467 2914 paravit
501 2793 712 2885 Sacerdos
746 2794 976 2901 Girofami,
998 2811 1039 2881 at
1065 2793 1151 2881 sub
1175 2792 1248 2883 die
1271 2796 1333 2882 21
1357 2793 1540 2913 Augusti
1565 2793 1690 2882 binas
1714 2795 1791 2884 de·

294 2919 543 3038 positiones
569 2916 700 3021 misit,
738 2947 925 3034 quarum
961 2949 1047 3006 una
1090 2948 1114 3005 a
1162 2919 1404 3009 Secretario
1450 2915 1642 3006 defuncti
1689 2916 1791 3036 Epi·

294 3042 413 3160 scopi
448 3039 620 3128 Eeffctti
655 3040 907 3158 subsignata
956 3058 1063 3145 erat,
1118 3038 1253 3129 aftora
1299 3071 1406 3129 vero
1457 3039 1514 3128 ad
1548 3040 1792 3158 quemdam

294 3165 569 3254 Salvatorem
605 3163 820 3252 Manescfti
856 3163 1104 3282 pertinebat
1153 3163 1310 3252 Curiae
1346 3163 1591 3282 Episcopufi
1641 3161 1790 3280 Fulgi-

294 3301 444 3375 natan.
470 3303 574 3375 tuuc
608 3285 817 3404 temporis
851 3287 1094 3376 addictum.
1116 3288 1155 3374 A
1178 3287 1319 3404 prima
1354 3318 1408 3376 ex
1443 3283 1560 3373 bisce
1593 3282 1788 3374 deciara-

294 3407 489 3498 tionibus
523 3408 694 3498 eruitur
727 3409 987 3526 Episcopum
1022 3439 1175 3497 revera
1211 3408 1410 3526 praefato
1443 3409 1617 3498 Oratori
1652 3409 1713 3496 50
1735 3407 1790 3496 fi-

292 3533 432 3622 beffas
466 3531 696 3620 tradidisse
732 3548 962 3622 utcontra
997 3548 1227 3651 praetensa
1260 3532 1445 3623 parochi
1491 3531 1634 3622 Cirifli
1689 3531 1787 3618 iura

291 3685 386 3746 sese
418 3654 661 3744 defendere
693 3654 875 3744 vafcret
916 3659 978 3744 Ex
1012 3657 1146 3744 altera
1180 3685 1286 3744 vero
1320 3671 1443 3773 patet
1474 3683 1605 3772 saepe
1639 3652 1793 3742 fanda-

294 3796 388 3867 tum
423 3779 636 3868 Girofami
669 3779 902 3867 Paroeciae
945 3778 1047 3870 ideo
1096 3777 1305 3866 numium
1359 3777 1534 3866 mittere
1584 3776 1788 3879 votuisse,

293 3901 398 4024 quia
433 3899 687 3988 huiusmodi
720 3901 968 4018 quaestioni
991 3931 1086 3990 sese
1109 3900 1358 3990 immiscere
1375 3900 1570 4004 nofohat,
1598 3929 1650 3986 eo
1672 3897 1793 4015 quod

296 4024 513 4143 agebatur
546 4023 604 4112 de
636 4022 832 4143 negocio,
871 4024 1037 4143 quod
1026 4053 1177 4166 ipsum·
1203 4053 1291 4111 non
1315 4022 1547 4126 efflorebat
1581 4021 1793 4140 quodque

297 4145 393 4265 ipse
427 4145 589 4264 iugiter
623 4147 915 4265 ignoreaverat
952 4163 1087 4236 scatet
1120 4151 1252 4236 ctiam
1277 4145 1481 4265 Episcopi
1505 4145 1789 4245 mandatum,

296 4270 366 4358 cui
401 4299 650 4386 repugnare
683 4269 928 4361 nuffimode
960 4286 1147 4389 poterut,
1186 4299 1362 4360 causam
1416 4269 1564 4372 fuisse,
1603 4282 1651 4354 ut
1696 4266 1793 4384 ipse

292 4390 566 4510 spiritualem
602 4394 833 4482 Paroeciae
863 4391 1289 4484 administrationem
1335 4393 1483 4481 donno
1528 4388 1782 4508 susciperet.

303 4516 352 4602 ln
388 4514 460 4602 tafi
496 4545 643 4603 rerum
679 4533 792 4606 statu
827 4515 901 4604 die
943 4519 1002 4612 31
1035 4515 1223 4636 Augusti
1268 4513 1394 4606 1878
1438 4541 1626 4632 sequens
1670 4509 1793 4599 edidi

293 4637 573 4753 rescriptum:
600 4638 841 4726 Ponatur
824 4671 868 4726 ιιι
900 4640 1010 4782 [otio
1044 4655 1178 4757 atquc
1212 4638 1317 4728 actis
1339 4637 1424 4724 rite
1458 4633 1660 4756 expletis,
1687 4660 1789 4721 cum

296 4788 425 4850 causa
451 4760 493 4848 in
516 4760 742 4854 hodiernis
764 4763 950 4852 comitiis
972 4761 1223 4852 dirimenda
1249 4778 1524 4901 proponatur
1551 4757 1633 4846 sub
1665 4754 1794 4844 dubii

298 4881 555 4971 formulam
578 4885 694 4974 cafce
718 4885 852 4974 fibeffi
876 4886 1088 5004 ascripta,
1110 4883 1195 4974 mei
1221 4883 1416 4972 muneris
1445 4880 1554 4970 ratio
1578 4879 1784 4996 postulat,
1911 4906 1915 4914 ·

299 5021 347 5094 ut
381 5005 598 5101 rationum
633 5009 857 5100 momenta
900 5041 925 5098 a
967 5009 1165 5128 partibus
1209 5005 1397 5096 adducta
1438 5003 1658 5124 proferam
1701 5031 1790 5098 una

298 5157 400 5223 cum
438 5130 659 5220 nonnuliis
693 5132 914 5221 interdum
952 5162 1003 5220 ox
1027 5129 1163 5220 officio
1188 5127 1521 5220 animadversis.

424 5253 940 5345 ParocbusOeconomus
986 5253 1198 5344 Girofami
1233 5283 1311 5369 pro
1351 5249 1440 5340 aris
1488 5265 1530 5338 et
1580 5247 1685 5338 focis
1718 5279 1790 5338 su

264 5374 432 5462 ‹stinet
464 5375 633 5466 fibeffas
665 5378 758 5468 500
791 5379 903 5466 ab
892 5409 986 5496 ipso
1031 5377 1208 5476 solutas
1229 5404 1286 5462 ex
1318 5373 1528 5486 fructibus
1567 5370 1792 5492 parochia·

304 5497 451 5602 libus,
494 5499 560 5586 tef
610 5501 668 5588 ab
715 5503 931 5621 Episcopo
954 5500 1036 5590 sibi
1088 5497 1395 5620 rependendas
1428 5527 1537 5586 esse.
1572 5497 1637 5588 Ac
1668 5527 1794 5616 prae·
