4516 6318
650 375 741 463 Die
765 377 825 465 t5
857 374 1083 466 Februarii
1116 380 1254 470 tete.
1612 385 1706 476 t35

207 542 227 582 ι
268 501 404 622 giant,
442 516 673 587 recurrunt
696 498 752 588 ad
777 505 1005 592 Rectorem
1041 505 1288 620 parochiae,
1316 504 1439 596 euius
1462 507 1505 594 in
1531 507 1701 600 ambitu

208 667 226 704 ι
266 625 401 714 situm
435 639 507 710 est
534 624 865 715 monasterium.
902 626 951 715 ld
986 627 1173 744 proinde
1222 628 1330 717 mihi
1374 629 1536 722 mirum
1569 650 1633 722 ost
1675 665 1701 723 a

208 791 227 828 ι
266 747 505 863 Capeliano
537 747 749 837 Sororum
784 751 828 838 S.
868 749 1022 869 loseph
1056 751 1300 866 paroehum
1351 753 1495 844 vocari
1537 754 1697 844 Sacer—

206 912 225 953 «
267 870 401 960 dotem
435 886 692 969 extraneum,
728 873 845 960 cut'us
877 905 948 960 aec
985 871 1152 988 puellae
1189 908 1278 964 cum
1294 877 1400 992 ipsis
1432 880 1699 969 conviventes

214 1037 229 1076 ι
270 995 480 1082 ullatenus
513 1025 605 1081 oves
637 1011 747 1082 suat.

334 1116 524 1236 «bingis
558 1149 607 1206 ac
640 1117 779 1258 magis
813 1116 1009 1208 demiror
1043 1119 1252 1210 eumdem
1270 1121 1557 1240 Capelianum
1580 1155 1697 1214 asse-

208 1273 360 1332 rere
392 1240 785 1360 praescriptionem
825 1257 1108 1349 statutorum,
1149 1277 1239 1386 qua
1292 1263 1545 1334 reservatur
1566 1277 1697 1362 paro

208 1363 491 1456 e‘cborum
480 1395 547 1451 tus
579 1365 624 1452 in
664 1362 894 1454 funeribus
927 1365 1081 1456 iterata
1111 1399 1200 1456 osce
1220 1367 1272 1456 ni>
1303 1367 1508 1457 hodierno
1529 1369 1577 1458 V
1574 1368 1697 1458 ardu

207 1531 224 1570 ι
263 1490 378 1577 nansi
411 1487 702 1604 Epi'scopoata
717 1487 847 1608 [nesse
869 1487 1049 1579 oblatam
1070 1522 1151 1608 pro
1176 1490 1500 1579 MontuiibusS.
1522 1491 1685 1609 Ioseplt,

205 1653 223 1694 ι
261 1630 307 1700 ut
337 1644 445 1699 nunc
477 1643 559 1698 aon
593 1626 749 1700 tontum
785 1616 867 1710 ias,
904 1611 1132 1702 sedetiam
1162 1615 1364 1730 possessio
1395 1645 1518 1732 penes
1552 1648 1695 1704 earum

205 1776 223 1815 ι
264 1734 579 1856 confessarium
613 1735 684 1822 sit.
705 1783 734 1800 ·-
760 1735 931 1823 Etenim
965 1766 1064 1826 mea
1086 1736 1265 1856 quidem
1301 1767 1408 1856 pace
1443 1737 1693 1854 praedictus

204 1899 222 1940 ι
263 1859 525 1976 Capelianus
557 1856 626 1946 bis
660 1857 817 1946 lunera
848 1862 1058 1952 Sororum
1092 1861 1348 1965 celebravit,
1388 1861 1549 1949 seilicet
1584 1894 1691 1979 qua·

204 2025 220 2062 ι
260 1982 365 2072 dam
400 1982 489 2086 die,
527 1983 743 2070 moriente
776 1983 981 2097 parocho,
1018 2000 1063 2072 et
1088 1986 1248 2072 iterum
1274 1984 1462 2102 parocho
1485 1985 1682 2092 absente3

203 2146 221 2188 ι
261 2106 338 2196 sed
369 2137 457 2195 non
492 2106 631 2195 multo
672 2121 785 2224 post,
823 2104 896 2194 die
929 2108 958 2196 8
991 2105 1265 2225 Septembris
1321 2109 1438 2196 1876
1470 2137 1518 2194 re
1553 2122 1693 2198 matu-

204 2231 349 2320 «.rius
383 2230 629 2318 examinata
666 2229 946 2348 multumque
982 2231 1224 2350 ponderata
1266 2227 1473 2320 decrevi:
1510 2231 1691 2322 Sorores

202 2395 220 2436 ι
260 2354 307 2445 S.
346 2353 501 2471 loseph
537 2353 578 2442 in
614 2367 838 2468 posterum
870 2351 979 2441 sicut
1003 2371 1128 2443 antea
1152 2354 1474 2445 submittendas
1513 2355 1692 2444 iurisdi-

204 2520 223 2562 ‹
262 2476 395 2567 ctioni
432 2475 667 2596 parochiali
706 2476 748 2564 in
781 2477 977 2594 exequiis
1010 2476 1215 2597 istudque
1238 2476 1482 2580 decretum,
1502 2493 1549 2565 ut
1568 2510 1692 2597 prae·

205 2599 388 2690 «dictis
427 2600 660 2693 Sororibus
709 2601 1091 2718 Capeiiauoque
1082 2630 1273 2720 ipsarum
1306 2600 1682 2708 denuntiaretur,

202 2766 219 2808 ι
259 2725 590 2866 quamprimum
625 2725 789 2826 curavi,
819 2723 876 2812 ita
900 2741 948 2811 ut
971 2723 1117 2813 nuilus
1150 2724 1284 2815 hodie
1324 2723 1503 2842 allegari
1554 2741 1689 2842 queat

201 2890 219 2930 ι
259 2847 418 2939 erroris
453 2847 521 2935 vel
556 2845 825 2964 ignorantiae
859 2861 1182 2964 ριιιιιιιιιιιι.
1165 2848 1348 2938 Hisce
1381 2846 1590 2935 omnibus
1611 2879 1687 2965 pa·

194 2973 351 3062 rochus
387 2971 607 3061 taudem·
599 2969 721 3058 addit
754 2971 874 3112 quod
908 2987 1069 3059 statuta
1101 2969 1403 3060 dioecesana
1392 2999 1437 3056 ιιι
1474 2970 1557 3058 iliis
1581 2972 1688 3060 arti·

194 3095 345 3186 culis
334 3126 377 3182 m
411 3095 572 3214 quibus
605 3095 933 3210 exemptionem
978 3109 1021 3183 et
1044 3095 1366 3182 immunitatem
1391 3123 1415 3180 a
1445 3092 1683 3209 parochiali

194 3218 494 3310 iurisdictione
528 3215 769 3305 concedere
791 3216 998 3305 videntur
1025 3217 1304 3319 lilonialibus,
1343 3233 1609 3335 pertractant
1630 3219 1688 3309 de

192 3343 455 3434 lionialibus
487 3371 601 3458 quae
625 3370 728 3428 rere
750 3373 797 3428 ac
830 3341 1008 3458 proprie
1030 3355 1130 3430 sunt
1163 3339 1404 3458 Regulares
1448 3370 1561 3460 quae
1586 3359 1687 3432 vota

194 3465 408 3557 solemnia
440 3463 667 3562 emittunt,
704 3464 843 3552 etsub
867 3464 1018 3584 regula
1043 3464 1213 3566 vivunt,
1240 3493 1354 3580 quae
1389 3494 1413 3550 a
1436 3465 1552 3556 Sede
1568 3464 1688 3584 Apo-

192 3592 341 3682 stoiiea
365 3588 610 3706 approbata
641 3585 711 3674 sit.
731 3589 858 3677 'cum
897 3619 1000 3677 vero
1023 3587 1066 3675 in
1092 3589 1283 3676 themate
1302 3587 1409 3674 haee
1428 3586 1575 3674 omnia
1598 3591 1685 3678 tte-

191 3713 355 3834 ligiosis
387 3716 432 3801 S.
470 3709 625 3828 loseph
642 3711 889 3800 nuliatenus
906 3709 1227 3804 accommodari
1246 3717 1424 3829 queant,
1448 3739 1681 3826 perperam

193 3839 325 3959 igitur
358 3835 620 3953 Capelianus
653 3833 825 3924 invocat
861 3835 1112 3926 subsidium
1135 3834 1246 3923 vela
1292 3833 1681 3925 constitutionibus

165 3959 270 4082 'per
286 3960 547 4078 Eprsoopum
567 3958 875 4047 tantummodo
893 3959 1083 4063 sanctus
1107 3957 1684 4048 velaresolutioneS.C.1n
1805 3957 1812 3968 ’

189 4087 310 4176 rccit.
346 4079 652 4202 Syrocrrsona
642 4113 685 4168 ιιι
704 4113 792 4200 qua
810 4083 868 4174 de
886 4083 1164 4188 llouialibuS,
1187 4115 1301 4200 quae
1321 4111 1425 4169 vere
1442 4079 1683 4198 Regulares

194 4226 309 4313 sunt,
358 4205 621 4294 movebatur
641 4205 857 4322 quaestio,
879 4223 926 4294 ut
949 4206 1066 4294 sibi
1054 4237 1119 4294 rus
1135 4203 1340 4296 addicat
1330 4236 1371 4290 ιιι
1394 4203 1588 4292 thomate
1610 4237 1680 4294 ca-

189 4333 355 4424 davera
379 4327 626 4430 itinerandi,
665 4359 715 4418 ac
748 4327 805 4417 ad
838 4325 1405 4420 commuuecoemeterium
1429 4325 1676 4418 deierandi.

313 4456 437 4568 Quae
471 4482 569 4541 cum
606 4451 665 4538 ita
698 4453 782 4541 sint
815 4485 1027 4571 gravene
1060 4454 1114 4542 sit
1147 4455 1231 4540 EE.
1268 4453 1363 4537 VV.
1400 4480 1449 4538 ea
1473 4480 1561 4566 qua
1585 4450 1681 4568 pol·

191 4581 283 4670 lent
315 4577 527 4698 religione
562 4591 606 4663 et
640 4573 743 4666 iuris
776 4577 935 4694 peritia
970 4575 1197 4696 sequentia
1222 4572 1433 4664 dirimere

846 4822 1024 4912 DUBlA

311 5075 348 5162 l.
375 5073 444 5172 Aa
467 5087 505 5160 et
526 5071 594 5158 cui
605 5085 811 5187 competat
828 5068 892 5158 ius
908 5065 1141 5190 funerandi
1161 5099 1209 5156 uc
1225 5059 1453 5184 sepeliendi
1473 5061 1678 5152 cadavere

184 5195 441 5288 Martialium
476 5195 521 5282 in
553 5225 665 5283 cusu.

309 5447 365 5535 ll.
403 5445 472 5536 An
505 5460 543 5532 et
574 5441 642 5530 cai
673 5455 875 5560 competat
907 5437 972 5528 ius
1003 5433 1242 5560 [uocandi.
1265 5467 1313 5524 ac
1345 5433 1575 5553 sepeliendi
1601 5467 1680 5524 ca-
