4446 6330
534 315 597 406 llt
989 316 1072 404 Dic
1101 317 1162 404 25
1196 316 1390 406 Ianuarii
1427 318 1561 408 1879.

532 436 742 530 matianis
772 438 1058 527 Matrimonii.
1094 441 1151 526 Ut
1183 441 1304 528 enim
1337 440 1463 530 docet
1501 442 1675 531 Cosoius
1708 439 1754 528 in
1777 441 1926 558 Opere
1948 441 2015 531 eui

543 561 746 653 titulus
786 562 851 648 De
891 564 1154 678 separatione
1206 563 1310 650 Tori
1347 564 1583 680 couiupulis
1630 563 1705 652 lib.
1744 563 1763 650 l
1820 563 1930 680 Cup.
1968 565 2026 652 16

539 717 653 776 uum.
691 683 749 772 13
782 683 840 772 ad
877 686 1009 774 ts.
1047 687 1168 772 Hane
1202 687 1542 806 probationem,
1581 717 1742 806 nempe
1774 687 1895 807 quod
1937 688 2028 776 Ma-

544 848 562 888 «
601 806 861 896 trimonium
886 807 1017 895 luerit
1049 806 1277 898 dumtaxat
1309 823 1470 914 ratum,
1509 809 1651 900 lacere
1685 823 1864 926 possunt
1899 824 2028 902 testes

545 971 564 1012 ι
603 963 680 1050 qur
668 929 929 1048 deponant
947 930 1066 1072 quod
1088 931 1319 1052 Coniuges,
1341 947 1559 1022 contracto
1584 930 1875 1038 Matrimonio,
1921 961 2030 1022 nun·

546 1095 563 1134 ι
603 1083 736 1174 quam
771 1083 853 1142 una
886 1053 1061 1144 simul
1050 1085 1095 1142 ιιι
1130 1055 1289 1145 eodem
1322 1057 1415 1144 loco
1449 1055 1750 1158 convenerint,
1777 1069 1851 1142 aut
1874 1053 2031 1144 saltem

546 1216 564 1258 «
604 1175 725 1296 quod
757 1205 905 1266 eoram
936 1176 1031 1266 aliis
1054 1177 1276 1294 personis,
1302 1207 1477 1296 semper
1510 1175 1849 1296 permanserint,
1890 1176 2029 1298 iisque

547 1339 564 1378 ι
605 1298 861 1388 videntibus
892 1329 938 1388 sc
970 1301 1290 1418 separaverint,
1328 1331 1408 1392 uec
1442 1332 1635 1420 unquam
1659 1302 1742 1390 sub
1764 1299 1924 1388 eodem
1962 1319 2032 1392 te·-

547 1462 565 1500 «
604 1439 674 1512 eto
706 1421 1071 1530 cohabitaverint,
1109 1420 1191 1543 (uti
1226 1424 1269 1511 in
1304 1455 1405 1514 casu
1440 1441 1588 1514 nostro
1622 1422 1887 1515 adamussim
1919 1425 2034 1513 veri-

539 1543 770 1665 ficatur)«
809 1575 884 1636 seu
919 1545 1051 1634 etiam
1081 1547 1125 1634 in
1157 1546 1409 1636 cubiculum
1443 1547 1621 1666 ingressi
1656 1546 1818 1636 luerint
1871 1547 2033 1664 apertis

548 1705 566 1746 c
606 1667 765 1773 ianuis,
802 1667 953 1788 ibique
993 1668 1165 1758 nonnisi
1191 1701 1270 1787 per
1298 1687 1576 1766 momentum
1608 1699 1779 1761 moram
1803 1669 2027 1775 traxerint,

547 1827 565 1868 ι
606 1821 747 1908 eoque
800 1791 939 1910 magis
990 1792 1026 1880 si
1074 1793 1332 1882 eorumdem
1371 1793 1543 1883 testium
1592 1793 1872 1911 depositioni,
1926 1825 2032 1881 uera

547 1913 680 2002 «dat
713 1915 887 2002 assertio
927 1915 1141 2032 utriusque
1183 1916 1386 2056 Gouiuqis
1429 1916 1658 2004 iuramento
1705 1916 1910 2056 firmetis,
1947 1947 2029 2033 quc

548 2074 565 2114 ι
600 2035 1049 2152 puritchutriruonii
1071 2039 1458 2127 consummationem
1486 2037 1726 2136 excludunt,
1751 2038 1913 2157 quibus
1936 2069 2033 2156 pro·

548 2157 861 2250 batiouihus
894 2160 1273 2264 concurrentibus
1308 2161 1503 2250 dubitari
1537 2163 1706 2304 nequit,
1745 2162 1852 2280 quin
1897 2177 2034 2250 rutum

549 2319 566 2360 ι
607 2281 913 2371 tantummodo
946 2282 1002 2372 sit
1037 2283 1383 2389 Matrimonium,
1409 2284 1652 2373 cumcuim
1686 2293 1851 2372 constat
1872 2285 2034 2374 Coniu-

548 2443 566 2482 ι
604 2434 680 2523 ges
714 2432 955 2524 numquam
989 2436 1077 2493 una
1109 2406 1243 2494 simul
1276 2407 1577 2512 cohabitasse,
1615 2423 1717 2496 tune
1749 2407 1827 2496 soli
1861 2435 2034 2495 eorum·

548 2567 565 2606 ι
606 2529 711 2616 dem
743 2528 992 2647 coniugum
1035 2527 1260 2618 assertioni
1292 2529 1348 2618 de
1382 2561 1469 2618 non
1504 2531 1733 2620 subsecuta
1756 2558 2033 2619 consumma·

546 2689 564 2728 ι
605 2649 724 2738 tione
736 2649 1038 2741 omnimodam
1056 2651 1352 2740 adhibendam
1371 2683 1463 2742 esse
1479 2651 1630 2758 fidem,
1653 2653 2028 2742 tenentHostiens.

548 2813 565 2850 c
605 2773 649 2859 in
680 2771 836 2860 Surum.
867 2775 932 2862 tit.
971 2773 1021 2862 de
1057 2775 1254 2863 Consors.
1277 2775 1566 2891 conloquar.
1591 2776 1637 2864 9.
1679 2807 1787 2864 ucrs.
1830 2773 2029 2892 Quisquis

545 2933 563 2973 ι
601 2894 732 2984 Βα1ι1.
755 2896 800 2984 in
816 2895 899 3014 leq.
927 2898 1014 2985 Deo
1036 2895 1152 2986 uobis
1185 2899 1246 2986 42
1279 2930 1322 2986 ιι.
1341 2899 1370 2984 9
1387 2897 1495 2986 cod.
1517 2894 1723 3015 deEpise.
1745 2913 1783 2987 ct
1813 2897 1970 2984 Ctertc.
2003 2936 2021 2976 »

666 3022 758 3108 Huc
790 3017 936 3138 ipsum
970 3018 1097 3110 docet
1129 3019 1389 3110 clarissimus
1422 3021 1612 3111 Sanohez
1645 3023 1688 3110 in
1724 3051 1859 3140 opere
1879 3019 2028 3109 deSa-

541 3159 765 3232 cramento
797 3142 1062 3232 Matrimonii
1097 3141 1172 3232 lib.
1208 3143 1237 3230 2
1270 3144 1443 3260 Disput.
1478 3145 1539 3234 23
1572 3175 1685 3232 ntem.
1724 3145 1742 3230 l
1785 3183 1802 3221 ι
1842 3141 1920 3232 ubi
1955 3141 2030 3230 ha·

547 3305 565 3346 ι
603 3264 681 3354 bet
713 3264 748 3354 si
782 3295 937 3381 sponsa
969 3296 1055 3354 non
1085 3281 1179 3356 erat
1203 3263 1341 3384 virgo,
1367 3296 1451 3354 nee
1479 3266 1625 3384 sponsi
1657 3267 1841 3356 domum
1876 3264 2027 3354 tradu-

547 3429 565 3469 ι
603 3401 673 3476 cta
704 3387 775 3493 sit,
813 3387 1048 3478 adhibetur
1070 3388 1246 3477 illorum
1269 3389 1520 3477 iuramento
1544 3389 1678 3480 fides:
1704 3420 1805 3476 cum
1827 3419 1881 3476 ex
1903 3417 2027 3505 aspe-

384 3624 390 3632 .
547 3551 565 3590 ι
605 3525 676 3598 ctu
708 3510 911 3630 probatio
934 3511 1099 3600 haberi
1121 3526 1328 3630 nequeat,
1361 3525 1404 3598 et
1441 3541 1530 3599 nou
1563 3542 1657 3603 esse
1690 3511 1936 3600 traductam
1970 3509 2029 3596 si-

545 3673 563 3712 (
603 3632 698 3722 mul
730 3663 831 3723 cum
863 3634 1111 3724 iuramento
1140 3631 1193 3722 'fit
1225 3663 1386 3752 urgens
1418 3633 1693 3724 iudicium.»
1929 3707 1933 3714 .

543 3811 549 3818 ·
666 3759 715 3844 ln
748 3773 1033 3862 casuautem,
1061 3755 1227 3876 dequo
1250 3757 1408 3874 agitur,
1446 3772 1621 3876 praeter
1653 3755 1951 3874 depositiones
1973 3769 2033 3842 te·

539 3877 673 3968 stium
700 3895 748 3968 ,et
800 3880 1083 3969 assertionem
1122 3881 1308 3970 iuratam
1352 3879 1586 4000 coniugum
1630 3881 1845 3969 habemus
1891 3877 2028 3968 ctiam

540 4015 635 4089 tum
668 4004 984 4110 antecedentia,
1023 4019 1117 4092 tum
1150 4004 1462 4122 subsequentia
1500 4002 1842 4092 celebrationem
1889 4001 2030 4090 Matri·

539 4124 693 4230 monii,
730 4156 844 4244 quae
876 4125 1070 4245 idipsum
1101 4125 1302 4218 suadent.
1339 4125 1571 4244 Siquidem
1604 4143 1651 4214 ut
1692 4125 1735 4212 1))
1779 4126 2028 4212 narratione

540 4245 687 4337 sacti
676 4279 764 4339 ram
796 4247 905 4354 dixi,
946 4279 1069 4338 amor
1104 4247 1343 4392 coniugalis
1383 4249 1496 4338 inter
1528 4248 1806 4338 Franciseum
1848 4265 1891 4334 et
1925 4247 2028 4334 Vio-

539 4370 754 4460 lantinam
797 4400 1042 4492 numquam
1074 4374 1249 4477 exarsit,
1301 4371 1437 4462 immo
1467 4372 1723 4491 paulopost
1754 4369 2027 4510 celebratum

539 4493 882 4600 Matrimonium,
926 4495 1176 4586 Violantina
1216 4493 1484 4583 voluntatem
1515 4495 1719 4599 mutavit,
1756 4509 1800 4582 et
1832 4491 1866 4580 si
1901 4492 2022 4609 prius

539 4615 793 4708 indifferens
827 4635 920 4706 erat
954 4650 1056 4737 erga
1087 4618 1383 4722 Franciscum,
1410 4618 1543 4735 paulo
1577 4631 1674 4734 post
1692 4646 1862 4705 animus
1887 4613 2028 4733 ipsius

540 4771 754 4858 asponso
789 4741 1000 4831 alienatus
1031 4741 1211 4833 omnino
1255 4739 1425 4844 evasit3
1464 4771 1517 4828 ex
1552 4740 1632 4828 hoc
1670 4739 1864 4859 prolecto
1898 4737 2029 4826 vehe-

528 4893 667 4952 mens
704 4863 1001 4983 praesumptio
1034 4864 1202 4952 eruitur
1233 4892 1319 4983 qua
1344 4807 1628 4980 prdbationes
1663 4863 1838 4951 deuon
1878 4875 2025 4950 secuta

539 4987 916 5078 consummatione
943 4987 1207 5076 Matrimonii
1247 4984 1582 5076 confirmantur.
1616 4989 1668 5074 Et
1701 4985 1810 5075 haec
1841 4971 2027 5103 quidem

541 5109 677 5200 animi
710 5109 917 5201 alienatio
951 5139 1065 5230 quae
1098 5141 1122 5199 a
1154 5109 1371 5230 principio
1404 5109 1681 5200 Violantinae
1714 5111 1910 5199 animum
1946 5136 2027 5196 oe-

540 5233 732 5347 eupavit,
768 5233 1026 5352 perduravit
1060 5233 1193 5324 'etiam
1228 5249 1326 5354 post
1358 5233 1572 5324 Francisci
1620 5265 1673 5322 ex
1721 5231 1923 5322 America
1957 5259 2026 5316 re·

538 5382 736 5470 gressum
770 5373 813 5445 ct
844 5358 1057 5478 perdurat
1089 5387 1229 5478 usque
1262 5356 1419 5448 adhue.

663 5476 868 5570 Defectus
893 5497 1039 5570 autam
1074 5481 1345 5614 praesentiae
1377 5477 1672 5583 Violantinae,
1708 5477 1777 5566 vel
1813 5481 2025 5574 Procura-
