<?xml version="1.0" encoding="UTF-8"?>
<!DOCTYPE html PUBLIC "-//W3C//DTD XHTML 1.0 Transitional//EN"
    "http://www.w3.org/TR/xhtml1/DTD/xhtml1-transitional.dtd">
<html xmlns="http://www.w3.org/1999/xhtml" xml:lang="en" lang="en">
 <head>
  <title>
</title>
<meta http-equiv="Content-Type" content="text/html;charset=utf-8" />
  <meta name='ocr-system' content='tesseract 3.04.00' />
  <meta name='ocr-capabilities' content='ocr_page ocr_carea ocr_par ocr_line ocrx_word'/>
</head>
<body>
  <div class='ocr_page' id='page_1' title='image "./thesaurusresolu00churgoog_0278.png"; bbox 0 0 4558 6340; ppageno 0'>
   <div class='ocr_carea' id='block_1_1' title="bbox 761 323 1754 426">
    <p class='ocr_par' dir='ltr' id='par_1_1' title="bbox 761 323 1754 426">
     <span class='ocr_line' id='line_1_1' title="bbox 761 323 1754 426; baseline 0.009 -16"><span class='ocrx_word' id='word_1_1' title='bbox 761 323 844 412; x_wconf 84' lang='lat' dir='ltr'>Dio</span> <span class='ocrx_word' id='word_1_2' title='bbox 874 324 926 411; x_wconf 76' lang='grc'>21</span> <span class='ocrx_word' id='word_1_3' title='bbox 967 323 1083 411; x_wconf 83' lang='lat' dir='ltr'>Iunii</span> <span class='ocrx_word' id='word_1_4' title='bbox 1118 325 1257 414; x_wconf 85' lang='lat' dir='ltr'>t879.</span> <span class='ocrx_word' id='word_1_5' title='bbox 1556 423 1557 426; x_wconf 4' lang='grc' dir='ltr'><strong><em>Ν</em></strong></span> <span class='ocrx_word' id='word_1_6' title='bbox 1662 331 1754 420; x_wconf 74' lang='lat'>267</span> 
     </span>
    </p>
   </div>
   <div class='ocr_carea' id='block_1_2' title="bbox 233 445 1772 5711">
    <p class='ocr_par' dir='ltr' id='par_1_2' title="bbox 258 445 1772 3386">
     <span class='ocr_line' id='line_1_2' title="bbox 258 445 1757 564; baseline 0.001 -24"><span class='ocrx_word' id='word_1_7' title='bbox 258 447 384 540; x_wconf 80' lang='lat' dir='ltr'>nullo</span> <span class='ocrx_word' id='word_1_8' title='bbox 418 461 544 562; x_wconf 90' lang='lat' dir='ltr'>pacto</span> <span class='ocrx_word' id='word_1_9' title='bbox 577 445 797 562; x_wconf 73' lang='lat' dir='ltr'>indulgeri</span> <span class='ocrx_word' id='word_1_10' title='bbox 837 475 963 564; x_wconf 91' lang='lat' dir='ltr'>posse</span> <span class='ocrx_word' id='word_1_11' title='bbox 1007 447 1219 552; x_wconf 86' lang='lat' dir='ltr'>videtur,</span> <span class='ocrx_word' id='word_1_12' title='bbox 1258 477 1453 538; x_wconf 88' lang='lat' dir='ltr'>assereus</span> <span class='ocrx_word' id='word_1_13' title='bbox 1502 449 1757 541; x_wconf 88' lang='lat' dir='ltr'>huiusmodi</span> 
     </span>
     <span class='ocr_line' id='line_1_3' title="bbox 262 567 1760 688; baseline 0.002 -27"><span class='ocrx_word' id='word_1_14' title='bbox 262 598 481 661; x_wconf 89' lang='lat' dir='ltr'>summam</span> <span class='ocrx_word' id='word_1_15' title='bbox 516 567 560 653; x_wconf 93' lang='lat' dir='ltr'>in</span> <span class='ocrx_word' id='word_1_16' title='bbox 614 569 744 656; x_wconf 89' lang='lat' dir='ltr'>scutis</span> <span class='ocrx_word' id='word_1_17' title='bbox 778 570 838 656; x_wconf 81' lang='lat'>72</span> <span class='ocrx_word' id='word_1_18' title='bbox 880 583 1131 658; x_wconf 73' lang='lat' dir='ltr'>contentam</span> <span class='ocrx_word' id='word_1_19' title='bbox 1174 569 1336 675; x_wconf 78' lang='lat' dir='ltr'>fuisse,</span> <span class='ocrx_word' id='word_1_20' title='bbox 1394 601 1508 688; x_wconf 91' lang='lat' dir='ltr'>quae</span> <span class='ocrx_word' id='word_1_21' title='bbox 1552 573 1699 662; x_wconf 92' lang='lat' dir='ltr'>eidem</span> <span class='ocrx_word' id='word_1_22' title='bbox 1734 607 1760 665; x_wconf 89' lang='lat' dir='ltr'>a</span> 
     </span>
     <span class='ocr_line' id='line_1_4' title="bbox 263 689 1752 798; baseline 0.002 -14"><span class='ocrx_word' id='word_1_23' title='bbox 263 693 484 784; x_wconf 86' lang='lat' dir='ltr'>Canonico</span> <span class='ocrx_word' id='word_1_24' title='bbox 518 689 872 778; x_wconf 74' lang='lat' dir='ltr'>administratore</span> <span class='ocrx_word' id='word_1_25' title='bbox 905 692 1029 779; x_wconf 90' lang='lat' dir='ltr'>brevi</span> <span class='ocrx_word' id='word_1_26' title='bbox 1063 722 1199 780; x_wconf 92' lang='lat' dir='ltr'>manu</span> <span class='ocrx_word' id='word_1_27' title='bbox 1234 693 1383 782; x_wconf 92' lang='lat' dir='ltr'>oblata</span> <span class='ocrx_word' id='word_1_28' title='bbox 1415 694 1618 798; x_wconf 82' lang='lat' dir='ltr'>fuerunt,</span> <span class='ocrx_word' id='word_1_29' title='bbox 1658 715 1752 787; x_wconf 92' lang='lat' dir='ltr'>tum</span> 
     </span>
     <span class='ocr_line' id='line_1_5' title="bbox 264 813 1760 934; baseline 0.005 -30"><span class='ocrx_word' id='word_1_30' title='bbox 264 847 364 904; x_wconf 90' lang='lat' dir='ltr'>cum</span> <span class='ocrx_word' id='word_1_31' title='bbox 400 813 594 930; x_wconf 88' lang='lat' dir='ltr'>primum</span> <span class='ocrx_word' id='word_1_32' title='bbox 631 813 795 928; x_wconf 92' lang='lat' dir='ltr'>proprii</span> <span class='ocrx_word' id='word_1_33' title='bbox 830 813 1109 902; x_wconf 84' lang='lat' dir='ltr'>canonicatus</span> <span class='ocrx_word' id='word_1_34' title='bbox 1131 814 1452 904; x_wconf 74' lang='lat' dir='ltr'>administratio</span> <span class='ocrx_word' id='word_1_35' title='bbox 1487 819 1567 934; x_wconf 90' lang='lat' dir='ltr'>ipsi</span> <span class='ocrx_word' id='word_1_36' title='bbox 1603 821 1760 912; x_wconf 88' lang='lat' dir='ltr'>tradita</span> 
     </span>
     <span class='ocr_line' id='line_1_6' title="bbox 263 934 1761 1058; baseline 0.003 -31"><span class='ocrx_word' id='word_1_37' title='bbox 263 938 412 1027; x_wconf 78' lang='lat' dir='ltr'>suerit.</span> <span class='ocrx_word' id='word_1_38' title='bbox 433 937 586 1052; x_wconf 86' lang='lat' dir='ltr'>Neque</span> <span class='ocrx_word' id='word_1_39' title='bbox 620 937 736 1022; x_wconf 88' lang='lat' dir='ltr'>enim</span> <span class='ocrx_word' id='word_1_40' title='bbox 777 934 910 1023; x_wconf 86' lang='lat' dir='ltr'>fidem</span> <span class='ocrx_word' id='word_1_41' title='bbox 949 937 1254 1053; x_wconf 88' lang='lat' dir='ltr'>praestandam</span> <span class='ocrx_word' id='word_1_42' title='bbox 1279 968 1372 1028; x_wconf 90' lang='lat' dir='ltr'>esse</span> <span class='ocrx_word' id='word_1_43' title='bbox 1395 939 1520 1026; x_wconf 89' lang='lat' dir='ltr'>aiunt</span> <span class='ocrx_word' id='word_1_44' title='bbox 1543 943 1761 1058; x_wconf 87' lang='lat' dir='ltr'>Capitula-</span> 
     </span>
     <span class='ocr_line' id='line_1_7' title="bbox 265 1057 1753 1177; baseline 0.005 -29"><span class='ocrx_word' id='word_1_45' title='bbox 265 1091 335 1148; x_wconf 91' lang='lat' dir='ltr'>res</span> <span class='ocrx_word' id='word_1_46' title='bbox 368 1059 590 1150; x_wconf 80' lang='lat' dir='ltr'>Canonico</span> <span class='ocrx_word' id='word_1_47' title='bbox 637 1057 870 1146; x_wconf 86' lang='lat' dir='ltr'>Ciocchetti</span> <span class='ocrx_word' id='word_1_48' title='bbox 920 1058 996 1177; x_wconf 93' lang='lat' dir='ltr'>qui</span> <span class='ocrx_word' id='word_1_49' title='bbox 1045 1058 1089 1146; x_wconf 92' lang='lat' dir='ltr'>in</span> <span class='ocrx_word' id='word_1_50' title='bbox 1140 1061 1363 1177; x_wconf 92' lang='lat' dir='ltr'>primitivo</span> <span class='ocrx_word' id='word_1_51' title='bbox 1414 1061 1564 1150; x_wconf 81' lang='lat' dir='ltr'>tibetto</span> <span class='ocrx_word' id='word_1_52' title='bbox 1614 1066 1659 1154; x_wconf 88' lang='lat' dir='ltr'>S.</span> <span class='ocrx_word' id='word_1_53' title='bbox 1699 1068 1753 1155; x_wconf 89' lang='lat'>0.</span> 
     </span>
     <span class='ocr_line' id='line_1_8' title="bbox 264 1180 1760 1304; baseline 0.003 -33"><span class='ocrx_word' id='word_1_54' title='bbox 264 1183 414 1272; x_wconf 80' lang='lat' dir='ltr'>obtato</span> <span class='ocrx_word' id='word_1_55' title='bbox 445 1180 631 1268; x_wconf 90' lang='lat' dir='ltr'>asseruit</span> <span class='ocrx_word' id='word_1_56' title='bbox 661 1181 934 1270; x_wconf 87' lang='lat' dir='ltr'>Canonicum</span> <span class='ocrx_word' id='word_1_57' title='bbox 956 1181 1244 1285; x_wconf 73' lang='lat' dir='ltr'>illuminati,</span> <span class='ocrx_word' id='word_1_58' title='bbox 1282 1199 1380 1302; x_wconf 90' lang='lat' dir='ltr'>post</span> <span class='ocrx_word' id='word_1_59' title='bbox 1404 1185 1604 1274; x_wconf 89' lang='lat' dir='ltr'>traditam</span> <span class='ocrx_word' id='word_1_60' title='bbox 1631 1218 1760 1304; x_wconf 87' lang='lat' dir='ltr'>prae·</span> 
     </span>
     <span class='ocr_line' id='line_1_9' title="bbox 264 1303 1772 1426; baseline 0.004 -33"><span class='ocrx_word' id='word_1_61' title='bbox 264 1305 402 1394; x_wconf 85' lang='lat' dir='ltr'>fatam</span> <span class='ocrx_word' id='word_1_62' title='bbox 436 1319 546 1392; x_wconf 89' lang='lat' dir='ltr'>scut.</span> <span class='ocrx_word' id='word_1_63' title='bbox 585 1303 644 1391; x_wconf 76' lang='lat'>72</span> <span class='ocrx_word' id='word_1_64' title='bbox 675 1331 892 1392; x_wconf 89' lang='lat' dir='ltr'>summam</span> <span class='ocrx_word' id='word_1_65' title='bbox 930 1306 1035 1392; x_wconf 90' lang='lat' dir='ltr'>haee</span> <span class='ocrx_word' id='word_1_66' title='bbox 1069 1307 1202 1392; x_wconf 90' lang='lat' dir='ltr'>verba</span> <span class='ocrx_word' id='word_1_67' title='bbox 1232 1306 1470 1398; x_wconf 85' lang='lat' dir='ltr'>addidisse:</span> <span class='ocrx_word' id='word_1_68' title='bbox 1512 1348 1530 1387; x_wconf 74' lang='lat' dir='ltr'>r</span> <span class='ocrx_word' id='word_1_69' title='bbox 1569 1329 1708 1426; x_wconf 81' lang='lat' dir='ltr'>questo</span> <span class='ocrx_word' id='word_1_70' title='bbox 1741 1315 1772 1399; x_wconf 76' lang='lat' dir='ltr'>ei</span> 
     </span>
     <span class='ocr_line' id='line_1_10' title="bbox 265 1423 1757 1544; baseline 0.003 -29"><span class='ocrx_word' id='word_1_71' title='bbox 265 1430 331 1515; x_wconf 85' lang='lat' dir='ltr'>oid</span> <span class='ocrx_word' id='word_1_72' title='bbox 360 1427 431 1514; x_wconf 79' lang='lat' dir='ltr'>che</span> <span class='ocrx_word' id='word_1_73' title='bbox 464 1427 506 1511; x_wconf 89' lang='lat' dir='ltr'>io</span> <span class='ocrx_word' id='word_1_74' title='bbox 540 1423 641 1512; x_wconf 85' lang='lat' dir='ltr'>deuo</span> <span class='ocrx_word' id='word_1_75' title='bbox 687 1427 1020 1540; x_wconf 79' lang='lat' dir='ltr'>personairnente</span> <span class='ocrx_word' id='word_1_76' title='bbox 1051 1457 1133 1542; x_wconf 88' lang='lat' dir='ltr'>per</span> <span class='ocrx_word' id='word_1_77' title='bbox 1162 1443 1286 1544; x_wconf 87' lang='lat' dir='ltr'>porte</span> <span class='ocrx_word' id='word_1_78' title='bbox 1335 1432 1454 1515; x_wconf 87' lang='lat' dir='ltr'>min:</span> <span class='ocrx_word' id='word_1_79' title='bbox 1497 1473 1514 1510; x_wconf 73' lang='grc' dir='ltr'>ι</span> <span class='ocrx_word' id='word_1_80' title='bbox 1551 1432 1688 1519; x_wconf 80' lang='lat' dir='ltr'>vetuti</span> <span class='ocrx_word' id='word_1_81' title='bbox 1723 1435 1757 1520; x_wconf 91' lang='lat' dir='ltr'>si</span> 
     </span>
     <span class='ocr_line' id='line_1_11' title="bbox 264 1549 1756 1666; baseline 0.002 -27"><span class='ocrx_word' id='word_1_82' title='bbox 264 1549 426 1639; x_wconf 87' lang='lat' dir='ltr'>caeteri</span> <span class='ocrx_word' id='word_1_83' title='bbox 454 1549 661 1638; x_wconf 89' lang='lat' dir='ltr'>Canonici</span> <span class='ocrx_word' id='word_1_84' title='bbox 695 1549 1047 1665; x_wconf 91' lang='lat' dir='ltr'>contemporanei</span> <span class='ocrx_word' id='word_1_85' title='bbox 1084 1550 1360 1666; x_wconf 87' lang='lat' dir='ltr'>tantumdem</span> <span class='ocrx_word' id='word_1_86' title='bbox 1396 1551 1434 1640; x_wconf 93' lang='lat' dir='ltr'>ei</span> <span class='ocrx_word' id='word_1_87' title='bbox 1470 1552 1645 1642; x_wconf 82' lang='lat' dir='ltr'>tradere</span> <span class='ocrx_word' id='word_1_88' title='bbox 1678 1555 1756 1642; x_wconf 91' lang='lat' dir='ltr'>de·</span> 
     </span>
     <span class='ocr_line' id='line_1_12' title="bbox 264 1672 1759 1790; baseline 0.001 -30"><span class='ocrx_word' id='word_1_89' title='bbox 264 1672 478 1772; x_wconf 89' lang='lat' dir='ltr'>buissent,</span> <span class='ocrx_word' id='word_1_90' title='bbox 506 1687 654 1785; x_wconf 89' lang='lat' dir='ltr'>postea</span> <span class='ocrx_word' id='word_1_91' title='bbox 678 1701 782 1758; x_wconf 92' lang='lat' dir='ltr'>vero</span> <span class='ocrx_word' id='word_1_92' title='bbox 806 1672 849 1758; x_wconf 94' lang='lat' dir='ltr'>in</span> <span class='ocrx_word' id='word_1_93' title='bbox 873 1672 1099 1760; x_wconf 87' lang='lat' dir='ltr'>dexteram</span> <span class='ocrx_word' id='word_1_94' title='bbox 1125 1673 1285 1790; x_wconf 82' lang='lat' dir='ltr'>navigii</span> <span class='ocrx_word' id='word_1_95' title='bbox 1309 1676 1486 1761; x_wconf 91' lang='lat' dir='ltr'>mittens</span> <span class='ocrx_word' id='word_1_96' title='bbox 1518 1691 1628 1777; x_wconf 89' lang='lat' dir='ltr'>rete,</span> <span class='ocrx_word' id='word_1_97' title='bbox 1650 1707 1759 1763; x_wconf 94' lang='lat' dir='ltr'>non·</span> 
     </span>
     <span class='ocr_line' id='line_1_13' title="bbox 265 1793 1767 1913; baseline 0.003 -29"><span class='ocrx_word' id='word_1_98' title='bbox 265 1796 346 1884; x_wconf 92' lang='lat' dir='ltr'>uisi</span> <span class='ocrx_word' id='word_1_99' title='bbox 379 1823 511 1911; x_wconf 89' lang='lat' dir='ltr'>qnam</span> <span class='ocrx_word' id='word_1_100' title='bbox 534 1825 593 1880; x_wconf 87' lang='lat' dir='ltr'>sc.</span> <span class='ocrx_word' id='word_1_101' title='bbox 609 1793 660 1878; x_wconf 88' lang='lat' dir='ltr'>6t</span> <span class='ocrx_word' id='word_1_102' title='bbox 703 1811 745 1882; x_wconf 93' lang='lat' dir='ltr'>et</span> <span class='ocrx_word' id='word_1_103' title='bbox 777 1795 900 1881; x_wconf 87' lang='lat' dir='ltr'>obul.</span> <span class='ocrx_word' id='word_1_104' title='bbox 921 1795 975 1880; x_wconf 90' lang='grc'>17</span> <span class='ocrx_word' id='word_1_105' title='bbox 1001 1811 1201 1913; x_wconf 89' lang='lat' dir='ltr'>repetere</span> <span class='ocrx_word' id='word_1_106' title='bbox 1224 1829 1248 1883; x_wconf 90' lang='lat' dir='ltr'>a</span> <span class='ocrx_word' id='word_1_107' title='bbox 1271 1797 1473 1911; x_wconf 84' lang='lat' dir='ltr'>Capitulo</span> <span class='ocrx_word' id='word_1_108' title='bbox 1506 1798 1691 1886; x_wconf 90' lang='lat' dir='ltr'>curavit.</span> <span class='ocrx_word' id='word_1_109' title='bbox 1714 1797 1767 1889; x_wconf 87' lang='lat' dir='ltr'>Si.</span> 
     </span>
     <span class='ocr_line' id='line_1_14' title="bbox 265 1915 1761 2022; baseline 0.003 -17"><span class='ocrx_word' id='word_1_110' title='bbox 265 1919 386 2006; x_wconf 90' lang='lat' dir='ltr'>enim</span> <span class='ocrx_word' id='word_1_111' title='bbox 423 1915 529 2002; x_wconf 91' lang='lat' dir='ltr'>haec</span> <span class='ocrx_word' id='word_1_112' title='bbox 563 1915 745 2002; x_wconf 89' lang='lat' dir='ltr'>veritate</span> <span class='ocrx_word' id='word_1_113' title='bbox 785 1919 1044 2019; x_wconf 88' lang='lat' dir='ltr'>niterentur,</span> <span class='ocrx_word' id='word_1_114' title='bbox 1076 1948 1205 2005; x_wconf 85' lang='lat' dir='ltr'>eccur</span> <span class='ocrx_word' id='word_1_115' title='bbox 1248 1920 1506 2022; x_wconf 82' lang='lat' dir='ltr'>Canonicos,</span> <span class='ocrx_word' id='word_1_116' title='bbox 1535 1920 1640 2007; x_wconf 92' lang='lat' dir='ltr'>dum</span> <span class='ocrx_word' id='word_1_117' title='bbox 1677 1921 1761 2010; x_wconf 84' lang='lat' dir='ltr'>irae</span> 
     </span>
     <span class='ocr_line' id='line_1_15' title="bbox 265 2038 1755 2155; baseline 0.001 -27"><span class='ocrx_word' id='word_1_118' title='bbox 265 2043 366 2138; x_wconf 88' lang='lat' dir='ltr'>luce</span> <span class='ocrx_word' id='word_1_119' title='bbox 410 2038 552 2127; x_wconf 89' lang='lat' dir='ltr'>adhuc</span> <span class='ocrx_word' id='word_1_120' title='bbox 586 2038 882 2144; x_wconf 77' lang='lat' dir='ltr'>fruebantur,</span> <span class='ocrx_word' id='word_1_121' title='bbox 929 2070 1016 2126; x_wconf 92' lang='lat' dir='ltr'>non</span> <span class='ocrx_word' id='word_1_122' title='bbox 1051 2041 1294 2155; x_wconf 86' lang='lat' dir='ltr'>expetivit,</span> <span class='ocrx_word' id='word_1_123' title='bbox 1342 2071 1470 2130; x_wconf 88' lang='lat' dir='ltr'>eccur</span> <span class='ocrx_word' id='word_1_124' title='bbox 1504 2041 1755 2130; x_wconf 89' lang='lat' dir='ltr'>huiusmodi</span> 
     </span>
     <span class='ocr_line' id='line_1_16' title="bbox 265 2159 1762 2280; baseline 0.003 -32"><span class='ocrx_word' id='word_1_125' title='bbox 265 2177 497 2280; x_wconf 90' lang='lat' dir='ltr'>praetensa</span> <span class='ocrx_word' id='word_1_126' title='bbox 552 2159 644 2246; x_wconf 90' lang='lat' dir='ltr'>iura</span> <span class='ocrx_word' id='word_1_127' title='bbox 700 2161 781 2248; x_wconf 88' lang='lat' dir='ltr'>hoc</span> <span class='ocrx_word' id='word_1_128' title='bbox 834 2162 1042 2280; x_wconf 90' lang='lat' dir='ltr'>temporis</span> <span class='ocrx_word' id='word_1_129' title='bbox 1097 2179 1323 2249; x_wconf 86' lang='lat' dir='ltr'>momento</span> <span class='ocrx_word' id='word_1_130' title='bbox 1382 2164 1574 2280; x_wconf 89' lang='lat' dir='ltr'>experiri</span> <span class='ocrx_word' id='word_1_131' title='bbox 1622 2193 1762 2253; x_wconf 89' lang='lat' dir='ltr'>cona-</span> 
     </span>
     <span class='ocr_line' id='line_1_17' title="bbox 265 2283 1754 2400; baseline 0.001 -28"><span class='ocrx_word' id='word_1_132' title='bbox 265 2302 355 2387; x_wconf 90' lang='lat' dir='ltr'>tur,</span> <span class='ocrx_word' id='word_1_133' title='bbox 394 2314 484 2400; x_wconf 91' lang='lat' dir='ltr'>quo</span> <span class='ocrx_word' id='word_1_134' title='bbox 516 2283 722 2371; x_wconf 89' lang='lat' dir='ltr'>Canonici</span> <span class='ocrx_word' id='word_1_135' title='bbox 767 2285 1127 2399; x_wconf 87' lang='lat' dir='ltr'>contemporanei</span> <span class='ocrx_word' id='word_1_136' title='bbox 1151 2312 1304 2371; x_wconf 92' lang='lat' dir='ltr'>omnes</span> <span class='ocrx_word' id='word_1_137' title='bbox 1326 2315 1424 2372; x_wconf 89' lang='lat' dir='ltr'>cnm</span> <span class='ocrx_word' id='word_1_138' title='bbox 1459 2287 1622 2374; x_wconf 90' lang='lat' dir='ltr'>mortui</span> <span class='ocrx_word' id='word_1_139' title='bbox 1650 2286 1754 2393; x_wconf 88' lang='lat' dir='ltr'>sint,</span> 
     </span>
     <span class='ocr_line' id='line_1_18' title="bbox 264 2403 1761 2525; baseline -0.001 -29"><span class='ocrx_word' id='word_1_140' title='bbox 264 2408 515 2496; x_wconf 83' lang='lat' dir='ltr'>nullatenus</span> <span class='ocrx_word' id='word_1_141' title='bbox 546 2434 592 2523; x_wconf 84' lang='lat' dir='ltr'>se</span> <span class='ocrx_word' id='word_1_142' title='bbox 626 2403 867 2494; x_wconf 79' lang='lat' dir='ltr'>defendere</span> <span class='ocrx_word' id='word_1_143' title='bbox 902 2407 1048 2494; x_wconf 80' lang='lat' dir='ltr'>vatent</span> <span class='ocrx_word' id='word_1_144' title='bbox 1066 2407 1085 2494; x_wconf 71' lang='grc' dir='ltr'><strong>ἓ</strong></span> <span class='ocrx_word' id='word_1_145' title='bbox 1102 2409 1218 2494; x_wconf 87' lang='lat' dir='ltr'>Haec</span> <span class='ocrx_word' id='word_1_146' title='bbox 1239 2409 1399 2525; x_wconf 83' lang='lat' dir='ltr'>agendi</span> <span class='ocrx_word' id='word_1_147' title='bbox 1422 2409 1533 2496; x_wconf 90' lang='lat' dir='ltr'>ratio</span> <span class='ocrx_word' id='word_1_148' title='bbox 1552 2440 1651 2496; x_wconf 89' lang='lat' dir='ltr'>eum</span> <span class='ocrx_word' id='word_1_149' title='bbox 1695 2408 1761 2495; x_wconf 92' lang='lat' dir='ltr'>in-</span> 
     </span>
     <span class='ocr_line' id='line_1_19' title="bbox 265 2525 1757 2645; baseline -0.001 -26"><span class='ocrx_word' id='word_1_150' title='bbox 265 2530 356 2619; x_wconf 84' lang='lat' dir='ltr'>doli</span> <span class='ocrx_word' id='word_1_151' title='bbox 397 2525 868 2617; x_wconf 87' lang='lat' dir='ltr'>CanoniciCiocchetti</span> <span class='ocrx_word' id='word_1_152' title='bbox 912 2529 967 2615; x_wconf 89' lang='lat' dir='ltr'>ad</span> <span class='ocrx_word' id='word_1_153' title='bbox 1011 2529 1106 2616; x_wconf 84' lang='lat' dir='ltr'>lites</span> <span class='ocrx_word' id='word_1_154' title='bbox 1150 2531 1331 2645; x_wconf 86' lang='lat' dir='ltr'>proclivi</span> <span class='ocrx_word' id='word_1_155' title='bbox 1365 2531 1582 2618; x_wconf 90' lang='lat' dir='ltr'>contraria</span> <span class='ocrx_word' id='word_1_156' title='bbox 1612 2531 1683 2633; x_wconf 90' lang='lat' dir='ltr'>sit,</span> <span class='ocrx_word' id='word_1_157' title='bbox 1712 2531 1757 2618; x_wconf 93' lang='lat' dir='ltr'>in</span> 
     </span>
     <span class='ocr_line' id='line_1_20' title="bbox 269 2649 1759 2770; baseline -0.001 -28"><span class='ocrx_word' id='word_1_158' title='bbox 269 2649 587 2770; x_wconf 83' lang='lat' dir='ltr'>Capitularium</span> <span class='ocrx_word' id='word_1_159' title='bbox 632 2651 826 2736; x_wconf 90' lang='lat' dir='ltr'>animum</span> <span class='ocrx_word' id='word_1_160' title='bbox 867 2649 1158 2765; x_wconf 84' lang='lat' dir='ltr'>suspicionem</span> <span class='ocrx_word' id='word_1_161' title='bbox 1184 2652 1364 2754; x_wconf 88' lang='lat' dir='ltr'>inducit,</span> <span class='ocrx_word' id='word_1_162' title='bbox 1391 2654 1512 2770; x_wconf 90' lang='lat' dir='ltr'>quod</span> <span class='ocrx_word' id='word_1_163' title='bbox 1552 2653 1759 2741; x_wconf 89' lang='lat' dir='ltr'>adversa·</span> 
     </span>
     <span class='ocr_line' id='line_1_21' title="bbox 265 2770 1761 2892; baseline 0.001 -30"><span class='ocrx_word' id='word_1_164' title='bbox 265 2775 356 2862; x_wconf 88' lang='lat' dir='ltr'>rius</span> <span class='ocrx_word' id='word_1_165' title='bbox 390 2774 581 2890; x_wconf 90' lang='lat' dir='ltr'>aliquam</span> <span class='ocrx_word' id='word_1_166' title='bbox 615 2770 817 2862; x_wconf 78' lang='lat' dir='ltr'>fraudem</span> <span class='ocrx_word' id='word_1_167' title='bbox 868 2791 1017 2860; x_wconf 87' lang='lat' dir='ltr'>contra</span> <span class='ocrx_word' id='word_1_168' title='bbox 1063 2775 1178 2890; x_wconf 89' lang='lat' dir='ltr'>ipsos</span> <span class='ocrx_word' id='word_1_169' title='bbox 1222 2775 1424 2863; x_wconf 86' lang='lat' dir='ltr'>meditari</span> <span class='ocrx_word' id='word_1_170' title='bbox 1475 2792 1659 2892; x_wconf 82' lang='lat' dir='ltr'>satagat.</span> <span class='ocrx_word' id='word_1_171' title='bbox 1696 2777 1761 2864; x_wconf 89' lang='lat' dir='ltr'>Ne</span> 
     </span>
     <span class='ocr_line' id='line_1_22' title="bbox 268 2893 1761 3014; baseline 0.001 -31"><span class='ocrx_word' id='word_1_172' title='bbox 268 2896 417 3014; x_wconf 89' lang='lat' dir='ltr'>itaque</span> <span class='ocrx_word' id='word_1_173' title='bbox 452 2899 495 2982; x_wconf 92' lang='lat' dir='ltr'>in</span> <span class='ocrx_word' id='word_1_174' title='bbox 531 2893 770 2982; x_wconf 88' lang='lat' dir='ltr'>absurdum</span> <span class='ocrx_word' id='word_1_175' title='bbox 807 2894 1069 2998; x_wconf 86' lang='lat' dir='ltr'>incurratur,</span> <span class='ocrx_word' id='word_1_176' title='bbox 1109 2912 1157 2982; x_wconf 92' lang='lat' dir='ltr'>ut</span> <span class='ocrx_word' id='word_1_177' title='bbox 1191 2896 1345 2984; x_wconf 86' lang='lat' dir='ltr'>eadem</span> <span class='ocrx_word' id='word_1_178' title='bbox 1400 2926 1478 2986; x_wconf 90' lang='lat' dir='ltr'>res</span> <span class='ocrx_word' id='word_1_179' title='bbox 1511 2928 1599 2984; x_wconf 92' lang='lat' dir='ltr'>uno</span> <span class='ocrx_word' id='word_1_180' title='bbox 1633 2899 1761 2985; x_wconf 87' lang='lat' dir='ltr'>titulo</span> 
     </span>
     <span class='ocr_line' id='line_1_23' title="bbox 269 3017 1761 3135; baseline 0 -27"><span class='ocrx_word' id='word_1_181' title='bbox 269 3020 422 3108; x_wconf 88' lang='lat' dir='ltr'>debita</span> <span class='ocrx_word' id='word_1_182' title='bbox 455 3017 524 3105; x_wconf 91' lang='lat' dir='ltr'>bis</span> <span class='ocrx_word' id='word_1_183' title='bbox 558 3033 749 3134; x_wconf 90' lang='lat' dir='ltr'>petatur,</span> <span class='ocrx_word' id='word_1_184' title='bbox 803 3018 946 3134; x_wconf 86' lang='lat' dir='ltr'>ipsum</span> <span class='ocrx_word' id='word_1_185' title='bbox 993 3018 1293 3134; x_wconf 84' lang='lat' dir='ltr'>repellendum</span> <span class='ocrx_word' id='word_1_186' title='bbox 1343 3049 1435 3107; x_wconf 91' lang='lat' dir='ltr'>esse</span> <span class='ocrx_word' id='word_1_187' title='bbox 1487 3019 1544 3106; x_wconf 89' lang='lat' dir='ltr'>ait</span> <span class='ocrx_word' id='word_1_188' title='bbox 1584 3019 1761 3135; x_wconf 80' lang='lat' dir='ltr'>vulgata</span> 
     </span>
     <span class='ocr_line' id='line_1_24' title="bbox 267 3139 1763 3258; baseline -0.002 -27"><span class='ocrx_word' id='word_1_189' title='bbox 267 3141 526 3258; x_wconf 81' lang='lat' dir='ltr'>exceptione</span> <span class='ocrx_word' id='word_1_190' title='bbox 559 3139 732 3228; x_wconf 83' lang='lat' dir='ltr'>iirmata</span> <span class='ocrx_word' id='word_1_191' title='bbox 773 3140 818 3226; x_wconf 96' lang='lat' dir='ltr'>in</span> <span class='ocrx_word' id='word_1_192' title='bbox 860 3140 1011 3258; x_wconf 77' lang='lat' dir='ltr'>regula</span> <span class='ocrx_word' id='word_1_193' title='bbox 1055 3141 1160 3229; x_wconf 89' lang='lat' dir='ltr'>iuris</span> <span class='ocrx_word' id='word_1_194' title='bbox 1191 3143 1252 3228; x_wconf 90' lang='lat'>83</span> <span class='ocrx_word' id='word_1_195' title='bbox 1287 3142 1331 3228; x_wconf 94' lang='lat' dir='ltr'>in</span> <span class='ocrx_word' id='word_1_196' title='bbox 1366 3143 1395 3228; x_wconf 89' lang='lat'>6</span> <span class='ocrx_word' id='word_1_197' title='bbox 1426 3189 1455 3206; x_wconf 90' lang='lat'><em>-</em></span> <span class='ocrx_word' id='word_1_198' title='bbox 1487 3139 1551 3228; x_wconf 90' lang='lat' dir='ltr'>ibi</span> <span class='ocrx_word' id='word_1_199' title='bbox 1582 3189 1612 3206; x_wconf 94' lang='lat'>-</span> <span class='ocrx_word' id='word_1_200' title='bbox 1644 3143 1763 3228; x_wconf 85' lang='lat' dir='ltr'>Bono</span> 
     </span>
     <span class='ocr_line' id='line_1_25' title="bbox 268 3263 1562 3386; baseline -0.001 -35"><span class='ocrx_word' id='word_1_201' title='bbox 268 3264 373 3386; x_wconf 82' lang='lat' dir='ltr'>fides</span> <span class='ocrx_word' id='word_1_202' title='bbox 406 3295 489 3348; x_wconf 89' lang='lat' dir='ltr'>non</span> <span class='ocrx_word' id='word_1_203' title='bbox 519 3263 686 3378; x_wconf 84' lang='lat' dir='ltr'>potitur·</span> <span class='ocrx_word' id='word_1_204' title='bbox 716 3280 763 3350; x_wconf 82' lang='lat' dir='ltr'>ut</span> <span class='ocrx_word' id='word_1_205' title='bbox 794 3264 915 3350; x_wconf 81' lang='lat' dir='ltr'>semel</span> <span class='ocrx_word' id='word_1_206' title='bbox 948 3279 1133 3350; x_wconf 77' lang='lat' dir='ltr'>eoactum</span> <span class='ocrx_word' id='word_1_207' title='bbox 1166 3263 1318 3350; x_wconf 82' lang='lat' dir='ltr'>iterrnn</span> <span class='ocrx_word' id='word_1_208' title='bbox 1351 3265 1562 3379; x_wconf 79' lang='lat' dir='ltr'>sosipater.</span> 
     </span>
    </p>

    <p class='ocr_par' dir='ltr' id='par_1_3' title="bbox 233 3383 1766 5711">
     <span class='ocr_line' id='line_1_26' title="bbox 279 3383 1766 3504; baseline 0.001 -32"><span class='ocrx_word' id='word_1_209' title='bbox 279 3383 283 3392; x_wconf 69' lang='grc'><em>“</em></span> <span class='ocrx_word' id='word_1_210' title='bbox 427 3389 741 3473; x_wconf 82' lang='lat' dir='ltr'>Verumtamen</span> <span class='ocrx_word' id='word_1_211' title='bbox 798 3385 1036 3474; x_wconf 87' lang='lat' dir='ltr'>adversarii</span> <span class='ocrx_word' id='word_1_212' title='bbox 1100 3385 1329 3503; x_wconf 86' lang='lat' dir='ltr'>hypothesi</span> <span class='ocrx_word' id='word_1_213' title='bbox 1380 3416 1622 3504; x_wconf 89' lang='lat' dir='ltr'>parumper</span> <span class='ocrx_word' id='word_1_214' title='bbox 1678 3385 1766 3473; x_wconf 88' lang='lat' dir='ltr'>ad-</span> 
     </span>
     <span class='ocr_line' id='line_1_27' title="bbox 269 3508 1759 3597; baseline -0.001 0"><span class='ocrx_word' id='word_1_215' title='bbox 269 3509 399 3597; x_wconf 88' lang='lat' dir='ltr'>missa</span> <span class='ocrx_word' id='word_1_216' title='bbox 449 3537 667 3595; x_wconf 89' lang='lat' dir='ltr'>summam</span> <span class='ocrx_word' id='word_1_217' title='bbox 723 3525 985 3597; x_wconf 90' lang='lat' dir='ltr'>scutatorum</span> <span class='ocrx_word' id='word_1_218' title='bbox 1036 3509 1085 3593; x_wconf 80' lang='lat' dir='ltr'>ut</span> <span class='ocrx_word' id='word_1_219' title='bbox 1144 3509 1251 3595; x_wconf 84' lang='lat' dir='ltr'>nihii</span> <span class='ocrx_word' id='word_1_220' title='bbox 1306 3508 1470 3595; x_wconf 87' lang='lat' dir='ltr'>habere</span> <span class='ocrx_word' id='word_1_221' title='bbox 1525 3537 1759 3596; x_wconf 88' lang='lat' dir='ltr'>commune</span> 
     </span>
     <span class='ocr_line' id='line_1_28' title="bbox 268 3631 1763 3720; baseline -0.001 0"><span class='ocrx_word' id='word_1_222' title='bbox 268 3661 366 3720; x_wconf 94' lang='lat' dir='ltr'>cum</span> <span class='ocrx_word' id='word_1_223' title='bbox 414 3631 543 3719; x_wconf 86' lang='lat' dir='ltr'>scutis</span> <span class='ocrx_word' id='word_1_224' title='bbox 592 3633 651 3718; x_wconf 78' lang='lat'>72</span> <span class='ocrx_word' id='word_1_225' title='bbox 705 3633 790 3720; x_wconf 90' lang='lat' dir='ltr'>sibi</span> <span class='ocrx_word' id='word_1_226' title='bbox 841 3632 898 3718; x_wconf 91' lang='lat' dir='ltr'>ab</span> <span class='ocrx_word' id='word_1_227' title='bbox 947 3631 1315 3720; x_wconf 87' lang='lat' dir='ltr'>Administratore</span> <span class='ocrx_word' id='word_1_228' title='bbox 1358 3631 1597 3718; x_wconf 78' lang='lat' dir='ltr'>illuminati</span> <span class='ocrx_word' id='word_1_229' title='bbox 1635 3632 1763 3718; x_wconf 87' lang='lat' dir='ltr'>solu-</span> 
     </span>
     <span class='ocr_line' id='line_1_29' title="bbox 268 3751 1762 3870; baseline -0.002 -29"><span class='ocrx_word' id='word_1_230' title='bbox 268 3756 350 3856; x_wconf 91' lang='lat' dir='ltr'>tis,</span> <span class='ocrx_word' id='word_1_231' title='bbox 390 3753 676 3842; x_wconf 85' lang='lat' dir='ltr'>uihilominns</span> <span class='ocrx_word' id='word_1_232' title='bbox 715 3783 918 3870; x_wconf 89' lang='lat' dir='ltr'>praesens</span> <span class='ocrx_word' id='word_1_233' title='bbox 961 3752 1212 3867; x_wconf 87' lang='lat' dir='ltr'>Capitulum</span> <span class='ocrx_word' id='word_1_234' title='bbox 1260 3751 1379 3839; x_wconf 83' lang='lat' dir='ltr'>nnilo</span> <span class='ocrx_word' id='word_1_235' title='bbox 1433 3771 1560 3870; x_wconf 87' lang='lat' dir='ltr'>pacto</span> <span class='ocrx_word' id='word_1_236' title='bbox 1598 3783 1762 3870; x_wconf 76' lang='lat' dir='ltr'>urgen-</span> 
     </span>
     <span class='ocr_line' id='line_1_30' title="bbox 267 3873 1760 3992; baseline -0.003 -27"><span class='ocrx_word' id='word_1_237' title='bbox 267 3876 376 3965; x_wconf 92' lang='lat' dir='ltr'>dum</span> <span class='ocrx_word' id='word_1_238' title='bbox 418 3888 511 3964; x_wconf 77' lang='lat' dir='ltr'>es&#39;se</span> <span class='ocrx_word' id='word_1_239' title='bbox 549 3874 733 3964; x_wconf 84' lang='lat' dir='ltr'>affirmat</span> <span class='ocrx_word' id='word_1_240' title='bbox 782 3877 875 3964; x_wconf 90' lang='lat' dir='ltr'>sive</span> <span class='ocrx_word' id='word_1_241' title='bbox 922 3873 1172 3963; x_wconf 88' lang='lat' dir='ltr'>huiusmodi</span> <span class='ocrx_word' id='word_1_242' title='bbox 1220 3905 1424 3978; x_wconf 91' lang='lat' dir='ltr'>summa,</span> <span class='ocrx_word' id='word_1_243' title='bbox 1467 3875 1586 3992; x_wconf 92' lang='lat' dir='ltr'>quod</span> <span class='ocrx_word' id='word_1_244' title='bbox 1631 3875 1760 3962; x_wconf 89' lang='lat' dir='ltr'>veri-</span> 
     </span>
     <span class='ocr_line' id='line_1_31' title="bbox 267 3997 1764 4116; baseline -0.003 -29"><span class='ocrx_word' id='word_1_245' title='bbox 267 3999 453 4087; x_wconf 83' lang='lat' dir='ltr'>similius</span> <span class='ocrx_word' id='word_1_246' title='bbox 501 4019 596 4100; x_wconf 88' lang='lat' dir='ltr'>est,</span> <span class='ocrx_word' id='word_1_247' title='bbox 652 4028 785 4116; x_wconf 90' lang='lat' dir='ltr'>penes</span> <span class='ocrx_word' id='word_1_248' title='bbox 832 3999 1045 4087; x_wconf 89' lang='lat' dir='ltr'>haeredes</span> <span class='ocrx_word' id='word_1_249' title='bbox 1091 3998 1330 4085; x_wconf 77' lang='lat' dir='ltr'>illuminati</span> <span class='ocrx_word' id='word_1_250' title='bbox 1380 4015 1477 4114; x_wconf 92' lang='lat' dir='ltr'>post</span> <span class='ocrx_word' id='word_1_251' title='bbox 1517 3998 1608 4085; x_wconf 91' lang='lat' dir='ltr'>eius</span> <span class='ocrx_word' id='word_1_252' title='bbox 1657 3997 1764 4084; x_wconf 90' lang='lat' dir='ltr'>obi-</span> 
     </span>
     <span class='ocr_line' id='line_1_32' title="bbox 270 4120 1756 4238; baseline -0.002 -29"><span class='ocrx_word' id='word_1_253' title='bbox 270 4137 363 4209; x_wconf 95' lang='lat' dir='ltr'>tum</span> <span class='ocrx_word' id='word_1_254' title='bbox 400 4120 674 4218; x_wconf 89' lang='lat' dir='ltr'>remanserit,</span> <span class='ocrx_word' id='word_1_255' title='bbox 710 4121 800 4208; x_wconf 87' lang='lat' dir='ltr'>sive</span> <span class='ocrx_word' id='word_1_256' title='bbox 826 4121 870 4209; x_wconf 95' lang='lat' dir='ltr'>in</span> <span class='ocrx_word' id='word_1_257' title='bbox 895 4145 1048 4238; x_wconf 78' lang='lat' dir='ltr'>&#39;capsae</span> <span class='ocrx_word' id='word_1_258' title='bbox 1072 4120 1323 4236; x_wconf 85' lang='lat' dir='ltr'>capitularis</span> <span class='ocrx_word' id='word_1_259' title='bbox 1346 4137 1632 4237; x_wconf 81' lang='lat' dir='ltr'>augmentum</span> <span class='ocrx_word' id='word_1_260' title='bbox 1654 4151 1756 4207; x_wconf 90' lang='lat' dir='ltr'>eon·</span> 
     </span>
     <span class='ocr_line' id='line_1_33' title="bbox 267 4242 1753 4359; baseline -0.003 -28"><span class='ocrx_word' id='word_1_261' title='bbox 267 4275 394 4333; x_wconf 86' lang='lat' dir='ltr'>versa</span> <span class='ocrx_word' id='word_1_262' title='bbox 427 4244 572 4330; x_wconf 82' lang='lat' dir='ltr'>fuerit.</span> <span class='ocrx_word' id='word_1_263' title='bbox 610 4243 723 4332; x_wconf 89' lang='lat' dir='ltr'>Sane</span> <span class='ocrx_word' id='word_1_264' title='bbox 756 4245 791 4329; x_wconf 91' lang='lat' dir='ltr'>si</span> <span class='ocrx_word' id='word_1_265' title='bbox 826 4242 940 4359; x_wconf 91' lang='lat' dir='ltr'>apud</span> <span class='ocrx_word' id='word_1_266' title='bbox 978 4243 1188 4330; x_wconf 90' lang='lat' dir='ltr'>haeredes</span> <span class='ocrx_word' id='word_1_267' title='bbox 1222 4243 1462 4330; x_wconf 77' lang='lat' dir='ltr'>illuminati</span> <span class='ocrx_word' id='word_1_268' title='bbox 1505 4247 1753 4345; x_wconf 88' lang='lat' dir='ltr'>remansit,</span> 
     </span>
     <span class='ocr_line' id='line_1_34' title="bbox 269 4364 1759 4484; baseline -0.003 -30"><span class='ocrx_word' id='word_1_269' title='bbox 269 4385 385 4454; x_wconf 88' lang='lat' dir='ltr'>recta</span> <span class='ocrx_word' id='word_1_270' title='bbox 421 4368 529 4454; x_wconf 91' lang='lat' dir='ltr'>ratio</span> <span class='ocrx_word' id='word_1_271' title='bbox 563 4365 697 4454; x_wconf 91' lang='lat' dir='ltr'>dictat</span> <span class='ocrx_word' id='word_1_272' title='bbox 729 4366 856 4454; x_wconf 84' lang='lat' dir='ltr'>hosce</span> <span class='ocrx_word' id='word_1_273' title='bbox 889 4364 1102 4452; x_wconf 87' lang='lat' dir='ltr'>haeredes</span> <span class='ocrx_word' id='word_1_274' title='bbox 1136 4367 1193 4453; x_wconf 90' lang='lat' dir='ltr'>ab</span> <span class='ocrx_word' id='word_1_275' title='bbox 1230 4366 1322 4484; x_wconf 90' lang='lat' dir='ltr'>ipso</span> <span class='ocrx_word' id='word_1_276' title='bbox 1346 4366 1634 4454; x_wconf 87' lang='lat' dir='ltr'>Canonicatus</span> <span class='ocrx_word' id='word_1_277' title='bbox 1659 4395 1759 4479; x_wconf 93' lang='lat' dir='ltr'>pos-</span> 
     </span>
     <span class='ocr_line' id='line_1_35' title="bbox 270 4485 1764 4604; baseline -0.003 -27"><span class='ocrx_word' id='word_1_278' title='bbox 270 4518 436 4577; x_wconf 84' lang='lat' dir='ltr'>sessore</span> <span class='ocrx_word' id='word_1_279' title='bbox 475 4489 517 4574; x_wconf 93' lang='lat' dir='ltr'>in</span> <span class='ocrx_word' id='word_1_280' title='bbox 552 4487 761 4576; x_wconf 91' lang='lat' dir='ltr'>iudicium</span> <span class='ocrx_word' id='word_1_281' title='bbox 798 4519 890 4577; x_wconf 91' lang='lat' dir='ltr'>esse</span> <span class='ocrx_word' id='word_1_282' title='bbox 933 4489 1234 4604; x_wconf 90' lang='lat' dir='ltr'>provocandos</span> <span class='ocrx_word' id='word_1_283' title='bbox 1267 4504 1317 4574; x_wconf 92' lang='lat' dir='ltr'>ut</span> <span class='ocrx_word' id='word_1_284' title='bbox 1364 4488 1423 4573; x_wconf 91' lang='lat' dir='ltr'>ab</span> <span class='ocrx_word' id='word_1_285' title='bbox 1466 4487 1529 4574; x_wconf 90' lang='lat' dir='ltr'>eis</span> <span class='ocrx_word' id='word_1_286' title='bbox 1562 4485 1764 4573; x_wconf 85' lang='lat' dir='ltr'>restitua-</span> 
     </span>
     <span class='ocr_line' id='line_1_36' title="bbox 271 4604 1762 4729; baseline -0.004 -31"><span class='ocrx_word' id='word_1_287' title='bbox 271 4626 342 4698; x_wconf 90' lang='lat' dir='ltr'>tur</span> <span class='ocrx_word' id='word_1_288' title='bbox 366 4611 495 4729; x_wconf 79' lang='lat' dir='ltr'>qnod</span> <span class='ocrx_word' id='word_1_289' title='bbox 531 4611 571 4696; x_wconf 94' lang='lat' dir='ltr'>in</span> <span class='ocrx_word' id='word_1_290' title='bbox 618 4641 711 4698; x_wconf 90' lang='lat' dir='ltr'>asse</span> <span class='ocrx_word' id='word_1_291' title='bbox 751 4610 1042 4701; x_wconf 88' lang='lat' dir='ltr'>haereditario</span> <span class='ocrx_word' id='word_1_292' title='bbox 1077 4609 1275 4698; x_wconf 89' lang='lat' dir='ltr'>indebite</span> <span class='ocrx_word' id='word_1_293' title='bbox 1317 4608 1398 4696; x_wconf 80' lang='lat' dir='ltr'>suit</span> <span class='ocrx_word' id='word_1_294' title='bbox 1437 4625 1679 4724; x_wconf 91' lang='lat' dir='ltr'>repertum.</span> <span class='ocrx_word' id='word_1_295' title='bbox 1716 4604 1762 4698; x_wconf 85' lang='lat' dir='ltr'>Si</span> 
     </span>
     <span class='ocr_line' id='line_1_37' title="bbox 268 4729 1759 4849; baseline -0.005 -26"><span class='ocrx_word' id='word_1_296' title='bbox 268 4765 374 4823; x_wconf 88' lang='lat' dir='ltr'>vero</span> <span class='ocrx_word' id='word_1_297' title='bbox 408 4732 667 4821; x_wconf 90' lang='lat' dir='ltr'>admittatur</span> <span class='ocrx_word' id='word_1_298' title='bbox 700 4735 967 4849; x_wconf 89' lang='lat' dir='ltr'>praedictam</span> <span class='ocrx_word' id='word_1_299' title='bbox 993 4762 1210 4820; x_wconf 87' lang='lat' dir='ltr'>summam</span> <span class='ocrx_word' id='word_1_300' title='bbox 1235 4733 1277 4819; x_wconf 94' lang='lat' dir='ltr'>in</span> <span class='ocrx_word' id='word_1_301' title='bbox 1302 4734 1653 4820; x_wconf 86' lang='lat' dir='ltr'>emolumentum</span> <span class='ocrx_word' id='word_1_302' title='bbox 1679 4729 1759 4818; x_wconf 89' lang='lat' dir='ltr'>Ca·</span> 
     </span>
     <span class='ocr_line' id='line_1_38' title="bbox 268 4852 1763 4975; baseline -0.003 -33"><span class='ocrx_word' id='word_1_303' title='bbox 268 4857 395 4975; x_wconf 86' lang='lat' dir='ltr'>pituli</span> <span class='ocrx_word' id='word_1_304' title='bbox 431 4857 547 4943; x_wconf 82' lang='lat' dir='ltr'>iilius</span> <span class='ocrx_word' id='word_1_305' title='bbox 583 4856 792 4972; x_wconf 88' lang='lat' dir='ltr'>temporis</span> <span class='ocrx_word' id='word_1_306' title='bbox 827 4887 999 4944; x_wconf 88' lang='lat' dir='ltr'>versam</span> <span class='ocrx_word' id='word_1_307' title='bbox 1036 4855 1201 4957; x_wconf 78' lang='lat' dir='ltr'>fuisse,</span> <span class='ocrx_word' id='word_1_308' title='bbox 1244 4855 1337 4941; x_wconf 90' lang='lat' dir='ltr'>eius</span> <span class='ocrx_word' id='word_1_309' title='bbox 1381 4884 1509 4941; x_wconf 88' lang='lat' dir='ltr'>causa</span> <span class='ocrx_word' id='word_1_310' title='bbox 1544 4852 1651 4939; x_wconf 84' lang='lat' dir='ltr'>nihii</span> <span class='ocrx_word' id='word_1_311' title='bbox 1689 4868 1763 4938; x_wconf 92' lang='lat' dir='ltr'>ta-</span> 
     </span>
     <span class='ocr_line' id='line_1_39' title="bbox 270 4971 1765 5095; baseline -0.002 -30"><span class='ocrx_word' id='word_1_312' title='bbox 270 5009 374 5066; x_wconf 89' lang='lat' dir='ltr'>men</span> <span class='ocrx_word' id='word_1_313' title='bbox 409 4978 597 5095; x_wconf 84' lang='lat' dir='ltr'>proficit,</span> <span class='ocrx_word' id='word_1_314' title='bbox 635 5007 689 5065; x_wconf 89' lang='lat' dir='ltr'>oo</span> <span class='ocrx_word' id='word_1_315' title='bbox 725 4979 843 5094; x_wconf 90' lang='lat' dir='ltr'>quod</span> <span class='ocrx_word' id='word_1_316' title='bbox 879 5007 1119 5094; x_wconf 91' lang='lat' dir='ltr'>numquam</span> <span class='ocrx_word' id='word_1_317' title='bbox 1155 4977 1458 5064; x_wconf 89' lang='lat' dir='ltr'>demonstrare</span> <span class='ocrx_word' id='word_1_318' title='bbox 1491 4975 1656 5062; x_wconf 86' lang='lat' dir='ltr'>valebit</span> <span class='ocrx_word' id='word_1_319' title='bbox 1678 4971 1765 5062; x_wconf 88' lang='lat' dir='ltr'>de·</span> 
     </span>
     <span class='ocr_line' id='line_1_40' title="bbox 267 5095 1762 5218; baseline -0.004 -30"><span class='ocrx_word' id='word_1_320' title='bbox 267 5101 418 5189; x_wconf 79' lang='lat' dir='ltr'>hita‘a</span> <span class='ocrx_word' id='word_1_321' title='bbox 456 5100 867 5218; x_wconf 81' lang='lat' dir='ltr'>praedecessoribus</span> <span class='ocrx_word' id='word_1_322' title='bbox 916 5117 1134 5188; x_wconf 87' lang='lat' dir='ltr'>eontracta</span> <span class='ocrx_word' id='word_1_323' title='bbox 1189 5101 1324 5186; x_wconf 93' lang='lat' dir='ltr'>modo</span> <span class='ocrx_word' id='word_1_324' title='bbox 1362 5098 1561 5186; x_wconf 85' lang='lat' dir='ltr'>solvendi</span> <span class='ocrx_word' id='word_1_325' title='bbox 1604 5095 1762 5184; x_wconf 83' lang='lat' dir='ltr'>actuali</span> 
     </span>
     <span class='ocr_line' id='line_1_41' title="bbox 273 5218 1764 5343; baseline -0.005 -31"><span class='ocrx_word' id='word_1_326' title='bbox 273 5224 476 5343; x_wconf 82' lang='lat' dir='ltr'>Capituio</span> <span class='ocrx_word' id='word_1_327' title='bbox 498 5253 608 5312; x_wconf 93' lang='lat' dir='ltr'>onus</span> <span class='ocrx_word' id='word_1_328' title='bbox 642 5223 914 5311; x_wconf 89' lang='lat' dir='ltr'>incumbere.</span> <span class='ocrx_word' id='word_1_329' title='bbox 936 5225 1045 5311; x_wconf 89' lang='lat' dir='ltr'>Cum</span> <span class='ocrx_word' id='word_1_330' title='bbox 1072 5221 1186 5308; x_wconf 90' lang='lat' dir='ltr'>enim</span> <span class='ocrx_word' id='word_1_331' title='bbox 1213 5238 1320 5308; x_wconf 90' lang='lat' dir='ltr'>teste</span> <span class='ocrx_word' id='word_1_332' title='bbox 1353 5223 1397 5310; x_wconf 91' lang='lat' dir='ltr'>S.</span> <span class='ocrx_word' id='word_1_333' title='bbox 1422 5225 1531 5308; x_wconf 83' lang='lat' dir='ltr'>Rota</span> <span class='ocrx_word' id='word_1_334' title='bbox 1566 5218 1764 5306; x_wconf 85' lang='lat' dir='ltr'>decis.79</span> 
     </span>
     <span class='ocr_line' id='line_1_42' title="bbox 267 5341 1763 5442; baseline -0.003 -9"><span class='ocrx_word' id='word_1_335' title='bbox 267 5377 383 5434; x_wconf 84' lang='lat' dir='ltr'>num.</span> <span class='ocrx_word' id='word_1_336' title='bbox 423 5349 484 5435; x_wconf 89' lang='lat'>36</span> <span class='ocrx_word' id='word_1_337' title='bbox 520 5377 658 5433; x_wconf 86' lang='lat' dir='ltr'>eornm</span> <span class='ocrx_word' id='word_1_338' title='bbox 690 5341 902 5442; x_wconf 81' lang='lat' dir='ltr'>Ansnldo,</span> <span class='ocrx_word' id='word_1_339' title='bbox 929 5360 966 5430; x_wconf 87' lang='lat' dir='ltr'>et</span> <span class='ocrx_word' id='word_1_340' title='bbox 1000 5343 1125 5432; x_wconf 80' lang='lat' dir='ltr'>decis.</span> <span class='ocrx_word' id='word_1_341' title='bbox 1153 5345 1245 5431; x_wconf 74' lang='lat'>485</span> <span class='ocrx_word' id='word_1_342' title='bbox 1278 5377 1321 5431; x_wconf 89' lang='lat' dir='ltr'>n.</span> <span class='ocrx_word' id='word_1_343' title='bbox 1343 5343 1393 5429; x_wconf 76' lang='lat' dir='ltr'>ii</span> <span class='ocrx_word' id='word_1_344' title='bbox 1436 5373 1577 5430; x_wconf 81' lang='lat' dir='ltr'>corana</span> <span class='ocrx_word' id='word_1_345' title='bbox 1609 5341 1763 5428; x_wconf 74' lang='lat' dir='ltr'>Bionis</span> 
     </span>
     <span class='ocr_line' id='line_1_43' title="bbox 268 5467 1762 5589; baseline -0.004 -33"><span class='ocrx_word' id='word_1_346' title='bbox 268 5515 298 5533; x_wconf 89' lang='lat'>·-</span> <span class='ocrx_word' id='word_1_347' title='bbox 330 5471 391 5556; x_wconf 94' lang='lat' dir='ltr'>ibi</span> <span class='ocrx_word' id='word_1_348' title='bbox 423 5523 453 5540; x_wconf 92' lang='lat'>-</span> <span class='ocrx_word' id='word_1_349' title='bbox 489 5469 701 5558; x_wconf 82' lang='lat' dir='ltr'>Successor</span> <span class='ocrx_word' id='word_1_350' title='bbox 750 5469 794 5553; x_wconf 83' lang='lat' dir='ltr'>in</span> <span class='ocrx_word' id='word_1_351' title='bbox 844 5467 1036 5589; x_wconf 77' lang='lat' dir='ltr'>beneficio</span> <span class='ocrx_word' id='word_1_352' title='bbox 1084 5499 1165 5553; x_wconf 86' lang='lat' dir='ltr'>non</span> <span class='ocrx_word' id='word_1_353' title='bbox 1211 5483 1494 5583; x_wconf 83' lang='lat' dir='ltr'>repraesentat</span> <span class='ocrx_word' id='word_1_354' title='bbox 1538 5495 1762 5582; x_wconf 82' lang='lat' dir='ltr'>personam</span> 
     </span>
     <span class='ocr_line' id='line_1_44' title="bbox 233 5589 1760 5711; baseline -0.002 -33"><span class='ocrx_word' id='word_1_355' title='bbox 233 5699 234 5702; x_wconf 6' lang='lat' dir='ltr'>p</span> <span class='ocrx_word' id='word_1_356' title='bbox 266 5591 601 5706; x_wconf 82' lang='lat' dir='ltr'>praedecessoris</span> <span class='ocrx_word' id='word_1_357' title='bbox 635 5590 822 5711; x_wconf 73' lang='lat' dir='ltr'>defuncti</span> <span class='ocrx_word' id='word_1_358' title='bbox 854 5591 925 5680; x_wconf 89' lang='lat' dir='ltr'>scd</span> <span class='ocrx_word' id='word_1_359' title='bbox 958 5589 1077 5678; x_wconf 76' lang='lat' dir='ltr'>habet</span> <span class='ocrx_word' id='word_1_360' title='bbox 1109 5592 1174 5678; x_wconf 82' lang='lat' dir='ltr'>ius</span> <span class='ocrx_word' id='word_1_361' title='bbox 1195 5623 1344 5678; x_wconf 83' lang='lat' dir='ltr'>nouum</span> <span class='ocrx_word' id='word_1_362' title='bbox 1365 5599 1411 5679; x_wconf 85' lang='lat' dir='ltr'>in</span> <span class='ocrx_word' id='word_1_363' title='bbox 1441 5621 1621 5706; x_wconf 86' lang='lat' dir='ltr'>persona</span> <span class='ocrx_word' id='word_1_364' title='bbox 1655 5619 1760 5706; x_wconf 89' lang='lat' dir='ltr'>pro-</span> 
     </span>
    </p>
   </div>
   <div class='ocr_carea' id='block_1_3' title="bbox 0 0 2291 6340">
    <p class='ocr_par' dir='ltr' id='par_1_4' title="bbox 0 0 2291 6340">
     <span class='ocr_line' id='line_1_45' title="bbox 0 0 2291 6340; baseline 0 0"><span class='ocrx_word' id='word_1_365' title='bbox 0 0 2291 6340; x_wconf 95' lang='lat' dir='ltr'> </span> 
     </span>
    </p>
   </div>
  </div>
 </body>
</html>
