4516 6318
1674 7 1699 51 U

700 295 785 385 Die
815 297 875 384 15
907 295 1132 388 Februarii
1164 299 1303 391 1879.
1659 301 1749 400 111

381 418 597 534 Quodsi,
634 417 1011 540 quemadmodum
1049 424 1208 512 Orator
1257 420 1470 524 affirmat,
1507 425 1750 548 eidemque

256 543 392 636 fidem
427 540 630 633 adbiberi
663 575 788 664 posse
821 543 1060 664 Episcopus
1106 548 1369 653 obtestatur,
1426 565 1522 668 post
1569 569 1749 671 captam

257 697 312 760 ex
344 665 481 755 relato
504 666 666 756 iudicio
685 667 895 784 praedicti
917 667 1086 786 praedii
1108 669 1441 789 possessionem,
1466 671 1628 761 nedum
1645 707 1748 766 con-

256 788 484 906 sanguinei
521 790 749 896 testatoris,
788 792 1108 880 verumetiam
1144 793 1259 880 tertii
1293 823 1573 910 possessores,
1601 797 1747 917 quiin

254 928 424 1036 partem
458 912 628 1032 praedii
661 913 727 1002 vol
764 911 1029 1002 venditionis
1062 915 1134 1004 vel
1165 915 1449 1006 successionis
1474 919 1600 1006 titulo
1634 952 1741 1011 con·

255 1052 495 1142 cesserunt,
532 1066 774 1155 numquam
808 1035 1070 1127 dubitarunt
1102 1036 1158 1126 de
1204 1037 1405 1127 eiusdem
1454 1043 1741 1158 possessionis

256 1157 534 1280 legitimitate
567 1189 647 1278 per
679 1159 978 1278 longissimam
1017 1159 1224 1279 temporis
1259 1158 1488 1269 elllnxnm,
1527 1195 1615 1252 non
1657 1168 1744 1256 mi-

258 1313 339 1373 nus
371 1281 569 1371 validum
603 1283 765 1374 exinde
796 1283 1042 1373 subsidium
1077 1285 1261 1388 eruitur,
1301 1301 1347 1373 ut
1395 1287 1452 1374 de
1502 1285 1664 1378 iustitia
1699 1307 1744 1380 et

256 1404 468 1494 firmitate
500 1404 697 1494 eiusdem
730 1407 970 1496 sententiae
1003 1407 1237 1512 indicetur,
1289 1409 1399 1498 adeo
1445 1425 1490 1498 ut
1539 1409 1594 1498 de
1645 1411 1740 1529 ipsa

254 1527 375 1617 haud
409 1527 534 1618 aliter
567 1529 720 1617 instrui
758 1546 900 1646 posset
934 1528 1181 1648 disquisitio
1213 1561 1347 1648 qnam
1382 1561 1462 1648 per
1500 1533 1737 1624 restitutio·

247 1681 361 1762 ,nem
394 1650 437 1738 in
472 1651 710 1770 integrum.
745 1655 836 1742 lloc
868 1652 988 1742 enim
1022 1653 1135 1743 hand
1173 1653 1480 1772 intercedente
1507 1657 1737 1764 remedio,

253 1773 470 1864 sententia
502 1774 637 1863 habet
669 1806 844 1892 semper
879 1807 957 1894 pro
992 1807 1037 1866 se
1071 1777 1489 1896 praesumptionem,
1528 1795 1662 1898 atque
1697 1781 1742 1870 in

258 1912 374 1988 statu
408 1896 647 2018 implicitae
680 1899 919 1989 validitatis
965 1900 1186 2006 consistit,
1239 1901 1295 1988 ad
1344 1929 1394 1989 ea
1442 1931 1559 2020 quae
1609 1903 1742 1994 tradit

260 2019 450 2109 Menoclt.
492 2019 543 2108 de
578 2040 837 2142 praesumpt.
877 2022 952 2110 lib.
985 2024 1183 2140 fipraes.
1232 2024 1292 2111 62
1323 2055 1365 2110 n.
1408 2023 1455 2122 9,
1503 2024 1659 2113 Seuius
1691 2026 1743 2115 de

257 2142 467 2260 appellat.
505 2175 576 2261 qu.
611 2147 672 2234 19
724 2143 878 2234 remed.
914 2148 944 2236 2
977 2179 1020 2234 n.
1059 2147 1134 2246 t6,
1175 2145 1299 2234 Oddo
1331 2145 1382 2234 de
1409 2148 1737 2266 rest.inintepr.

252 2283 374 2384 part.
413 2267 431 2352 l
469 2283 554 2356 ort.
584 2271 615 2358 1
641 2301 684 2356 n.
720 2269 778 2356 13
813 2269 1009 2358 Canaler.
1047 2269 1137 2359 dec.
1173 2269 1264 2359 180
1291 2301 1335 2356 n.
1362 2271 1408 2358 3.
1430 2288 1468 2359 et
1490 2270 1735 2362 Rotallom.

254 2387 343 2478 dec.
379 2389 472 2478 5t3
505 2421 618 2480 nam.
652 2392 701 2479 ll
738 2409 861 2508 part.
891 2387 958 2482 ’18
996 2423 1078 2482 rec.
1121 2392 1267 2482 «dum
1303 2393 1446 2511 agitur
1479 2394 1535 2483 de
1572 2411 1741 2484 senten·

254 2550 275 2590 ι
304 2511 378 2617 tia,
416 2541 531 2631 quae
566 2515 795 2605 transitum
830 2513 929 2604 lecit
961 2515 1005 2603 in
1038 2547 1130 2606 rem
1166 2513 1419 2621 iudicatam,
1444 2533 1489 2605 et
1522 2517 1738 2607 executio·

258 2675 276 2712 ι
304 2635 349 2724 ni
383 2634 465 2723 luit
498 2635 781 2743 demandata,
819 2663 869 2727 ac
902 2638 978 2728 diu
1012 2641 1273 2746 observata,
1311 2640 1445 2728 etsie
1488 2639 1616 2730 [aciat
1659 2655 1741 2730 sta-
1880 2684 1882 2687 ’

261 2774 401 2847 «tum
437 2773 482 2848 et
512 2759 568 2849 de
600 2793 650 2852 ea
680 2762 880 2881 cognosci
914 2793 1001 2850 non
1036 2763 1200 2879 possit,
1237 2763 1317 2851 nisi
1350 2762 1529 2881 praevia
1570 2764 1741 2852 restitu-

258 2919 275 2960 ι
309 2881 427 2970 tione
462 2883 506 2970 in
541 2884 777 3004 integrum,
813 2885 921 2973 dum
955 2885 1130 2974 interim
1164 2887 1299 2975 habet
1331 2887 1736 3005 praesumptionem

256 3043 273 3082 c
300 3035 384 3126 pro
416 3035 479 3110 sc,
515 3021 558 3095 et
589 3025 748 3124 statum
783 3005 1085 3098 validitatis».

335 3167 338 3172 ·
375 3129 596 3242 Quoniam
621 3162 723 3222 vero
755 3163 809 3220 ex
841 3132 1064 3250 hucusque
1098 3130 1314 3239 adductis,
1353 3149 1444 3220 tum
1479 3164 1643 3253 nempe
1676 3163 1733 3224 ex

250 3249 540 3368 ambiguitate
573 3255 808 3345 voluntatis
853 3256 1083 3360 testatoris,
1123 3269 1216 3344 tum
1250 3287 1305 3346 ex
1351 3259 1568 3348 sententia
1602 3287 1739 3378 supet·

251 3373 396 3490 legato
423 3377 614 3492 prolata,
664 3394 758 3465 tum
801 3378 995 3498 denique
1041 3411 1096 3466 ex
1146 3397 1430 3498 praesumpta
1480 3399 1524 3470 et
1569 3399 1736 3472 asserta

247 3495 526 3588 abdicatione
564 3501 745 3590 rectoris
794 3501 1009 3592 Ecclesiae
1078 3500 1287 3593 allirmari
1336 3535 1462 3623 posse
1521 3504 1731 3612 videtur,

248 3619 368 3739 quod
398 3619 542 3739 ipsum
574 3623 768 3741 legatum
797 3625 839 3712 in
870 3624 1066 3714 lavarem
1096 3626 1279 3716 Parocbi
1310 3643 1413 3716 tnnc
1437 3627 1623 3718 viventis
1645 3659 1737 3718 ces·

248 3742 387 3848 sisset,
424 3776 695 3865 consequens
722 3747 885 3838 exinde
909 3749 1008 3852 crit,
1044 3748 1164 3868 quod
1197 3781 1307 3840 onus
1339 3751 1568 3840 missarum
1615 3751 1733 3842 baud

247 3865 381 3954 etiam
416 3867 612 3959 eiusdem
655 3900 884 3988 personam
925 3873 1184 3980 excesserit,
1228 3875 1408 3994 qnando
1457 3891 1637 3965 testator
1677 3875 1733 3964 de

246 3991 541 4106 perpetuitate
566 3993 715 4082 oneris
747 4025 827 4084 nec
861 3996 1046 4084 verbum
1079 3995 1253 4103 adiecit,
1285 3998 1540 4088 necvolam.
1562 3999 1730 4090 Scitum

247 4111 364 4200 enim
399 4129 479 4220 est,
512 4115 557 4204 in
591 4117 798 4235 ambiguo
829 4110 973 4237 legato
1005 4149 1179 4239 semper
1217 4121 1264 4212 i·d
1305 4121 1425 4242 quod
1474 4122 1618 4211 minus
1662 4137 1765 4242 estx

246 4235 456 4327 contineri
488 4239 585 4328 etot.
616 4241 735 4330 Rom.
776 4241 820 4328 in
863 4245 1017 4331 Fauen.
1044 4243 1285 4334 Dt'uisionis
1314 4277 1437 4362 super
1478 4246 1626 4335 relicto
1668 4246 1732 4334 18

245 4355 365 4446 lunii
397 4361 519 4452 1830
551 4360 579 4486 8
607 4365 636 4451 6
668 4393 807 4452 coram
836 4365 1015 4483 llnspoli
1048 4409 1064 4447 ι
1095 4368 1177 4458 alia
1215 4367 1291 4458 sed
1325 4369 1430 4457 iuris
1470 4369 1620 4487 regola
1659 4399 1731 4456 su·

249 4481 438 4588 «bibat,
475 4515 615 4605 quare
642 4488 768 4576 bonis
800 4489 941 4578 libere
975 4521 1053 4610 per
1077 4507 1327 4581 testatorem
1352 4491 1570 4610 acquisitis
1605 4491 1722 4607 lega·

250 4639 267 4682 ι
297 4619 391 4694 tum
426 4607 481 4697 sit
509 4610 832 4719 coercendum
881 4643 1073 4734 namque
1114 4645 1213 4703 cum
1249 4646 1337 4703 non
1374 4629 1582 4732 appareat
1617 4611 1728 4733 quid

249 4762 268 4808 e
295 4727 427 4846 plane
449 4745 631 4822 testator
646 4737 843 4842 senserit,
865 4739 1213 4860 ambiguumque
1229 4739 1284 4829 sit
1301 4739 1479 4829 omnino
1503 4737 1723 4858 legatum,

235 4888 268 4929 -ι
295 4853 415 4970 quod
448 4855 637 4972 proinde
666 4857 813 4980 minos
846 4877 913 4948 est
941 4861 986 4948 in
1021 4893 1074 4951 eo
1105 4862 1335 4968 contineri,
1371 4878 1539 4954 certum
1577 4861 1725 4978 explo-
1846 4955 1849 4963 ,

247 4993 528 5097 «ratumque
560 4997 652 5070 erat
694 4980 752 5069 ad
800 4999 899 5072 text.
943 4984 987 5071 in
1017 4985 1097 5102 lep.
1132 5017 1228 5074 nam
1250 4987 1421 5076 Seuerus
1447 4981 1567 5106 398
1605 4981 1718 5106 off.

247 5136 266 5177 ι
294 5096 347 5186 de
375 5099 499 5220 lepct.
537 5105 576 5190 ei
608 5105 669 5191 ita
686 5106 746 5192 tt
761 5101 812 5226 ff.
845 5104 896 5196 de
914 5106 1039 5222 lepet.
1061 5113 1106 5213 3,
1138 5111 1235 5199 llot.
1266 5111 1530 5200 intronata
1556 5107 1734 5196 111181*Ι

247 5258 266 5299 ι
296 5219 433 5314 dinen.
482 5225 611 5342 lopati
639 5229 670 5317 2
702 5228 1013 5354 1111117198.
1037 5231 1068 5318 1
1092 5263 1180 5321 cor.
1203 5233 1408 5333 Manuol,
1445 5233 1633 5322 dornone
1672 5229 1727 5320 le·

245 5379 265 5423 s
296 5348 391 5464 pati
424 5351 455 5440 5
487 5349 726 5440 Decembris
763 5353 887 5443 1808
916 5351 961 5476 8.
995 5355 1026 5444 2
1058 5387 1146 5444 cor.
1179 5355 1384 5473 Bardoacp
1413 5398 1452 5446 ι.

370 5472 475 5565 Sive
508 5473 656 5594 itaqtte
687 5474 770 5566 boc
801 5475 947 5598 ipsum
981 5479 1249 5586 attendatur,
1286 5481 1379 5571 sive
1411 5480 1542 5572 etiam
1578 5475 1731 5568 ‘consi-
