4446 6330
557 313 618 404 16
1013 304 1186 392 111625
1219 299 1417 388 Ianuarii
1449 298 1588 386 1879.

552 432 829 554 spectionem·
860 429 1081 528 iudicavit,
1115 440 1161 512 ut
1190 425 1361 544 plenior
1392 453 1442 512 ac
1463 419 1634 509 firmior
1657 419 1811 510 notitia
1851 425 2054 516 veritatis
2204 509 2205 570 q

555 559 808 648 baberetur.
848 557 1070 654 Attamen,
1106 548 1280 664 cognita
1314 575 1392 664 per
1424 543 1779 634 informationem
1799 544 2051 666 Albingan.
2204 599 2205 614 ι

554 678 757 800 Episcopi
790 675 1034 764 invincibili
1071 671 1345 762 Violantinae
1373 665 1634 768 resistentia,
1667 666 1750 754 sub
1773 667 1847 758 die
1879 671 1911 759 2
1946 674 2060 761 blar-

556 803 604 892 tii
640 802 762 890 1871
795 799 954 886 iterum
990 794 1210 914 praecepit
1260 811 1306 882 ut
1359 790 1642 909 explerentur
1674 806 1768 880 acta
1802 821 2052 908 processus,

559 955 649 1016 non
682 924 884 1012 obstante
917 918 1195 1010 Violantinae
1229 915 1537 1032 repugnantia,
1566 911 1683 1002 unde
1718 912 1859 1032 ipsam
1892 947 2060 1035 oppor-

560 1065 715 1138 tunam
753 1042 934 1165 quidem
984 1041 1061 1130 sed
1111 1070 1197 1128 non
1247 1039 1447 1128 absolute
1499 1035 1787 1126 necessariam
1822 1037 2056 1131 iudicavit.

557 1166 751 1260 Aliunde
784 1167 848 1256 uti
881 1165 1010 1256 docet
1042 1163 1216 1256 Coseius
1251 1162 1295 1250 in
1330 1191 1463 1278 opere
1495 1190 1628 1278 supra
1660 1161 1789 1248 citato
1829 1203 1845 1239 ι
1875 1163 1943 1250 De
1979 1195 2051 1251 se-

557 1292 786 1410 paratione
823 1289 927 1376 Tori
958 1285 1193 1402 coniuqalis
1229 1283 1303 1372 lib.
1341 1285 1358 1370 l
1402 1281 1508 1398 Cap.
1550 1283 1607 1370 16
1640 1315 1751 1370 necin.
1779 1286 1839 1372 13
1863 1283 1960 1401 ipsa
1978 1287 2057 1376 Sa·
2206 1355 2207 1372 .

560 1446 633 1505 cra
667 1411 956 1530 Congregatio
1006 1408 1187 1500 Concilii
1235 1407 1278 1494 in
1322 1437 1406 1494 666
1438 1409 1620 1496 lanuen.
1667 1406 1784 1522 apud
1834 1408 2055 1526 Ursayam

561 1555 661 1628 tom.
700 1535 727 1622 3
758 1550 876 1649 punt.
912 1533 941 1622 2
975 1531 1149 1648 discept.
1186 1530 1236 1618 21
1279 1561 1392 1616 neem.
1435 1531 1524 1616 131
1556 1544 1594 1616 et
1626 1561 1736 1646 seqq.
1763 1530 1872 1620 hanc
1907 1529 2059 1650 inspe-

561 1658 752 1750 ctionem
784 1655 969 1744 minime
1003 1653 1286 1744 necessariam
1322 1652 1601 1740 existimavit.
1639 1654 1690 1740 llt
1721 1685 1833 1740 uum.
1871 1655 1952 1741 16.
1982 1657 2060 1743 ha·

559 1783 658 1872 bet:
700 1820 717 1858 ι
757 1781 923 1868 Verum
965 1777 1227 1896 generaliter
1275 1775 1498 1894 loquendo
1546 1774 1797 1873 huiusmodi
1842 1777 2061 1894 inspectio

406 1899 415 1935 ⁸
569 1947 586 1986 ι
627 1920 854 2023 tamquam
890 1901 1019 1990 nimis
1051 1899 1197 2002 fallax,
1242 1915 1285 1987 et
1308 1897 1365 1988 ad
1397 1899 1640 1988 fallendum
1672 1911 1791 2016 apta,
1823 1930 1938 2003 raro,
1970 1899 2058 1987 nisi

567 2067 584 2106 ι
626 2053 724 2115 eam
757 2023 939 2112 Muliere
972 2038 1126 2142 sponte
1149 2037 1326 2138 petente
1362 2087 1372 2108 .
1413 2087 1423 2110 .
1466 2090 1476 2110 .
1517 2089 1527 2110 .
1566 2023 1621 2111 ad
1645 2021 1939 2139 detegendam
1965 2022 2061 2110 eius

569 2191 586 2228 ι
627 2147 804 2237 claustri
838 2145 1064 2264 virginalis
1097 2145 1392 2262 integritatem
1421 2163 1665 2263 opportuna
1699 2144 1908 2250 videtnr3
1945 2148 2059 2264 quin

570 2313 587 2352 ι
628 2286 672 2360 et
704 2276 741 2358 si
775 2267 849 2356 fiat
883 2269 939 2358 ad
974 2268 1231 2386 petitionem
1264 2297 1442 2388 quoque
1476 2267 1689 2372 mulieris,
1718 2296 2057 2387 nonnumquam

573 2435 589 2474 ι
631 2389 888 2490 obstetrices
936 2409 979 2480 et
1023 2389 1192 2480 ludices
1236 2389 1440 2508 decipere
1478 2407 1635 2508 potest.
1675 2431 1691 2468 ι
1730 2395 1793 2478 Ex
1832 2422 1919 2508 quo
1952 2421 2062 2479 sane

567 2515 737 2606 eruitur
775 2513 1091 2632 inspectionem
1126 2513 1324 2602 mulieris
1373 2545 1458 2603 non
1499 2544 1593 2604 esse
1626 2515 1824 2603 absolute
1858 2544 2058 2602 necessa·

564 2638 678 2728 riam
711 2638 767 2728 ad
801 2636 1079 2754 probandam
1115 2668 1200 2725 non
1234 2653 1429 2726 secutam
1463 2637 1886 2726 consummationem
1909 2637 2056 2726 llatri·

563 2789 721 2849 monn.

690 2885 743 2970 Et
775 2911 821 2968 re
853 2913 960 2970 sane
994 2911 1098 2971 vera
1129 2881 1344 2972 habemus
1377 2913 1432 2972 ex
1464 2882 1758 3000 premeride
1795 2881 1866 2970 cui
1899 2881 2057 2970 titulus

565 3005 674 3096 Acta
704 3005 750 3094 8.
794 3001 915 3093 Sedis
954 3005 999 3092 in
1049 3002 1334 3120 compendium
1373 3023 1606 3122 opportune
1637 3005 1807 3094 redacto
1842 3005 1946 3097 Vel.
1993 3005 2053 3091 lll

564 3160 670 3247 paq.
706 3129 813 3232 376,
846 3127 966 3245 quod
1004 3127 1097 3245 ipsa
1128 3131 1175 3222 S.
1194 3127 1375 3218 Concilii
1409 3128 1700 3248 Congregatio
1732 3129 1778 3216 iu
1811 3131 2062 3218 666661116-

567 3249 806 3342 trimnniali
840 3249 1095 3367 gravissima
1127 3267 1386 3368 pertractata
1419 3251 1747 3358 (11611016611,
1789 3254 1819 3339 5
1852 3250 2056 3368 Augusti,

568 3374 629 3462 16
662 3373 922 3462 Decembris
945 3375 1067 3462 1876
1089 3392 1132 3462 61
1152 3373 1204 3462 21
1234 3373 1400 3490 Aprilis
1418 3375 1556 3476 1877,
1583 3375 1897 3465 consulendum
1920 3375 2061 3466 Sano

567 3495 695 3588 duxit
716 3527 797 3615 pro
821 3495 1146 3614 dispensatione
1167 3496 1432 3587 Matrimonii
1462 3498 1546 3585 rati
1571 3513 1613 3587 et
1633 3529 1721 3586 non
1744 3497 2057 3600 consummati,

567 3619 671 3711 licet
702 3634 886 3739 propter
928 3619 1266 3738 repugnantiam
1315 3619 1508 3710 mulieris
1562 3621 1740 3737 probari
1779 3651 1867 3710 non
1897 3622 2061 3739 poterit

568 3773 657 3832 non
690 3759 837 3832 secuta
870 3743 1193 3832 consummatio
1227 3773 1308 3861 per
1341 3741 1659 3861 inspectionem
1692 3745 1901 3862 corporis,
1929 3759 1974 3832 et
1997 3759 2064 3831 ta-

568 3893 672 3956 men
694 3865 739 3952 in
769 3895 872 3954 casu
907 3865 981 3954 illo
1015 3865 1155 3982 magis
1176 3895 1312 3983 qnam
1336 3866 1381 3956 in
1415 3883 1564 3956 nostro
1602 3869 1841 3958 necessaria
1875 3867 2060 3957 videba-

569 4002 656 4076 tur.
694 3986 911 4106 Coniuges
944 3988 1063 4078 enim
1099 3990 1142 4078 in
1168 3987 1326 4080 eadem
1348 3989 1482 4078 domo
1505 4006 1549 4079 et
1572 3991 1615 4077 in
1645 3989 1950 4082 Matrimoniali
1974 3989 2061 4077 lor-

494 4167 498 4172 -
568 4135 641 4198 ma
664 4139 743 4228 per
775 4129 962 4228 quatuor
983 4129 1029 4200 et
1057 4111 1170 4205 ultra
1193 4141 1366 4202 menses
1387 4112 1517 4200 simul
1540 4112 1848 4203 habitaverant
1866 4129 1911 4202 et
1931 4143 2060 4229 spon·

567 4263 614 4322 sa
647 4232 873 4322 asserebat
904 4235 1049 4324 virum
1083 4235 1230 4354 aliqua
1263 4235 1416 4326 saltem
1449 4235 1543 4326 vice
1574 4238 1775 4353 copulam
1811 4235 2058 4356 perfecisse.

569 4355 634 4444 Ex
672 4385 762 4472 qno
799 4374 950 4446 auctor
981 4357 1137 4448 citatae
1161 4356 1463 4475 Ephemeridis
1486 4389 1585 4478 pag.
1602 4361 1695 4448 100
1716 4361 1845 4448 infert
1876 4387 2063 4476 sequens

571 4478 853 4567 corollarium
885 4481 985 4570 sub.
1021 4483 1076 4570 N.
1102 4483 1148 4570 6.
1180 4481 1472 4601 «Aliquando
1505 4513 1560 4572 ex
1582 4485 1629 4576 S.
1653 4485 1704 4573 G.
1726 4481 1907 4574 Concilii
1930 4480 2063 4569 etiam

579 4641 596 4680 ι
640 4600 865 4692 remissam
889 4603 1018 4694 luisse
1045 4606 1319 4724 corporalem
1349 4605 1699 4722 inspectionem,
1735 4639 1760 4695 a
1792 4605 2062 4695 constitutio·

578 4761 595 4801 «
639 4755 694 4812 66
727 4727 1011 4816 Benedictina
1045 4727 1172 4815 «Dei
1204 4727 1517 4816 Miserntione·
1553 4728 1746 4833 volitans,
1781 4731 1824 4817 in
1858 4757 2063 4846 casuque

423 4949 426 4954 ¹
575 4884 593 4924 ι
633 4847 814 4936 alterex
836 4849 1094 4968 coniugibus
1123 4849 1382 4942 dissentiens
1405 4849 1569 4958 luisset;
1601 4851 1846 4942 dummodo
1882 4883 1937 4942 ex
1969 4849 2065 4956 aliis

578 5009 596 5048 ι
637 4969 906 5088 gravissimis
928 4973 1203 5064 adminiculis
1235 4974 1412 5065 moralis
1443 4973 1660 5066 certitudo
1683 4976 1925 5082 emerserit,
1945 4971 2064 5094 quod

579 5129 597 5168 ι
637 5093 794 5213 copula
826 5097 1009 5188 carnalis
1063 5097 1344 5216 impossibilis
1365 5099 1456 5189 visa
1490 5099 1638 5190 luerit.
1682 5142 1698 5180 ι
1737 5103 1920 5219 Insuper
1942 5097 2061 5187 idem

565 5231 725 5306 auctor
771 5220 925 5310 citatae
972 5219 1276 5339 Ephemeridis
1325 5253 1381 5311 en
1425 5224 1509 5313 alia
1557 5222 1747 5312 identica
1787 5223 2055 5312 resolutione

570 5335 617 5426 S.
643 5339 802 5459 Gongr.
835 5343 1020 5434 Concilii
1052 5345 1136 5434 sub
1169 5345 1334 5436 (11628
1367 5347 1463 5435 16111
1509 5345 1701 5436 187716
1736 5377 1865 5436 cansa
1910 5341 2056 5434 Matri-

574 5462 758 5554 moniali
784 5494 874 5556 non
902 5465 1029 5558 valde
1065 5467 1393 5586 apraecedenti
1416 5468 1633 5574 dissimili,
1669 5468 1800 5560 inlert
1832 5462 2061 5561 corollaria
