4460 6332
556 299 647 386 ars
1018 261 1102 381 na
1132 295 1193 382 23
1226 291 1410 408 Ariana
1446 293 1582 382 aare.

548 417 778 537 prebenda,
809 449 860 504 aa
879 415 967 503 solo
1001 415 1052 502 ed
1084 416 1210 502 ancile
1241 417 1343 504 aian
1377 431 1644 503 concorreate
1675 419 1714 503 si
1743 427 2061 533 presentasse,

559 575 580 630 ο
611 572 837 629 nascessero
865 540 1010 656 perciti
1044 537 1265 626 duhhiezzo
1297 571 1318 624 e
1350 539 1515 626 ailardi
1537 533 1935 626 aellaaomiaadel
1961 565 2070 620 arta

557 698 608 750 oo
643 665 832 750 Parroco
872 703 912 748 ι.
958 663 1068 748 Hinc
1118 692 1267 778 preces
1301 660 1445 748 fundit
1483 703 1499 739 ι
1540 692 1565 746 a
1607 661 1746 750 volere
1794 660 1986 747 aderire
2024 658 2070 742 ol

560 783 781 872 desiderid
808 787 888 870 cosi
931 781 1001 870 dei
1036 783 1187 869 Priori
1238 783 1353 868 della
1401 779 1607 898 Coppelle
1656 783 1705 870 di
1748 785 1791 872 S.
1831 783 2070 870 Giouaaai

556 909 740 996 Ballista
775 906 846 992 det
880 905 1045 992 Bessaio
1079 905 1149 990 che
1172 903 1406 991 tett'tttao
1427 905 1709 992 ebeaemerilo
1730 907 1932 992 Patrono
1949 901 2069 986 Coa-

556 1049 592 1117 te
627 1029 803 1117 Roborle
836 1029 1024 1114 Peraeae
1057 1027 1105 1114 di
1127 1059 1369 1114 conservare
1394 1027 1538 1114 iatatti
1571 1030 1588 1112 i
1622 1027 1713 1114 lore
1748 1027 1898 1114 diritti
1938 1055 2068 1110 suac-
2186 1113 2187 1125 ,

556 1153 720 1240 scarlati
756 1151 870 1236 aella
902 1153 1070 1236 aomina
1094 1147 1165 1235 det
1190 1151 1278 1234 Par
1283 1182 1377 1236 roco
1400 1147 1517 1236 detta
1538 1183 1582 1234 er
1587 1151 1740 1290 ipenda
1765 1145 2189 1244 Pumbedita,

557 1275 616 1374 1ο,·
652 1305 778 1390 epar
810 1271 1031 1360 secundare
1067 1272 1102 1358 1ο
1134 1304 1238 1358 mare
1272 1271 1319 1356 di
1353 1304 1435 1358 aaa
1463 1275 1760 1388 proprietario
1793 1271 1863 1358 tet
1897 1271 2061 1354 Besso·

560 1396 618 1494 la,
658 1395 700 1480 la
735 1395 853 1510 patale
886 1396 1013 1514 [ecee
1044 1395 1093 1514 sa
1126 1395 1365 1512 socrifizil
1364 1425 1424 1480 rer
1457 1413 1635 1480 otleaerc
1673 1393 1893 1481 l'erezioae
1937 1389 2068 1476 della

558 1517 869 1605 parroechia
853 1549 897 1602 ta
929 1519 1037 1602 aista
1082 1515 1151 1604 tet
1204 1517 1330 1603 molto
1380 1515 1539 1603 heae
1522 1518 1747 1631 spirituale
1793 1516 1864 1601 che
1900 1545 1959 1598 ae
1997 1512 2065 1597 ri-

560 1639 701 1726 denda
735 1671 760 1724 a
793 1639 932 1754 patella
959 1639 1339 1753 propalationem
1371 1638 1492 1754 qrtale
1523 1669 1600 1752 ρον
1632 1641 1733 1754 apsi
1766 1635 1945 1724 ritardo
1973 1635 2068 1718 ael-

559 1762 779 1850 l'ereziaae
813 1760 860 1846 di
892 1793 978 1848 essa
1008 1761 1270 1847 Parroccbia
1302 1793 1351 1850 ae
1384 1759 1569 1856 arrehhc,
1607 1791 1715 1847 cerae
1746 1761 1820 1875 pici
1849 1791 1898 1845 ae
1939 1755 2059 1854 ebbe,

560 1919 585 1970 a
621 1883 792 2004 soffrire
824 1915 901 1969 aaa
940 1884 1041 1969 lieni
1074 1883 1205 1969 danai
1236 1915 1312 1998 ρον
1345 1883 1506 1998 incepti
1529 1883 1744 2000 [νορροοιοι
1768 1881 2060 1966 dall’aulori·
2189 1877 2190 1914 ³

562 2008 605 2094 tir
637 2005 761 2094 ciuile
795 2039 814 2092 ο
841 2005 1037 2121 potrebbe
1068 2005 1182 2124 forse
1212 2037 1289 2120 ρον
1323 2005 1403 2092 lali
1425 2005 1558 2090 <laurei
1590 2008 1768 2092 rilirare
1802 2005 1838 2090 1ο
1870 2032 2057 2118 persero-

564 2163 605 2216 se
637 2161 706 2214 sae
738 2127 899 2248 offerte,
935 2160 957 2214 e
990 2127 1161 2213 rendere
1195 2129 1273 2214 cosi
1308 2125 1564 2241 impossihile
1598 2126 1641 2214 la
1673 2125 1862 2214 dramata
1895 2125 2063 2211 erezio·

561 2285 610 2338 ae
644 2249 757 2336 delia
792 2283 926 2336 nuova
963 2249 1285 2336 l'arrocchia».

686 2375 839 2488 ltaque
874 2371 1059 2486 acceptis
1094 2371 1274 2460 parochi
1299 2361 1651 2474 deductionibus,
1680 2369 1843 2490 quibus
1865 2402 1948 2508 pre
1975 2367 2061 2452 aris
2190 2403 2191 2460 t

562 2511 605 2582 et
639 2492 744 2580 iocis
777 2524 915 2580 novae
961 2495 1192 2582 parochiae
1227 2495 1433 2582 erectioni
1470 2495 1657 2594 obsistit,
1697 2511 1829 2610 alque
1857 2490 1965 2580 actis
2003 2489 2058 2575 de

563 2649 683 2704 more
718 2615 946 2734 completis
980 2647 1152 2704 causam
1189 2616 1289 2702 iussi
1327 2647 1490 2732 ponere
1515 2616 1557 2702 in
1583 2615 1702 2716 ialin,
1754 2627 2058 2750 praesentem·

562 2769 646 2856 que
691 2737 810 2824 diem
865 2769 942 2854 pro
985 2739 1118 2856 ipsius
1170 2737 1438 2826 discussione
1481 2738 1612 2824 statui
1653 2737 1876 2825 nonnullis
1909 2735 2051 2850 prius

562 2861 623 2948 uti
667 2859 761 2946 hori
793 2859 918 2962 solet,
965 2879 1057 2946 tum
1103 2861 1144 2946 in
1183 2862 1276 2946 iuro
1318 2875 1408 2946 tum
1445 2861 1487 2945 in
1522 2859 1634 2948 sacto
1670 2859 1902 2948 adnotatis.

687 2981 918 3068 Neminem
955 2981 1061 3069 latet
1093 2999 1365 3098 quantopere
1411 2984 1487 3070 SS.
1525 2985 1723 3071 Canoues
1755 3015 1779 3070 a
1813 2977 2055 3069 beneficio-
2191 3027 2192 3042 ι

561 3131 661 3191 rum
687 3102 881 3190 maxime
907 3105 1223 3220 parochialium
1258 3105 1647 3192 dismembratiane
1671 3105 1955 3206 abhorreant,
1989 3116 2053 3187 ut·

562 3243 666 3344 pote
699 3255 837 3365 qaae·
849 3226 1125 3314 alienationis
1158 3229 1361 3366 speciem·
1369 3227 1622 3342 praesefert,
1650 3243 1782 3343 atque
1807 3227 1905 3314 ideo
1929 3224 2054 3312 odio·

564 3349 801 3436 sissimain
828 3347 1174 3463 iuroroputalur
1206 3349 1361 3434 Abh.
1345 3380 1503 3464 racop.
1527 3348 1865 3438 :saltantem
1894 3345 2054 3432 DeEc·

563 3469 1106 3610 ο1οε.αοάν[.,“11ον’[Ῑοοοι.
1147 3471 1222 3558 lih.
1261 3471 1828 3592 3Βοονο1.1ν1.488.,2
1847 3471 2052 3556 Aaroslaz

565 3593 628 3679 De
660 3625 770 3678 otras.
805 3593 894 3706 piis
931 3593 1005 3678 tib.
1043 3595 1197 3706 5cap.
1236 3595 1279 3680 3.
1316 3593 1615 3682 Nuiialenas
1606 3626 1645 3679 ισ
1620 3594 1735 3710 rtur
1760 3595 1815 3681 ad
1854 3595 1936 3680 hac
1961 3592 2050 3678 drs

564 3715 900 3802 menrhrationis
934 3713 1180 3801 remedium
1216 3713 1414 3804 deveniri
1438 3715 1588 3816 debet,
1615 3717 1785 3832 quaties
1808 3715 1955 3800 exulat
1982 3744 2050 3800 ca·

567 3837 721 3923 nonica
755 3867 898 3935 cansa,
936 3867 1047 3954 quae
1073 3835 1115 3922 in
1139 3837 1241 3924 actis
1275 3867 1355 3952 per
1390 3837 1603 3976 legitimas
1634 3837 1916 3956 probationes
1950 3866 2049 3924 eon·

566 3971 681 4044 stare
715 3957 865 4058 debet,
892 3955 952 4042 ita
975 3975 1021 4044 ut
1045 3958 1135 4044 sola
1159 3957 1360 4076 Episcopi
1391 3961 1567 4046 assertio
1588 3991 1673 4046 non
1708 3959 1887 4046 sufficiat
1911 3956 2046 4044 θανά.

566 4079 631 4164 De
663 4079 772 4164 Letoa
804 4079 869 4162 De
904 4077 1036 4198 betros.
1072 4079 1180 4166 di.sc
1216 4083 1275 4167 65
1300 4113 1410 4166 tram
1434 4084 1478 4182 6,
1502 4099 1541 4168 et
1563 4081 1668 4167 absc
1696 4085 1755 4170 35
1780 4083 1829 4168 de
1861 4079 2044 4168 Parach.

567 4233 681 4287 aum.
718 4201 762 4304 6,
801 4201 906 4286 Rata
939 4233 1075 4288 coram
1110 4201 1313 4290 Othohoa.
1350 4203 1477 4290 decis.
1514 4205 1558 4290 6.
1596 4205 1763 4292 Causae
1797 4221 1943 4292 autem
1978 4233 2048 4290 ca-

566 4323 747 4410 nonicae
786 4353 866 4440 pro
916 4321 1306 4412 dismembratione
1342 4324 1648 4414 Paraeciarum
1694 4325 1971 4414 decernenda
2007 4325 2048 4408 in

567 4447 827 4532 necessitate
862 4445 929 4533 vol
966 4445 1162 4533 evidenti
1197 4447 1409 4536 Ecclesiae
1446 4447 1632 4535 ulilitate
1671 4451 1926 4550 consistunt,
1966 4477 2047 4532 re-

568 4565 645 4654 luti
681 4567 774 4654 huit
808 4599 860 4654 ex
894 4567 1138 4656 Tridentini
1175 4568 1457 4686 dispositione
1491 4571 1533 4656 in
1568 4602 1661 4656 sess.
1700 4573 1751 4658 21
1799 4602 1890 4686 οορ.
1935 4569 2049 4654 th

569 4689 759 4808 Reform.
780 4689 1027 4806 docentque
1050 4691 1212 4812 Rehrrff.
1241 4694 1285 4778 in
1318 4723 1395 4778 sua
1421 4695 1557 4807 prasci
1576 4695 1641 4780 lit.
1664 4693 1727 4780 De
1744 4724 1877 4780 resec.
1901 4695 2044 4778 rinion.

572 4843 688 4900 nam.
724 4813 769 4915 6,
807 4813 1018 4900 Reclasr'as
1049 4815 1112 4900 De
1146 4847 1190 4902 νο
1216 4845 1364 4931 ρανοο.
1400 4832 1520 4930 part.
1560 4815 1577 4902 t
1622 4817 1688 4902 lit.
1728 4817 1786 4902 12
1819 4847 1931 4902 nara.
1968 4815 2045 4914 63,

567 4935 676 5024 Rota
707 4953 827 5049 part.
863 4935 893 5023 lt
925 4933 1052 5024 dacis.
1098 4937 1158 5025 68
1206 4970 1320 5024 nam.
1359 4939 1433 5038 15,
1472 4955 1509 5024 οι
1536 4953 1654 5052 part.
1695 4939 1753 5025 11)
1797 4935 1923 5024 decis.
1960 4936 2050 5024 221

572 5075 684 5146 nam.
705 5061 735 5144 h
757 5075 906 5146 recent.

695 5177 782 5270 Sed
820 5181 864 5266 in
898 5181 1088 5270 themate
1125 5197 1279 5270 neutra
1313 5179 1528 5270 verificari
1552 5181 1745 5270 videtur.
1784 5183 1920 5270 Abest
1952 5209 2052 5268 sane

569 5303 803 5391 necessitas
835 5301 974 5392 sivea
1006 5335 1165 5424 magna
1192 5303 1411 5406 distantia,
1459 5303 1597 5392 sivea
1639 5306 1806 5392 viarum
1842 5332 2052 5393 emanans

572 5425 826 5546 asperitate.
864 5427 1000 5514 Locus
1033 5457 1226 5549 namque
1257 5425 1424 5514 Bossolo
1464 5455 1603 5544 aeque
1644 5459 1692 5516 ac
1736 5427 1847 5515 atter
1888 5425 2050 5514 Masero
