4530 6336
750 334 833 422 Die
864 335 925 421 26
958 333 1062 422 tutti
1096 335 1234 424 t879.
1645 339 1735 426 337

246 459 431 578 Gioouae
452 455 582 571 Spoeo
611 496 651 543 ι.
687 457 802 546 Haec
840 455 976 578 igitur
1008 458 1156 546 omnia
1198 457 1233 549 ai
1269 457 1576 576 expendantur
1611 461 1737 550 testi·-

248 581 411 684 monia,
449 580 613 668 nedum
649 579 692 666 iu
737 579 886 696 aprico
911 608 1076 694 propere
1121 579 1285 698 colligit
1316 582 1489 684 Orator,
1514 583 1742 672 matrimo-

249 705 380 792 nium
414 718 765 793 consummatum
802 701 916 792 haud
950 700 1098 805 fuisse,
1126 731 1278 792 verum
1321 703 1454 792 etiem
1489 703 1738 796 inconsum-

252 824 456 914 mationis
490 854 666 914 causam
702 855 724 910 a
759 823 839 910 viri
875 823 1172 938 ineptitudine
1201 827 1489 942 repetendam
1524 857 1633 916 esse.

375 947 495 1036 Licet
526 964 671 1036 autem
708 946 829 1048 haec,
866 977 980 1064 qnae
1015 943 1237 1064 hueusque
1269 947 1458 1038 deducta
1481 967 1597 1051 sunt,
1636 951 1738 1040 satis

250 1069 507 1160 viderentur
539 1067 595 1158 ad
630 1067 898 1156 matrimonii
934 1069 1401 1160 inconsummationem
1451 1070 1730 1164 statuendam

252 1224 305 1280 ex
338 1191 537 1280 doctrina
573 1189 701 1310 Reiff.
728 1189 771 1276 io
797 1189 873 1277 tib.
910 1191 1128 1279 erccret.
1170 1193 1239 1280 tit.
1277 1195 1336 1280 t5
1379 1225 1495 1282 eum.
1532 1195 1610 1298 44,
1636 1193 1740 1280 San·

252 1315 364 1404 citez.
402 1316 464 1400 De
484 1314 670 1403 matrim.
712 1310 785 1398 tit.
826 1311 989 1430 7disp.
1018 1314 1035 1398 t
1047 1315 1108 1402 07
1127 1345 1169 1402 a.
1199 1314 1386 1406 ltnihiio
1415 1333 1560 1403 tamen
1595 1317 1742 1408 miuus

253 1437 308 1528 ad
342 1465 473 1526 omne
507 1466 639 1552 super
676 1465 723 1521 rc
755 1435 946 1526 dubium
990 1435 1280 1528 avertendum
1327 1467 1464 1554 prona
1504 1435 1646 1524 adstat
1692 1437 1742 1527 in

254 1561 356 1650 actis
389 1559 503 1648 trina
537 1558 688 1650 relatio
722 1552 765 1644 iu
810 1575 902 1646 arte
948 1558 1205 1676 peritorum,
1236 1560 1569 1677 quiAdrianam
1594 1559 1742 1677 inspe-

253 1698 426 1786 xerant,
464 1680 627 1799 quique
651 1680 707 1768 de
729 1680 1150 1770 inconsummatioue
1189 1699 1358 1772 certum
1400 1680 1593 1770 reddunt
1617 1684 1739 1770 testi·

256 1803 600 1906 montemaltum
636 1803 757 1890 iiiam
775 1803 988 1922 virginem
1016 1834 1111 1896 ease
1142 1804 1410 1894 renuntiant.
1447 1803 1573 1892 Alter
1616 1804 1741 1892 enim

257 1927 405 2018 habet:
442 1927 505 2014 La
546 1941 765 2016 strettezzu
801 1927 1015 2041 carpineta
1053 1926 1170 2014 detta
1202 1927 1385 2044 Sipnora
1421 1924 1601 2014 Italicum
1632 1929 1652 2014 ὲ
1686 1957 1745 2014 tm

255 2048 419 2138 iudizio
450 2064 558 2136 certo
596 2047 710 2139 della
740 2050 953 2164 ccrqieitd
989 2115 999 2134 .
1040 2115 1051 2136 .
1092 2116 1101 2136 .
1138 2048 1250 2138 aeliu
1294 2048 1480 2136 consultu
1515 2047 1585 2136 dei
1608 2047 1742 2136 medi-

203 2255 209 2260 ,
254 2172 292 2256 ci
329 2239 339 2258 .
380 2239 389 2256 .
431 2236 441 2258 .
484 2239 493 2257 .
532 2171 642 2286 dopo
678 2171 719 2257 la
762 2173 1032 2287 separctziooe
1064 2171 1134 2259 dei
1165 2174 1294 2288 spesi,
1326 2171 1378 2258 cd
1412 2171 1569 2289 iquoli
1601 2171 1738 2258 hunno

254 2309 570 2385 mascaronem
588 2325 650 2380 me
667 2293 738 2382 cte
762 2293 881 2382 i'ctto
902 2293 1118 2411 coniugiale
1133 2298 1251 2384 noue
1271 2311 1378 2382 stato
1397 2294 1594 2409 corripite.
1617 2292 1741 2380 Alter

253 2417 417 2506 Ductor
450 2417 651 2520 Cardine,
689 2416 764 2537 qni
790 2417 835 2506 iu
860 2416 1208 2534 interrogatoriis
1237 2418 1438 2534 hymeuis
1461 2414 1744 2506 existentiam

255 2539 300 2629 in
330 2537 529 2634 Adriane
562 2539 744 2656 reperiri
778 2539 912 2628 [assus
944 2554 1024 2642 est,
1051 2539 1199 2630 refert:
1235 2541 1297 2628 Lo
1319 2555 1538 2628 strettezza
1561 2537 1740 2624 dctl'eo·

254 2675 367 2751 trata
410 2660 526 2748 delio
554 2663 736 2777 «capion,
763 2661 836 2748 cite
860 2679 1061 2778 perruette
1094 2692 1258 2778 apperte
1296 2659 1626 2750 l'introduziouc
1648 2659 1739 2744 dci·

256 2781 458 2882 l’iudice,
494 2782 535 2870 lo
557 2815 785 2870 muncauza
805 2784 987 2872 assotum
1017 2783 1066 2874 di
1087 2783 1284 2904 effusione
1308 2785 1356 2872 di
1383 2817 1535 2901 eoaque
1561 2784 1631 2868 nei
1655 2796 1741 2870 teu

255 2907 378 2995 totioi
409 2905 511 3025 [otti
548 2905 666 2994 dallo
696 2939 817 3019 upoao
839 2908 898 2994 mi
934 2905 1072 2994 danico
1104 2907 1148 2994 iu
1174 2908 1459 3010 concinnere,
1507 2904 1578 2992 cte
1617 2904 1739 2992 t'otto

254 3029 567 3118 matrimoniale
599 3061 681 3116 nou
703 3029 758 3116 ltu
792 3043 939 3145 potato
963 3061 1092 3120 catere
1112 3046 1364 3120 consumato.
1398 3030 1522 3118 Alter
1556 3027 1744 3118 demum

256 3155 422 3242 Ductor
451 3153 622 3242 Hubert
655 3151 939 3242 muliebrium
988 3154 1182 3270 partium
1231 3151 1525 3270 descriptione
1557 3165 1735 3268 peracta
1787 3209 1796 3216 -

256 3289 388 3393 atque
412 3274 641 3367 existentia
662 3276 864 3394 hymeois
897 3274 1103 3366 adnotata
1141 3275 1379 3366 concludit:
1415 3274 1466 3364 Io
1500 3274 1730 3369 rinmuntu,

258 3396 419 3487 l’esumc
449 3396 643 3514 alquale
680 3398 732 3484 ho
750 3397 978 3513 proceduto
1005 3432 1078 3487 con
1114 3413 1220 3490 tutta
1257 3399 1299 3488 iu
1337 3399 1424 3486 mia
1461 3396 1730 3497 atterrziooe,

254 3521 315 3610 mi
348 3537 547 3635 permctte
582 3521 632 3610 di
661 3521 884 3642 efformare
911 3521 958 3612 40
991 3521 1063 3610 cite
1087 3522 1129 3608 iu
1149 3521 1333 3638 Sipraoro
1355 3521 1405 3608 di
1435 3517 1651 3608 tatteuoea
1678 3548 1743 3602 re·

252 3641 505 3761 polnrmentc
537 3645 814 3765 conformato,
840 3643 889 3734 2⁰
912 3643 983 3732 cite
1005 3677 1094 3734 orsu
1110 3660 1306 3760 presente
1327 3675 1483 3732 ancora
1515 3641 1612 3730 tutti
1635 3640 1653 3727 i
1685 3670 1744 3728 sc·

254 3768 329 3885 pei
362 3763 477 3856 dello
509 3768 736 3885 nctpiuitd.

379 3887 575 3980 Gradum
608 3889 769 3980 exinde
802 3889 964 3984 iaciens
997 3891 1155 3982 Orator
1188 3889 1243 3977 ad
1278 3896 1428 3978 causas
1451 3883 1740 4004 dispensatio-

258 4014 323 4104 nis
359 4012 497 4102 varias
530 4031 780 4120 enumerat,
798 4014 1076 4133 primamque
1110 4011 1280 4128 reponit
1315 4011 1358 4100 in
1383 4007 1640 4128 gravissimo
1663 4005 1743 4098 du·

256 4137 332 4224 bio
361 4134 416 4224 de
450 4135 712 4254 impotentia
736 4137 817 4224 viri
861 4136 1017 4224 saltem
1049 4135 1230 4224 relativa
1262 4132 1545 4224 antecedenti
1578 4145 1623 4223 et
1644 4159 1745 4246 per·

255 4275 410 4377 petua,
445 4289 560 4378 quae
593 4259 781 4348 adducta
815 4289 897 4376 pro
929 4258 1096 4346 motivo
1142 4257 1358 4378 gratiosae
1401 4251 1739 4370 dispensationis

257 4411 343 4468 non
384 4379 524 4497 exigit
550 4399 710 4474 certam
737 4399 780 4472 et
817 4379 1152 4474 concludentem
1185 4377 1511 4498 probationem.
1534 4373 1611 4466 sed
1643 4372 1744 4464 sotis

255 4520 321 4592 eet
354 4502 476 4622 quod
492 4503 551 4592 sit
577 4504 688 4596 adeo
723 4503 968 4622 pmbahiiis
989 4521 1038 4594 ut
1066 4504 1274 4596 Summue
1292 4499 1493 4592 Pontum
1528 4497 1644 4589 iilam
1669 4523 1746 4588 un-

253 4653 348 4716 ram
383 4625 634 4716 existimare
670 4627 804 4745 possit
839 4629 900 4716 uti
935 4627 1063 4718 docet
1096 4623 1391 4716 ConsciusDa
1413 4635 1597 4738 teporat.
1623 4615 1742 4706 thori

257 4747 333 4836 tit.
369 4749 390 4834 t
422 4779 518 4865 cap.
544 4749 750 4840 iduum.
777 4752 886 4856 497,
923 4781 971 4838 uc
1007 4747 1082 4838 tit.
1113 4751 1141 4838 3
1169 4779 1261 4864 cap.
1300 4747 1468 4836 Quum.
1516 4741 1621 4844 386,
1663 4738 1742 4829 Pi·

254 4871 553 4992 quatetenus.
596 4873 686 4961 tte
729 4905 842 4964 oum.
886 4873 948 4962 tt
980 4889 1080 4960 tom.
1116 4873 1161 4968 4,
1187 4867 1321 4958 Gerd.
1347 4866 1538 4956 netum
1581 4860 1743 4953 dito?

254 5027 367 5083 nuto.
405 4995 431 5081 7
466 4995 517 5082 de
548 4994 737 5082 Mutrim.
775 4997 839 5082 Ex
874 4993 1124 5083 testimonio
1174 5007 1323 5080 autem
1359 4989 1551 5080 duorum
1585 4983 1741 5078 medi-

255 5147 425 5222 corum,
451 5117 528 5235 qui
563 5147 742 5208 unoore
760 5115 1030 5206 matrimonii
1070 5114 1292 5206 vinculum
1314 5127 1530 5232 quatenus
1559 5108 1739 5211 existat,

254 5241 435 5332 omniuo
467 5239 725 5332 solvendum
744 5267 839 5330 atae
870 5238 1160 5358 proclamant,
1183 5233 1522 5328 Ferdinunduur
1538 5229 1745 5322 nunciate

256 5363 516 5483 impotentia
534 5367 738 5457 laborare
756 5361 1217 5482 dignoscitur.Dortor
1234 5361 1444 5450 uaueVan
1466 5360 1581 5448 Dum
1600 5354 1642 5442 in
1657 5351 1746 5449 anit

256 5486 406 5578 littaris*
424 5486 720 5576 Mechliniensi
739 5487 913 5576 Vicario
929 5483 1044 5574 datia
1076 5515 1165 5572 non
1197 5482 1332 5572 modo
1364 5480 1548 5570 arnmot
1561 5509 1621 5690 [pp
1636 5479 1746 5570 Fer·
