4350 6326
526 353 619 445 488
949 346 1031 442 Die
1051 345 1124 438 '20
1150 340 1403 458 Septembris
1435 342 1574 432 nure.

520 503 645 588 nepe
678 468 932 568 onomaton·
962 497 1044 582 pro
1078 463 1380 586 informatione
1410 481 1450 553 et
1480 479 1590 566 uoto,
1617 493 1811 580 suspenso
1844 463 2036 551 interim

524 595 735 684 sanctione
770 589 943 708 poenali
965 587 1016 679 de
1049 619 1131 705 qne
1158 583 1416 702 inprecatio
1439 584 1587 703 orout
1609 603 1864 676 recurrentes
1897 587 2041 700 capi·

530 715 685 815 tnlnrec
726 756 765 800 ι.

652 839 792 930 unm
826 833 1002 924 Praesul
1033 832 1081 923 S.
1120 833 1173 920 V.
1205 831 1259 920 Ο.
1293 831 1407 920 iussa
1435 829 1612 936 iaciens,
1650 832 1800 921 retulit
1822 829 2041 948 exposita

529 961 573 1057 in
607 957 813 1077 precibus
846 989 871 1052 a
900 953 1132 1048 Genetricis
1153 983 1253 1045 =non
1285 983 1380 1046 esse
1415 953 1587 1046 veritati
1619 955 1879 1057 conformia,
1913 953 2039 1041 dum

531 1082 787 1201 Capitulum
821 1079 940 1168 nulla
964 1075 1298 1174 devinciebatur
1320 1075 1586 1194 obligatione
1610 1076 1899 1166 interessendi
1930 1074 2039 1164 tiis-

529 1234 608 1302 eae
640 1235 754 1322 quae
788 1201 843 1294 ad
875 1200 1202 1316 beneplacitum
1236 1197 1449 1292 celebrari
1499 1199 1669 1288 solebat
1717 1198 1864 1320 prouti
1915 1229 2034 1314 qua-

535 1345 635 1416 tuor
649 1324 935 1419 Saoerdotum
959 1323 1100 1414 iurata
1122 1319 1400 1439 depositione
1418 1319 1621 1412 evincere
1640 1321 1883 1440 satagebat3
1904 1320 2031 1408 ideo-

536 1481 626 1567 que
664 1449 897 1540 obtentum
927 1444 1188 1560 rescriptum
1217 1443 1514 1559 subreptionis
1537 1462 1581 1532 et
1613 1442 1888 1562 obreptionis
1922 1443 2031 1532 vitio

534 1569 755 1670 laborare,
793 1585 838 1658 et
870 1565 1186 1660 Canonicorum
1212 1565 1371 1683 agendi
1396 1569 1608 1660 rationem
1639 1565 1828 1656 honestis
1851 1597 1900 1653 ac
1922 1595 2025 1681 pro·

533 1691 604 1782 bis
652 1692 820 1780 civibus
855 1689 1061 1784 senodale
1096 1688 1252 1782 tuisse.
1287 1693 1513 1780 Postremo
1536 1688 1773 1780 conclusit:
1803 1727 1820 1765 ι
1867 1688 2023 1800 Questi

541 1855 557 1892 ι
598 1813 808 1904 Canonici
837 1810 1121 1904 ,atvaleudesi
1143 1810 1259 1928 della
1283 1811 1437 1902 incultis
1466 1812 1562 1902 loro
1599 1843 1799 1901 concessu
1822 1809 1887 1897 col
1907 1811 2024 1898 suin·

540 1934 741 2026 r-dicato
765 1935 973 2026 uescritto
1001 1933 1047 2024 di
1082 1934 1223 2030 uscire
1254 1933 1366 2028 colla
1395 1935 1529 2029 Messa
1561 1951 1731 2024 mentre
1763 1933 1809 2024 in
1842 1933 1955 2022 Coro
1990 1935 2024 2020 si

531 2099 557 2136 ιι
594 2054 763 2161 ‚ullieia,
804 2059 845 2149 la
878 2057 1038 2151 dicatae
1076 2055 1131 2146 ad
1165 2087 1240 2144 ora
1279 2056 1314 2144 si
1359 2053 1482 2144 tarda
1530 2055 1586 2146 da
1629 2056 1736 2145 larla
1784 2055 2027 2142 terminare

540 2221 558 2260 ⁸
599 2179 780 2300 quaudo
813 2210 909 2270 esce
943 2181 982 2270 la
1016 2179 1337 2270 conventuale:
1362 2179 1460 2272 ,cosi
1483 2177 1528 2267 lu
1551 2179 1761 2298 pratieato
1797 2177 1913 2265 nella
1940 2179 2026 2264 Do-

544 2344 559 2380 «
601 2303 774 2392 menica
806 2333 964 2406 scursa,
1004 2302 1048 2387 l.
1075 2301 1120 2392 di
1154 2300 1432 2414 Quaresima,
1469 2331 1494 2390 e
1519 2331 1573 2390 ne
1594 2330 1795 2390 avvenne
1816 2301 1895 2388 obe
1920 2301 1931 2386 i
1955 2298 2024 2387 le-

546 2463 563 2504 ι
605 2424 692 2516 deli
730 2425 936 2518 ascoltate
971 2423 1011 2514 la
1045 2427 1178 2514 Messa
1211 2454 1267 2511 ue
1301 2423 1527 2513 andarouo
1561 2425 1648 2529 via,
1683 2423 1740 2512 ed
1775 2422 1802 2510 il
1824 2421 2028 2510 Prcdioa-

544 2589 561 2624 ι
604 2565 696 2644 tore
735 2546 886 2638 rimoso
917 2577 998 2638 con
1022 2545 1283 2663 pocbissima
1307 2545 1508 2636 udiennn.
1527 2548 1692 2660 Questo
1711 2544 2025 2634 inconvenieu-

536 2709 561 2749 .‹
602 2669 917 2766 resumentem
952 2670 1089 2761 aucbe
1138 2669 1252 2758 nelle
1299 2669 1511 2786 pressime
1556 2668 1842 2768 Dumeuiobe,
1880 2697 1906 2754 e
1939 2669 2026 2754 cosi

548 2831 564 2870 s
600 2820 795 2909 ecmpre,
832 2819 919 2884 non
941 2790 1108 2884 ..esclusi
1143 2792 1155 2878 i
1189 2790 1233 2888 di
1265 2791 1408 2882 festivi
1443 2791 1517 2908 piir
1550 2792 1738 2893 solenni,
1775 2789 1832 2878 ed
1867 2789 2026 2878 altriin

546 2914 670 3010 «cut
690 2913 736 3008 ril
759 2913 954 3006 vescovo
984 2913 1078 3006 suol
1109 2912 1200 3010 lare
1232 2913 1426 3010 l'omelia
1460 2956 1499 3002 ..
2155 2995 2156 3026 Γ

668 3037 817 3132 Rebus
851 3036 893 3123 in
931 3035 1004 3128 tuli
1036 3039 1151 3126 stat'u
1200 3037 1565 3156 permanentibus
1593 3067 1741 3128 nonae
1773 3065 1923 3152 preces
1954 3036 2027 3124 Sa-
2155 3059 2156 3088 ⁷

541 3189 614 3256 cre
664 3160 820 3248 Vestro
844 3157 1016 3252 ‹Ordini
1055 3187 1290 3279 ,porrectae
1343 3157 1519 3249 luerunt
1557 3189 1610 3248 ex
1669 3173 1795 3276 parte
1837 3158 2027 3248 Confra-

544 3279 800 3378 ternitatum
847 3281 1087 3401 suffragii,
1128 3280 1429 3374 Pretiosissimi
1482 3282 1752 3400 Sanguinis,
1798 3284 2027 3374 Sacrorum
2156 3303 2157 3308 ‘

542 3403 825 3521 stigmatum,
849 3403 1169 3524 essonceptiouis
1203 3409 1482 3500 incoronatoe
1521 3437 1576 3500 ac
1601 3405 1953 3496 Cincturatoruru
1988 3403 2026 3489 in

545 3526 722 3622 ciuitate
755 3527 945 3619 Atrieusi
964 3545 1238 3632 erectarum,
1259 3557 1381 3644 ,quae
1411 3555 1562 3618 omues
1584 3544 1829 3646 queruntur
1861 3527 1918 3616 de
1939 3525 2027 3616 edi-

530 3648 598 3745 nis
629 3647 696 3742 :ab
719 3648 942 3766 'Episcopo
973 3649 1175 3746 decretis.
1209 3652 1426 3746 Euenum
1457 3651 1579 3740 cuim
1612 3650 1765 3770 (ruod,
1800 3667 1896 3766 post
1942 3650 2022 3736 lle-

535 3769 803 3888 rligieaorum
849 3771 1072 3865 medinam
1119 3771 1429 3875 eversionem,
1477 3773 1870 3865 Cottlrnternitutes
1923 3799 2021 3858 orn·

548 3922 656 3988 taem
691 3923 848 3987 curam
886 3896 1135 3987 adhibuere
1185 3913 1229 3987 ut
1266 3894 1494 3988 Ecclesiae
1520 3897 1633 3988 illac
1678 3911 1858 3984 externo
1897 3891 2027 3984 cultui

549 4027 765 4134 paterent,
822 4017 936 4106 unde
979 4017 1092 4106 inibi
1137 4048 1259 4106 sacra
1309 4016 1494 4124 iaciunt,
1546 4019 1774 4136 cultusque
1819 4046 2028 4135 expensas

537 4135 840 4229 sustinentes
864 4139 945 4255 piis
966 4138 1245 4236 Conlratrum
1264 4157 1308 4228 ct
1324 4137 1541 4229 Fidelium
1566 4140 1879 4234 oblationibus.
1907 4138 2027 4228 Edito

549 4273 598 4348 nt
632 4288 735 4346 vero
763 4259 938 4351 decreto
979 4262 1140 4352 lactum
1174 4262 1303 4352 luisse
1340 4260 1551 4368 relerunt,
1575 4281 1621 4352 ut
1654 4264 1774 4384 ipsae
1794 4295 1876 4352 uec
1906 4260 2029 4350 adin·

540 4380 700 4478 uenire
718 4382 1187 4478 veteraesacommem
1202 4415 1428 4502 uaesano·
1439 4386 1655 4490 iaciendo,
1685 4417 1766 4476 uec
1787 4385 2028 4484 oblationes

544 4535 629 4626 pro
660 4507 954 4602 sustentandis
983 4509 1122 4602 cultus
1155 4506 1371 4627 expensis,
1399 4508 1505 4602 deum
1528 4508 1708 4604 tinetas
1726 4539 1814 4598 nnn
1848 4507 2028 4623 amplius

548 4627 686 4726 diosas
718 4627 929 4723 Ecclesiae
961 4629 1256 4750 frequentent.

630 4751 924 4870 ‹Qumtmpter
936 4785 1036 4848 oum
1052 4754 1267 4859 inutiliter
1285 4754 1343 4844 ab
1356 4754 1568 4872 Episcopo
1589 4754 1907 4846 relaxationem
1923 4751 2026 4842 editi

555 4869 826 4990 decreticum
857 4877 1164 4974 suisEcclcsiis
1188 4879 1603 4996 expostulassentmt
1628 4893 1744 4966 tanto
1768 4875 1885 4966 melo
1902 4904 2029 4978 reme·

553 4991 679 5092 dmm
702 4995 848 5088 aunei
872 5019 1018 5117 posset
1050 4999 1106 5090 ad
1121 5005 1170 5094 S.
1196 5003 1333 5090 Vas).
1359 4999 1593 5119 coningere
1614 5015 1788 5092 oenone
1807 4999 2028 5089 aunemu-

545 5115 737 5214 diantur
783 5149 905 5211 sano:
936 5164 965 5208 n
1002 5141 1155 5241 questa
1201 5120 1490 5237 disposicione
1516 5123 1584 5222 rba
1633 5140 1771 5213 avuto
1807 5153 1898 5241 ·por
1940 5117 2025 5238 pri·

545 5279 581 5324 n
604 5269 695 5336 ento
727 5239 915 5350 retuso,
961 5245 1042 5336 ebe
1079 5246 1197 5344 tanti
1230 5242 1393 5351 tereti,
1445 5246 1756 5366 specialmente
1793 5246 1808 5334 i
1848 5271 2028 5361 campa·

562 5399 581 5445 a
616 5362 797 5479 gnuoli,
833 5397 922 5454 nun
955 5365 1125 5458 avendo
1158 5369 1188 5458 il
1221 5369 1447 5486 temporali
1483 5371 1728 5464 tratteacrsi
1761 5402 1787 5458 a
1819 5370 1953 5486 lungo
1986 5365 2023 5451 iu

549 5526 579 5564 ··
610 5485 787 5592 tuna,
809 5519 932 5582 *aeno
962 5491 1426 5589 eucreuicntmeiue
1448 5491 1494 5586 di
1516 5489 1734 5591 ascoltare
1766 5491 1808 5582 la
1833 5495 1880 5584 S.
1902 5494 2028 5581 ldessa
