4516 6318
522 347 612 439 tot
961 344 1044 433 Die
1077 346 1135 434 15
1166 341 1392 434 Februarii
1425 346 1563 436 l879.

520 474 568 564 di
615 470 916 612 obligatione
931 469 1050 559 uullo
1098 496 1223 586 pacto
1270 469 1537 589 respondere
1590 470 1739 562 debet.
1786 470 2012 591 Siquidem

520 593 839 715 exploratum
830 623 871 680 m
906 593 1003 682 iure
1051 605 1116 680 cst
1159 591 1279 712 quod
1328 593 1714 712 praedecessorum
1750 596 2012 714 negligentia

520 716 885 812 suecessoribus
874 747 966 806 rure
999 745 1078 804 suo
1111 733 1155 804 et
1201 713 1554 859 independenter
1603 717 1659 805 ab
1705 717 1787 806 illis
1821 719 2014 808 venien·-

523 846 641 933 tibus
686 869 924 958 gravamen
972 839 1132 927 inlerre
1188 841 1372 958 nequit,
1424 856 1530 928 testo
1580 843 1642 928 De
1677 841 1789 928 Luca
1836 841 1941 930 disc.
1980 847 2007 934 7

522 999 636 1056 ιιιιιιι.
672 965 733 1054 29
767 963 817 1052 dc
850 962 1196 1051 Pruecmiaeutiis
1228 977 1272 1050 et
1318 963 1422 1052 alibi
1469 964 1648 1082 passim.
1692 965 2012 1056 Verumtamen

523 1089 712 1180 admisso
745 1087 875 1176 etiam
911 1087 1028 1206 quod
1074 1085 1260 1206 quilibet
1307 1115 1560 1192 successor,
1608 1118 1888 1206 quocumque
1920 1093 2004 1180 sub

522 1213 649 1302 titulo
684 1210 844 1313 veniat,
892 1210 1055 1299 damna
1088 1225 1132 1299 et
1164 1239 1373 1326 expensas
1407 1241 1534 1298 asuo
1555 1209 1888 1328 praedecessore
1909 1243 2008 1332 pro·

523 1335 746 1425 venientia
795 1333 1006 1422 sustinere
1055 1332 1243 1430 debeat,
1296 1348 1443 1422 tamen
1495 1333 1668 1422 videtur
1699 1334 1818 1452 quod
1853 1336 2012 1424 actuali

525 1439 737 1578 Episcopo
771 1487 879 1545 onus
912 1455 1027 1545 baud
1062 1455 1276 1544 incumbit
1309 1457 1401 1546 500
1423 1456 1675 1545 libellorum
1704 1487 1921 1599 expensas
1954 1461 2013 1548 ab

526 1586 778 1674 Oeconomo
801 1579 1011 1671 Girolami
1044 1581 1205 1668 solutas
1240 1579 1512 1669 restituendi.
1550 1582 1665 1672 Sane
1702 1581 1875 1669 axioma
1909 1581 2011 1673 iuris

527 1723 608 1810 est,
646 1704 769 1822 qaod
803 1733 1021 1791 successor
1053 1702 1151 1821 plus
1184 1735 1236 1790 eo
1259 1733 1345 1791 non
1369 1703 1547 1811 debeat,
1574 1703 1631 1792 ad
1653 1703 1771 1822 quod
1802 1735 1905 1793 suus
1939 1737 2013 1794 au·

529 1847 623 1918 ctor
656 1857 749 1915 sese
799 1825 1025 1944 obligavit.
1077 1825 1165 1918 Sed
1213 1827 1479 1944 Episcopum
1515 1826 2007 1946 Eellettiiaterexpen-

527 1984 595 2040 sas
644 1949 938 2052 neccssaria,
991 1981 1098 2068 quas
1150 1951 1474 2068 persoluturum
1534 1950 1829 2068 spoponderat
1877 1981 2012 2068 prae-

525 2075 662 2164 dictas
694 2073 786 2160 500
820 2073 991 2162 libellas
1023 2075 1081 2162 ab
1103 2072 1355 2162 Oeconomo
1378 2073 1590 2164 Girolami
1615 2072 1871 2162 reclamatus
1896 2105 2015 2162 com-

526 2195 805 2318 prehendere
850 2196 1036 2286 voluisse
1086 2197 1206 2284 uallo
1257 2212 1381 2314 pacto
1430 2194 1804 2314 praesumendum
1840 2213 1922 2285 est.
1959 2201 2010 2286 ln

526 2321 642 2410 lacto
675 2319 894 2438 siquidem
928 2319 1148 2438 estquod
1181 2319 1419 2436 Episcopus
1453 2319 1628 2409 Belletti
1661 2319 1904 2409 Oeconomi
1938 2320 2016 2410 Gi·

399 2507 401 2512 .
525 2443 682 2534 rolami
717 2443 913 2530 animum
947 2441 1004 2531 ad
1037 2443 1160 2531 litem
1205 2441 1551 2561 aggrediendam
1586 2441 1874 2531 reluctantem
1912 2441 2014 2532 ideo

527 2565 750 2656 inflectere
798 2566 968 2682 sategit,
1021 2566 1126 2683 quia
1159 2585 1277 2655 certo
1310 2567 1469 2655 certius
1509 2566 1734 2656 victoriam
1781 2565 1866 2656 sibi
1901 2565 2011 2655 arri-

526 2721 672 2780 suram
707 2689 931 2808 sperabat:
968 2719 1180 2807 expensas
1228 2719 1359 2792 vcro,
1396 2689 1452 2778 de
1482 2720 1671 2809 quarum
1707 2688 2012 2807 reintegratio-

526 2845 582 2902 ne
615 2815 668 2900 ll.
695 2815 741 2905 S.
768 2813 824 2900 Ο.
850 2815 1008 2902 Orator
1026 2811 1488 2902 recursamexbibuit
1523 2812 1624 2902 ideo
1657 2813 1831 2900 solvere
1864 2843 2014 2901 neces·

526 2967 571 3026 se
605 2937 705 3040 luit,
742 2936 844 3054 qaia
879 2935 1060 3024 victoria
1093 2937 1203 3024 votis
1238 2935 1354 3024 baud
1398 2936 1557 3026 arrisit.
1595 2936 1742 3026 Rebus
1778 2936 1926 3052 itaquo
1958 2933 2018 3024 sie

513 3059 741 3150 stantibus
776 3059 1016 3148 nullimode
1064 3060 1285 3176 praesumi
1319 3077 1475 3176 potest,
1528 3061 1648 3178 qood
1690 3058 1927 3179 Episcopus
1959 3057 2018 3146 ad

526 3181 781 3272 huiusmodi
816 3213 1026 3302 expensas
1060 3213 1152 3271 sese
1200 3181 1396 3302 obligare
1443 3185 1590 3272 aninlo
1639 3183 1868 3299 concepit,
1905 3212 2015 3300 quas

527 3337 670 3424 nequo
696 3307 756 3394 uti
781 3307 1009 3423 possibiles
1033 3305 1125 3394 lore
1147 3307 1381 3423 cogitabat.
1409 3307 1465 3395 ut
1498 3307 1533 3396 si
1568 3307 1806 3427 Episcopus
1839 3305 2016 3395 Belletti

515 3429 583 3520 ad
604 3430 680 3517 bas
702 3460 910 3548 expensas
933 3428 1189 3521 reficiendas
1212 3431 1446 3519 obstrictus
1475 3463 1560 3519 uon
1595 3449 1660 3518 est
1694 3458 1836 3548 neque
1870 3444 2017 3518 actua·

528 3552 614 3650 lem
651 3553 911 3672 Episcopum
949 3553 1084 3642 teneri
1119 3551 1352 3644 dicendum
1389 3585 1480 3643 csse
1516 3554 1704 3643 videtur.
1730 3555 2015 3670 Quaquaver·

525 3705 596 3766 sus
635 3674 784 3796 itaque
817 3709 885 3766 res
921 3675 1237 3796 perpendatur,
1275 3695 1394 3794 patet
1438 3679 1529 3767 sive
1562 3677 1825 3768 hodiernum
1859 3707 2013 3794 paroe-

527 3799 620 3887 ciue
652 3802 699 3892 S
736 3802 961 3889 Fortunati
983 3803 1302 3902 Oeconomum
1324 3801 1415 3890 sive
1448 3801 1623 3890 Curiam
1660 3801 2014 3918 Fulginatensem

531 3952 584 4009 ex
608 3920 719 4012 lacto
742 3921 1087 4042 praedecessoris
1110 3952 1173 4008 sur
1164 3921 1306 4012 nibil
1331 3924 1512 4014 omniuo
1545 3925 1602 4014 de
1626 3924 1806 4042 proprio
1829 3921 2012 4010 debere.

651 4047 737 4134 nes
768 4077 868 4134 cum
902 4047 961 4137 ita
993 4077 1039 4136 se
1072 4043 1262 4136 babeant
1294 4080 1423 4166 grave
1457 4079 1512 4137 ne
1545 4049 1600 4137 sit
1634 4051 1665 4135 F
1671 4051 1718 4136 E
1744 4047 1828 4134 PP.
1850 4075 1902 4134 ca
1924 4077 2012 4164 qua

518 4165 693 4285 pollent
727 4169 935 4288 religione
967 4187 1011 4259 et
1043 4165 1148 4257 iuris
1168 4171 1326 4288 peritia
1359 4202 1546 4292 sequens
1579 4171 1789 4260 dirimere

1163 4415 1378 4504 DUBlUll

651 4661 769 4750 Αιι
753 4693 817 4748 curs
849 4671 1050 4776 competat
1079 4657 1297 4748 Sacerdoti
1323 4659 1534 4750 Girolami
1565 4661 1779 4780 repetendi
1811 4695 1836 4750 a
1867 4659 2016 4783 benefi-

526 4787 590 4872 cia
619 4783 865 4901 parochiali
896 4783 1178 4898 Cossipuuai,
1224 4816 1292 4871 seu
1336 4787 1478 4902 potius
1519 4822 1546 4877 a
1585 4790 1719 4877 Curia
1764 4781 2014 4905 Εριιοομιιὶἱ

525 4939 722 4997 summam
756 4909 848 4997 500
883 4905 1175 4994 libellorum
1160 4939 1201 4993 ιιι
1236 4911 1370 4998 cusu?

650 5281 872 5398 impensas
905 5276 1154 5368 libellarum
1187 5280 1281 5369 500
1312 5280 1625 5400 persolvendas
1657 5311 1749 5371 esse
1781 5309 1837 5368 ex
1872 5277 2011 5369 laudo

525 5404 832 5493 Paroeciarum
865 5433 1128 5522 pauperum.
