4350 6326
560 325 652 414 534
994 323 1077 410 Die
1107 323 1169 411 20
1201 323 1439 410 Decembris
1473 323 1611 414 1879.

559 446 1004 540 excommunicationi
1050 445 1269 536 subiectos
1320 447 1423 536 Reos
1456 445 1656 536 simoniae
1693 443 1845 534 realis
1882 455 1927 532 in
1961 443 2055 535 bene·

558 573 669 695 ficiis
702 571 1032 690 quibuscumque,
1083 599 1301 688 eorumque
1349 570 1586 686 complicem
1632 568 1944 687 subindeque
1975 601 2056 662 cun

560 727 706 814 neque
742 695 925 783 vicariae
962 695 1225 811 temporales
1261 717 1403 814 neque
1437 691 1574 782 officia
1625 693 2056 784 Administratorun

560 819 642 908 sub
675 817 878 908 beneficii
915 815 1091 904 nomine
1126 817 1305 904 veniant
1340 821 1380 904 in
1417 817 1477 905 eis
1499 819 1744 906 simoniam
1785 816 2054 908 committen-

564 963 626 1032 tes
682 942 869 1028 minime
897 939 1352 1030 excommunicatione
1387 941 1984 1058 ligantur..Ponderandum
2013 945 2056 1030 si·

562 1065 740 1185 quidem
779 1085 858 1166 est,
896 1083 942 1154 ut.
979 1063 1110 1172 relect
1144 1063 1395 1181 Episcopus
1435 1067 1539 1153 baec.
1563 1063 1701 1153 officia
1734 1064 1959 1184 benefieiis
1978 1098 2056 1180 pre

555 1192 656 1306 prie
689 1187 814 1277 dictis
848 1187 949 1274 olim
983 1185 1248 1274 existentibus
1283 1183 1451 1275 adnexa
1487 1187 1634 1292 luisse,
1671 1187 1974 1309 subindeque
1994 1222 2054 1306 per

559 1313 912 1430 subrogationem
948 1309 1204 1398 salariorum
1242 1309 1357 1396 baud
1395 1312 1618 1428 propriam
1654 1329 1700 1400 et
1735 1311 1944 1398 nativam
1970 1343 2054 1399 mu-

561 1453 673 1524 tasse
708 1453 925 1538 naturam,
962 1465 1039 1524 eeu
1077 1464 1176 1521 mox
1211 1433 1566 1522 animadversum
1619 1435 1734 1524 tuit..
1773 1436 1843 1522 Eo
1878 1436 1948 1522 vel
1981 1468 2052 1524 mu-

561 1561 624 1676 gis
658 1576 701 1645 et
735 1561 813 1646 boc
837 1555 1037 1674 specifice
1060 1591 1138 1676 pro
1164 1555 1348 1644 Vieariis
1372 1557 1681 1656 amoribilibus
1706 1560 1941 1676 procedit,
1966 1562 2050 1680 quia

561 1709 614 1770 ex
649 1683 791 1771 dietae
826 1683 976 1770 Bullae
1010 1679 1296 1799 dispositione
1330 1711 1410 1798 per
1443 1683 1579 1770 verba
1615 1681 1686 1770 illa
1726 1681 1950 1801 beneficiis
1981 1687 2050 1802 qui·

562 1804 803 1922 (roseumque
836 1805 952 1894 baud
1005 1820 1172 1893 tantum
1219 1805 1535 1922 comprehensa
1587 1805 1809 1895 videntur
1854 1806 2047 1896 beneficia

561 1927 862 2016 inamovibilia
898 1945 937 2014 et
975 1947 1202 2048 perpetua,
1241 1926 1315 2014 sed
1352 1928 1483 2016 etiam
1522 1930 1775 2030 manualia,
1811 1945 1864 2014 'et
1898 1931 1952 2020 ad
1983 1963 2044 2020 uu·

563 2069 653 2140 tum
690 2049 992 2140 amevibilia.·

686 2177 855 2288 Quibus
889 2175 1095 2262 omuibus
1130 2175 1261 2292 igitur
1292 2174 1375 2260 rite
1410 2177 1634 2294 perpensis
1668 2176 1846 2266 nedum
1883 2197 2041 2293 apparet

561 2297 790 2387 simoniam
825 2299 867 2384 in
921 2300 1110 2386 themate
1144 2297 1469 2388 committentes
1504 2302 1545 2388 iu
1582 2301 2038 2390 excommunicationis

562 2453 750 2539 poenam
786 2424 1008 2511 incurrere
1044 2453 1197 2508 verum
1232 2425 1365 2509 etiam
1401 2443 1445 2512 et
1478 2423 1738 2513 collationes
1782 2439 1829 2511 et
1862 2452 2039 2541 praesen-

563 2545 745 2634 tationes
768 2546 1004 2634 simoniace
1028 2563 1221 2662 peractas
1244 2561 1396 2662 aperta
1420 2547 1620 2640 nullitate
1644 2548 1859 2636 laborare
1879 2547 2030 2634 datrae.
2124 2590 2125 2596 Ν

563 2673 608 2757 2.
636 2671 699 2758 De
725 2672 873 2756 simon.
2123 2677 2125 2746 ἱ

687 2795 812 2882 llisee
850 2794 1055 2910 utrinque
1087 2793 1286 2880 breviter
1324 2788 1643 2884 animadversis
1689 2796 1779 2882 erit
1821 2791 2030 2910 sapientiae

562 2917 647 3006 ΕΕ.
682 2920 770 3005 ΡΡ.
808 2946 993 3034 sequens
1028 2915 1199 3004 diluere

1200 3167 1418 3254 DUBlUll

688 3413 757 3499 Au
788 3411 1018 3500 Simoniani
1053 3414 1344 3500 eomuritteates
1378 3416 1421 3499 iu
1457 3415 1663 3536 beneficiis
1696 3431 1772 3502 eut
1798 3405 2019 3532 officiistem
2121 3409 2123 3480 l

563 3534 904 3624 r'uomooibililrus
936 3567 1058 3652 quum
1091 3535 1402 3636 errroeilrililrus,
1429 3540 1575 3654 quibus
1596 3536 1810 3626 adnexum
1830 3529 2016 3642 eststipen·
2121 3550 2122 3635 J

562 3657 680 3746 dium
712 3693 738 3746 e
770 3661 927 3774 pellice
960 3658 1160 3776 qrrlreruie
1196 3659 1393 3759 debitum,
1421 3665 1476 3750 in
1523 3693 1677 3779 poenos
1721 3696 1750 3750 a
1803 3661 1890 3745 iure
1932 3652 2012 3738 letos
2120 3673 2121 3681 ‘

448 3831 452 3840 ·
563 3804 782 3870 elicuerunt
817 3817 861 3869 ru
895 3814 1006 3870 cusu.

681 4147 854 4241 Scribat
888 4149 1124 4238 Consultor
1156 4151 1413 4240 Canonista.

176 4647 283 4738 sess.
314 4647 375 4736 25
406 4648 557 4765 eupli
687 4533 1088 4734 Mattianum.
1146 4643 1700 4732 unumsmssnuttu.
1753 4689 1784 4719 =
1837 4623 2002 4750 Exposuit

203 4770 255 4860 de
286 4771 474 4892 Reform.
558 4772 717 4858 Sacrae
754 4767 1092 4883 Congregationi
1136 4765 1327 4854 l'iearius
1372 4765 1634 4882 Capitularis
1675 4762 1886 4856 Dioecesis
1931 4755 2011 4840 lle·¹

560 4891 801 4980 riarmensis
840 4887 1136 4983 Seminarium
1177 4889 1506 4992 Mariannonse,
1563 4891 1604 4976 vi
1644 4889 1864 4980 cuiusdam
1899 4877 2000 4966 dona·
2116 4934 2117 4938 κ

564 5015 691 5104 tionis
723 5015 866 5103 eidem
902 5013 1037 5102 laetae
1070 5015 1128 5102 de
1161 5043 1274 5100 antro
1310 5013 1430 5101 4749
1464 5013 1700 5130 suscepisse
1734 5044 1837 5102 onus
1878 5023 1997 5121 perpe·
2108 4976 2115 5073 l

563 5159 684 5228 tuum
720 5137 971 5228 celebrandi
1008 5153 1095 5224 tres
1128 5137 1274 5224 Missas
1308 5135 1489 5254 singulis
1523 5136 1812 5228 hebdomadis
1843 5133 1996 5237 itemque
2108 5156 2112 5169 ·

552 5265 691 5352 aliam
726 5261 925 5380 quolibet
960 5294 1074 5349 aurio
1110 5261 1151 5347 in
1185 5259 1295 5348 leste
1327 5261 1372 5350 S.
1399 5260 1629 5350 Bernardi.
1666 5263 1778 5348 lluie
1809 5248 1913 5344 oneri
1936 5263 1993 5373 pet

561 5417 698 5475 annos
730 5385 1046 5506 septemdecim
1079 5383 1346 5472 satisfactum
1383 5384 1515 5472 luisse
1548 5419 1572 5472 a
1604 5415 1681 5473 sua
1716 5359 1990 5474 fundationelt·
2078 5379 2083 5399 ‘

560 5528 666 5626 quet
699 5541 752 5598 ex
785 5509 909 5598 libris
943 5507 1187 5598 rationariis
1217 5507 1414 5598 eiusdem
1465 5507 1732 5612 Serninarii;
1769 5504 1838 5598 sed
1878 5501 1989 5616 p⁰⁵l⁰³
