4446 6330
714 304 798 400 Die
829 305 890 394 25
920 303 1116 392 Ianuarii
1150 305 1288 394 1879.
1715 307 1746 394 9

383 430 482 514 llox
494 426 620 514 etitio
636 425 694 516 ad
711 445 1030 519 antecessorem
1043 426 1415 548 Albingaueosem
1450 425 1739 518 Ordinarium

254 565 386 670 prout
418 549 476 638 de
511 579 633 638 more
692 581 769 667 pro
802 549 1112 642 informatione
1144 569 1188 640 et
1227 566 1328 640 voto
1360 549 1445 638 luit
1468 549 1735 656 transmissa3

251 676 395 792 iisque
423 671 625 788 acceptis,
652 674 739 762 sub
762 672 836 762 die
860 675 919 764 l2
941 673 1126 792 Augusti
1143 673 1342 764 eiusdem
1365 675 1468 763 anni
1487 673 1639 764 literae
1662 671 1741 764 da·

253 816 325 884 tae
354 809 455 884 sunt
476 793 760 884 adeumdcm
779 798 1040 914 Episcopum
1076 828 1153 914 pro
1194 796 1464 886 confectione
1493 826 1736 912 processus.
1834 833 1837 840 ·

252 921 476 1012 Semestre
513 917 701 1035 spatium
745 918 967 1037 inquisitio
999 920 1243 1036 absumpsit
1275 921 1332 1010 ad
1365 919 1582 1038 integrum
1619 949 1744 1006 men·

252 1073 346 1130 sem
380 1039 586 1129 Martium
622 1042 758 1146 1873;
796 1042 874 1132 sod
908 1041 1024 1130 baud
1044 1042 1322 1160 citiusquam
1346 1041 1568 1130 subeunte
1591 1069 1744 1132 mense
1896 1071 1903 1078 ·

253 1163 380 1252 lunio
415 1177 508 1252 acta
540 1163 781 1266 transmisit
814 1163 1081 1283 Episcopalis
1104 1165 1249 1268 Curia,
1277 1165 1513 1284 exquibus
1546 1161 1739 1254 babeba-

253 1305 341 1388 tur,
379 1301 508 1374 testes
526 1317 581 1374 cx
605 1301 792 1404 utroque
835 1287 973 1376 latere
1004 1284 1242 1390 adhibitos,
1270 1287 1327 1376 de
1346 1318 1433 1374 non
1453 1286 1746 1376 cohabitatio·

254 1441 312 1498 ne
352 1423 395 1495 et
434 1406 491 1496 de
523 1409 949 1498 inconsummationo
985 1409 1250 1529 deposuisse.
1298 1409 1422 1498 Hisce
1446 1409 1625 1512 habitis,
1662 1411 1751 1498 sub

255 1531 328 1620 die
348 1531 407 1620 18
424 1529 519 1618 10111
533 1531 1191 1651 subsequentisS.Congregatio
1204 1533 1431 1622 mandavit
1445 1531 1678 1649 Episcopo,
1702 1547 1750 1620 ut

255 1671 428 1744 curaret
466 1693 482 1729 ι
519 1653 672 1770 percpi
696 1656 985 1768 inspectionem
1007 1657 1198 1742 mulieris
1220 1655 1278 1741 od
1294 1655 1473 1774 formum
1498 1655 1746 1740 Instructiu-

130 1829 133 1833 ·
253 1777 320 1864 nis
351 1775 397 1862 S.
432 1773 483 1860 C.
511 1815 527 1853 ι
557 1778 641 1864 Pro
663 1793 869 1864 consueta
891 1778 1218 1881 commoditate,
1246 1792 1436 1866 exeunte
1465 1805 1580 1863 anno
1604 1777 1744 1880 1873,

253 1896 740 2016 responditEpiscopus,
760 1899 1076 2016 impossibilem
1096 1931 1189 1988 csse
1208 1901 1523 2018 inspectionem
1545 1897 1749 2015 obrepu-

255 2021 478 2142 gnantiam
506 2020 715 2127 mulieris;
751 2021 916 2142 quippe
933 2054 1047 2140 quae
1073 2040 1169 2111 utut
1186 2040 1229 2110 et
1258 2022 1352 2139 ipsa
1371 2019 1763 2138 dispensationem

254 2143 513 2264 postularet,
535 2146 707 2233 nonnisi
737 2161 881 2233 tamen
919 2175 1017 2233 cum
1054 2177 1211 2260 magna
1240 2143 1497 2234 difficultate
1534 2143 1741 2232 submitti

257 2269 302 2356 in
338 2267 516 2385 propria
549 2267 822 2356 habitatione
854 2267 996 2385 potuit
1031 2269 1319 2390 inquisitioni.
1344 2265 1621 2386 Rescriptum
1643 2295 1746 2354 mox

255 2389 339 2478 luit
377 2429 394 2468 «
430 2405 615 2504 ponatur
649 2391 691 2475 in
725 2390 836 2510 solio
887 2425 926 2496 »3
972 2407 1103 2509 atque
1139 2391 1334 2480 terminis
1369 2389 1543 2479 indictis
1577 2388 1747 2504 produ·

255 2527 322 2602 cte
354 2527 454 2600 sunt
488 2525 581 2600 acta
615 2511 672 2599 ad
705 2541 902 2601 mousom
937 2513 1096 2602 Maium
1136 2515 1274 2602 1871.

379 2637 443 2722 Re
477 2631 651 2721 interim
685 2636 923 2724 accuratius
956 2667 1170 2754 perpensa
1191 2634 1361 2726 censuit
1393 2634 1440 2724 S.
1477 2637 1527 2724 C.
1570 2633 1745 2723 subdic

257 2757 423 2846 2111011
459 2755 670 2876 praedicti
709 2759 811 2846 anni
862 2758 983 2847 1871
1024 2759 1262 2848 rescribere
1306 2799 1323 2837 ‹
1372 2755 1619 2872 expleantur
1651 2773 1744 2843 octa

249 2911 465 2998 processus
504 2920 543 2978 ιι,
580 2879 775 2970 iniuncto
810 2880 1017 2970 nimirum
1064 2881 1269 2970 examine
1311 2879 1462 3000 patris,
1517 2875 1662 2966 lratris
1694 2909 1746 2966 ac

256 3001 601 3094 domesticorum
632 3033 834 3122 sponsae,
874 3034 953 3092 nec
1000 3034 1087 3091 000
1104 3003 1351 3096 Sacerdotis
1386 3000 1633 3120 Religiosi,
1670 3001 1748 3118 qui

257 3155 361 3215 cum
395 3125 530 3228 lratre
563 3126 760 3214 mulieris
794 3125 913 3214 testis
946 3125 1087 3214 adluit
1121 3123 1420 3215 matrimonio.
1456 3123 1748 3213 81020010-

255 3247 351 3336 bris
384 3245 623 3335 transmisit
655 3247 893 3366 Episcopus
925 3247 1220 3366 depositiones
1252 3247 1498 3342 Sacerdotis
1530 3243 1735 3351 Arduini,

259 3368 337 3490 qui
372 3368 468 3457 aliis
512 3369 695 3458 testibus
749 3371 999 3475 concordat,
1046 3387 1092 3461 et
1135 3371 1340 3490 Religiosi
1385 3370 1555 3488 losepbi
1586 3371 1748 3456 llorteo

255 3522 310 3580 ex
328 3493 427 3579 llll.
467 3491 576 3580 Obs.
596 3495 641 3582 S.
668 3493 899 3598 Francisci,
935 3497 1012 3611 qui
1046 3493 1253 3583 invitatus
1284 3495 1342 3582 ab
1375 3493 1593 3597 Arduino,
1627 3489 1746 3579 illico

255 3629 408 3734 pateus
442 3643 627 3731 sponsae
660 3617 844 3706 domum
878 3645 980 3706 cum
1015 3615 1125 3737 ipso,
1163 3615 1562 3706 inveniteamcum
1588 3641 1748 3731 sponso

262 3737 443 3826 absente
475 3752 616 3857 patre;
659 3738 797 3858 iisque
836 3741 1021 3858 acceptis
1048 3742 1095 3832 S.
1116 3740 1167 3828 C.
1194 3738 1411 3858 rescripsit
1437 3739 1520 3826 sub
1553 3736 1771 3842 3subse·¹

257 3860 429 3978 quentis
461 3862 861 3954 Novembrisl87lr
900 3903 918 3942 ι
960 3863 1008 3954 V
1004 3879 1144 3951 oretur
1163 3864 1303 3982 Apens
1336 3898 1375 3950 s.

383 3985 697 4074 Verumtamen
730 3985 895 4076 nemini
915 3984 998 4074 luit
1016 3985 1203 4076 ulterius
1225 4016 1354 4076 curae
1386 3981 1631 4074 definitioni
1651 4011 1749 4068 cau-

236 4129 330 4196 ·sac
367 4105 653 4214 incumbere3
693 4109 812 4199 unde
846 4111 891 4197 10
924 4139 1133 4228 suspenso
1166 4141 1235 4198 res
1267 4107 1509 4227 permansit
1543 4103 1600 4194 ad
1622 4133 1749 4192 mon·

258 4258 350 4318 sem
385 4229 585 4319 Martium
623 4233 858 4351 superioris
891 4232 993 4322 anni
1030 4233 1168 4324 1878.
1206 4235 1297 4320 Hoc
1332 4228 1512 4319 tandem
1546 4245 1750 4346 tempore

258 4381 398 4478 novus
434 4352 671 4472 Episcopus
702 4354 1038 4475 Albinganensis
1072 4355 1215 4444 adbuc
1248 4355 1415 4444 instetit
1427 4383 1511 4470 pro
1545 4349 1751 4470 proposi-

259 4475 381 4564 tione
414 4507 582 4583 cnusac3
620 4507 671 4568 ca
713 4478 969 4597 praesertim
1004 4479 1197 4584 ratione,
1217 4478 1335 4600 quod
1369 4477 1635 4577 Franciscus,
1673 4469 1750 4558 di-

258 4598 578 4714 spensationem
610 4601 730 4692 baud
762 4631 888 4722 posse
920 4601 1124 4691 obtinere
1168 4619 1390 4719 reputans,
1427 4596 1614 4688 civiliter
1646 4619 1748 4681 cum

102 4737 110 4750 ’
259 4721 342 4809 0110
374 4723 558 4814 muliere
592 4755 685 4814 sose
717 4725 957 4844 copulavit.
994 4724 1124 4816 Nulla
1156 4755 1281 4813 mora
1316 4755 1341 4812 a
1372 4722 1509 4815 Ssno
1543 4719 1751 4836 impetra-

256 4843 318 4947 vi,
355 4861 404 4933 ut
437 4877 564 4937 causa
596 4848 873 4938 oeconomice
905 4848 965 4938 ob
986 4849 1182 4938 Oratoris
1203 4861 1510 4968 paupertatem
1532 4867 1750 4961 propone-

257 4983 381 5055 retur
415 5001 515 5060 cum
559 4967 673 5060 Voto
710 4971 973 5062 Canonistae
1006 4987 1049 5060 et
1081 4971 1289 5088 Theologi
1324 4985 1368 5058 et
1401 4995 1501 5060 cum
1532 4959 1747 5053 Animad-

258 5091 537 5182 versionibus
566 5091 819 5182 Defensoris
846 5094 1110 5184 Matrimonii
1142 5125 1196 5182 ex
1229 5089 1383 5183 officio.
1425 5093 1515 5182 Suo
1562 5085 1749 5206 quisque

259 5217 432 5304 muneri
469 5215 706 5335 diligenter
738 5216 937 5314 incubuit
969 5213 1269 5332 adimplend03
1308 5229 1441 5331 atquc
1475 5211 1535 5300 ita
1571 5239 1748 5300 eorum-

258 5335 362 5426 dem
397 5339 774 5430 lucubrationibus
805 5339 1006 5460 acceptis,
1032 5338 1107 5426 ubi
1131 5337 1328 5456 primum
1353 5335 1561 5457 temporis
1583 5363 1747 5456 oppor-

254 5460 424 5553 tunitas
466 5461 692 5584 suppetiit,
729 5461 1072 5557 controversiam
1117 5461 1175 5554 ad
1224 5460 1593 5582 sapientissimum
1629 5455 1749 5546 iudi·

1598 5610 1628 5695 2
