4558 6340
585 345 678 434 278
1082 339 1165 427 Die
1196 337 1248 428 21
1290 337 1407 426 lonii
1441 337 1578 427 1879.

589 466 704 587 perti
722 463 1060 554 contributionis
1082 479 1127 550 et
1151 461 1509 552 tuneellormanti
1529 487 1629 550 cum
1651 458 1878 550 beneficiis
1893 465 2074 554 annexis

591 589 731 679 solum
764 580 1119 676 beneficium&
1153 586 1260 676 Iloto
1296 585 1416 672 litem
1461 581 1734 674 adiudicavit
1782 583 1965 690 Abbati,
2010 617 2080 676 ex·

591 713 710 802 eluso
744 709 1015 814 contributa,
1044 707 1087 796 in
1123 739 1264 829 eaque
1284 707 1515 796 Dceisione
1549 705 1632 794 duo
1659 705 1915 824 principio,
1964 741 2079 829 quae

591 835 663 922 vel
696 834 889 921 maxime
923 830 980 920 ad
1012 856 1160 922 casum
1195 847 1407 948 spectant,
1435 830 1746 946 magistralitec
1767 828 2075 924 firmatasunt:

588 958 750 1074 primo,
775 953 897 1074 quod
930 953 1148 1043 beneficia
1172 953 1365 1041 existunt
1392 955 1434 1040 in
1460 953 1662 1056 Ecclesia,
1692 953 1768 1040 ubi
1792 953 2080 1046 beneficiatus

593 1079 793 1180 inservit,
820 1095 965 1196 spreta
998 1077 1117 1178 dote,
1144 1105 1274 1194 quae,
1299 1091 1523 1193 tamquam
1570 1076 1836 1179 accessoria,
1882 1079 2082 1195 sequitur

594 1221 796 1291 naturam
831 1199 1217 1289 etuonsistentiam
1253 1198 1477 1287 beneficii:
1503 1197 1706 1296 secundo,
1748 1197 1868 1316 quod
1916 1199 2086 1288 bonell-

592 1326 710 1414 cium
729 1323 898 1412 unitum
917 1323 1185 1411 convertitur
1203 1321 1244 1408 in
1266 1339 1464 1411 naturam
1479 1321 1587 1423 eius,
1604 1321 1673 1410 oui
1689 1319 1737 1407 lit
1755 1321 1875 1427 unio,
1898 1322 2080 1411 elamit-

598 1447 649 1536 tit
674 1477 833 1535 nomen
870 1445 1096 1562 antiquum
1122 1462 1166 1532 et
1188 1441 1373 1531 efficitur
1405 1443 1637 1562 praedium
1672 1442 1804 1532 illius.

718 1568 793 1671 Aa,
821 1567 926 1656 dato
959 1567 1090 1655 etiam
1129 1567 1198 1684 pia
1232 1565 1373 1684 legata
1407 1566 1511 1656 anni
1540 1567 1656 1654 ¹432
1681 1597 1765 1653 non
1804 1567 1915 1655 uniri
1949 1567 2081 1655 subie·
2137 1559 2147 1576 ’

595 1693 699 1778 otiue
731 1707 775 1777 et
806 1722 882 1806 per
902 1690 1280 1806 incorporationem
1305 1687 1498 1810 beneficio
1520 1687 1888 1794 Annuntiotionis,
1914 1689 1993 1780 sed
2017 1692 2083 1778 ia·

599 1813 786 1902 etdentcr
808 1828 977 1902 tantum
1003 1829 1046 1900 ot
1070 1844 1196 1928 oeque
1236 1811 1557 1928 principaliter,
1583 1811 1735 1900 subdit
1758 1815 1931 1916 Orator,
1960 1813 2082 1902 aliud

595 1967 687 2026 esse
720 1963 846 2054 posse
882 1936 1087 2024 unionem
1122 1933 1317 2052 dirumpi
1353 1967 1407 2023 ex
1441 1933 1635 2048 legitima
1668 1965 1813 2037 causa,
1839 1967 1919 2055 per
1950 1925 2081 2024 colla·

593 2061 761 2148 tionem
796 2057 959 2146 scilieet
993 2059 1112 2146 iuxta
1146 2055 1453 2146 fundationem
1478 2057 1648 2146 dimidii
1672 2058 1878 2146 beneficii
1912 2059 2082 2146 Cortia'·

593 2183 754 2268 Heraia
799 2179 1018 2271 Sacerdoti
1064 2179 1294 2282 llelitensi,
1338 2196 1381 2268 et
1424 2181 1599 2270 alterius
1642 2180 1814 2270 dimidii
1857 2180 2082 2272 Sacerdoti

594 2302 871 2393 Gaudisiensi
908 2303 1028 2424 (nam
1061 2302 1118 2390 ‹le'
1149 2303 1244 2391 aliis
1267 2301 1424 2390 duobus
1457 2303 1624 2419 exiguis
1659 2303 1810 2420 legatis
1845 2303 1927 2420 piis
1962 2303 2079 2422 loqui

595 2457 683 2514 non
719 2440 907 2542 oportet,
934 2459 958 2514 a
991 2425 1173 2515 saeculis
1206 2425 1424 2531 extinctis,
1453 2443 1497 2514 ut
1515 2425 1749 2515 habetura
1776 2427 2079 2516 Decisionibus

596 2549 840 2654 llotalibus,
867 2549 1096 2664 deperdito
1131 2549 1309 2637 nomine
1343 2549 1658 2668 applicatisque
1679 2549 1929 2639 redditibus
1952 2550 2082 2638 alter-

597 2671 685 2759 utri
738 2671 955 2762 beneficio
990 2673 1337 2760 Annuntiotionis
1371 2691 1415 2760 et
1448 2673 1815 2789 Curtia-Herrin):
1843 2673 2081 2762 aliudesse

595 2793 710 2882 dicta
743 2793 959 2883 beneficia
994 2794 1163 2883 adnexa
1197 2825 1284 2881 non
1319 2797 1504 2883 existere
1544 2797 1627 2882 sub
1660 2793 1957 2884 iurisdictione
1997 2798 2081 2884 tte-

595 2916 774 3004 levitani
802 2916 1019 3033 Episcopi,
1046 2918 1112 3004 cui
1150 2936 1384 3036 propterea
1419 2919 1485 3006 ius
1520 2919 1641 3008 haud
1676 2934 1895 3034 competat
1944 2917 2082 3036 depu-

594 3041 714 3130 tandi
749 3039 1167 3129 Administratorem
1203 3057 1246 3127 et
1278 3039 1580 3129 institutionis.

720 3161 898 3280 Quippe
932 3163 1055 3278 pium
1091 3165 1283 3278 legatum
1319 3164 1667 3262 Cortice-Herma,
1695 3163 1757 3250 uti
1794 3163 1876 3250 alia
1899 3161 2004 3268 duo,
2047 3163 2082 3250 si

596 3283 739 3372 adhuc
772 3287 1025 3388 existerent,
1053 3317 1078 3374 a
1110 3286 1399 3376 remotissimo
1424 3295 1622 3404 ternpore
1645 3303 1838 3374 erectum
1863 3285 1944 3373 luit
1971 3286 2013 3372 in
2032 3286 2084 3372 ti-

596 3409 738 3494 tulum
761 3439 1111 3526 conversumque
1133 3409 1309 3498 decreto
1333 3411 1565 3498 erectionis
1581 3410 1738 3502 Curiae
1764 3409 1807 3496 in
1826 3437 1982 3497 verum
2010 3409 2083 3495 be-

481 3576 484 3582 ·
593 3527 1176 3633 neficiumecclesiasticum,
1216 3533 1450 3620 accedente
1489 3563 1669 3650 quoquo
1687 3563 1900 3619 consensu
1941 3547 2083 3650 patro·

594 3683 769 3754 norum,
818 3653 923 3743 alias
969 3653 1251 3740 llolcvitunus
1284 3655 1461 3742 Praesul
1496 3654 1744 3772 iusingulis
1784 3654 2078 3742 vacationibus

594 3777 896 3865 Oecouornum
920 3775 1133 3893 deputare
1157 3777 1422 3893 nequivisset
1445 3793 1490 3865 ct
1514 3777 1801 3895 praesentatis
1824 3778 1931 3865 dare
1954 3807 2080 3864 cano·

597 3899 738 3984 nicam
765 3898 1103 3988 institutionem.
1132 3901 1177 3985 ln
1204 3900 1355 4014 legatis
1377 3899 1649 4017 simplicibus
1676 3902 1898 3988 Missurum
1934 3897 2083 3988 omnia

537 4067 539 4072 .
597 4039 696 4107 sunt
731 4051 864 4134 penes
897 4021 1153 4110 haeredem.
1183 4023 1260 4110 llic
1283 4024 1479 4110 nominat
1501 4021 1906 4128 Administratores;
1934 4023 2085 4140 Capel-

597 4142 702 4246 lani,
729 4142 935 4230 mulieres
966 4145 1253 4262 quaudoque,
1281 4147 1404 4262 pueri
1440 4163 1571 4267 atque
1606 4147 1793 4253 uxorati,
1835 4147 1975 4232 solum
2010 4175 2085 4265 pa-

598 4282 770 4351 troilum
808 4265 849 4351 in
885 4266 1141 4354 investitura
1176 4288 1427 4384 agnoscunt,
1481 4301 1627 4388 neque
1675 4267 1761 4358 ulla
1812 4267 2084 4388 indigentia

597 4387 836 4504 adeptione
871 4389 1152 4506 possessionis
1185 4395 1391 4479 canonica
1417 4393 1709 4482 institutione.

720 4511 849 4622 Quod
884 4512 917 4599 si
952 4513 1144 4628 legatum
1181 4515 1301 4630 {rium
1329 4517 1523 4603 converti
1549 4515 1742 4634 oportuit
1766 4516 1808 4603 in
1834 4546 1986 4603 verum
2011 4517 2086 4603 be-

597 4629 801 4720 nelicium
816 4635 1171 4739 ecclesiasticum,
1200 4654 1324 4754 urget
1339 4639 1569 4743 Defensor,
1589 4641 1776 4757 plurima
1798 4639 1883 4726 iam
1905 4669 2086 4727 coneur-

595 4773 714 4857 runt,
746 4775 791 4843 ut
807 4757 912 4846 liaeo
924 4787 1102 4877 qunque
1114 4761 1274 4848 erectio
1290 4762 1332 4847 in
1348 4761 1533 4848 Ecclesia
1557 4762 1805 4852 Cathedrali
1823 4763 2084 4852 lllelcvitana

596 4876 708 4965 lacta
743 4899 987 4970 cernentur:
1022 4883 1179 4996 primo,
1214 4883 1315 5000 quia
1353 4885 1422 4971 illa
1459 4885 1644 4972 Ecclesia
1664 4901 1726 4972 est
1761 4885 1901 4973 maior
1933 4886 2085 4973 unicae

595 5013 700 5087 tarne
733 5003 972 5092 Dioocesis:
998 5003 1189 5103 sectando,
1216 5005 1320 5124 quia
1354 5007 1581 5098 Smeralda
1616 5007 1810 5096 Bordino
1843 5039 1945 5098 carm
1992 5008 2084 5094 vico

596 5123 794 5238 Vagnulo
828 5127 1121 5216 condiderunt
1154 5131 1376 5246 Capellam
1415 5133 1763 5220 Anruartiotionis
1814 5131 1857 5218 in
1894 5129 2085 5219 Ecclesia

595 5247 842 5372 Catlrurlrali
878 5251 1107 5350 lllelitensi,
1137 5253 1285 5370 ibique
1318 5273 1553 5344 erexerunt
1576 5257 1658 5342 sub
1680 5254 1761 5342 lroc
1796 5255 1974 5343 nomine
2007 5253 2085 5341 be·

594 5369 823 5460 hesicium:
851 5376 990 5472 tertio,
1016 5377 1119 5493 quia
1156 5375 1392 5491 Vagnolius
1424 5378 1561 5466 voluit
1585 5379 1629 5466 in
1656 5395 1914 5466 testamento
1938 5381 2085 5469 Sacer-

598 5490 748 5581 dotem
782 5493 1051 5586 Melitensem
1087 5499 1311 5587 culebrare
1348 5503 1489 5590 llissas
1522 5499 1726 5590 beneficii
1750 5499 2081 5590 Curtia-Horren
