4446 6330
532 323 592 412 aa
989 257 1070 406 ou
1101 321 1162 408 aa
1194 317 1391 408 ranam-a
1425 317 1564 406 tare.

658 442 1120 532 Animadvertendum
1157 442 1338 531 ulterius
1373 441 1494 562 quod
1537 439 1592 528 ad
1638 439 1899 558 Episcopum
1939 472 2023 534 uua

528 600 627 657 cum
674 567 875 686 Capitulo
919 581 1086 682 spectat
1129 581 1320 657 statuere
1370 595 1588 686 quaenam
1626 564 1771 677 portio
1805 561 2024 652 distribu-

531 691 703 780 tionum
737 689 896 808 cuique
930 692 1074 778 Horae
1096 692 1347 795 canonicae,
1378 688 1540 775 Divino
1563 684 1712 776 Officio
1737 701 1782 774 et
1814 685 2029 776 Ecclesia·

532 815 662 902 sticae
696 813 910 902 lunctioni
944 813 1203 929 assignanda
1236 814 1305 916 sit,
1343 809 1721 934 quemadmodum
1760 809 1894 900 tradit
1933 811 2023 898 Mo·

529 955 622 1026 ueto
659 939 723 1023 Dc
769 936 990 1024 distribut.
1037 935 1202 1052 pontid.
1259 955 1374 1052 port.
1418 935 1448 1022 ⁶2
1487 951 1643 1050 quaest.
1692 935 1720 1020 3
1770 965 1884 1020 auor.
1942 935 2018 1024 t5.

532 1061 664 1178 arqui
698 1059 1039 1149 Constitutiones
1073 1059 1363 1173 Capitolares‚
1389 1089 1503 1176 quae
1537 1089 1668 1144 onam
1705 1073 2023 1177 punctaturam

526 1200 722 1272 statuunt
755 1215 834 1302 pro
856 1183 1063 1270 llatutino
1087 1198 1130 1268 et
1156 1182 1379 1274 Laudibus
1415 1211 1440 1269 a
1475 1181 1681 1298 Capitulo
1703 1180 1957 1270 elaboratae
1981 1199 2025 1270 et

528 1307 587 1396 ab
620 1305 857 1396 Ordiuario
910 1306 1183 1425 approbatae
1234 1307 1432 1406 luerunt,
1482 1306 1547 1392 cui
1591 1310 1844 1392 mandatnm
1895 1321 1956 1392 est
2001 1337 2027 1394 a

525 1429 791 1518 Tridentiuo
815 1462 909 1516 sess.
929 1431 980 1517 at
1014 1462 1049 1514 c.
1067 1432 1111 1534 3,
1133 1427 1183 1514 dc
1208 1429 1365 1549 1101.οι
1388 1427 1430 1516 iu
1456 1426 1791 1518 Catbedralibus
1814 1445 1856 1514 et
1879 1427 2027 1517 Colle·

528 1553 656 1671 glatis
672 1551 866 1642 Ecclesiis
885 1555 1054 1640 tertiam
1078 1552 1299 1641 lroctoum
1322 1565 1490 1669 partem
1514 1552 1554 1638 iu
1570 1551 1906 1638 distributiones
1923 1580 2030 1672 quo·

533 1675 722 1764 tidianas
740 1693 998 1764 convertant
1016 1693 1147 1793 atque
1165 1677 1341 1764 easdem
1356 1672 1786 1790 proportio-nobiliter
1803 1672 2020 1762 dividant.

441 1896 445 1906 ,
535 1803 647 1916 Ergo
681 1829 778 1888 cum
815 1797 866 1886 ad
906 1799 1007 1886 iuris
1043 1798 1235 1888 tramites
1269 1798 1377 1888 lacta
1423 1829 1445 1884 a
1479 1797 1876 1888 tirrnstitutionibus
1912 1827 2026 1914 pun-

531 1940 801 2012 ctaturaruur
839 1919 995 2010 divisio
1030 1922 1271 2026 videatur,
1327 1924 1417 2038 ipse
1468 1921 1676 2009 articulus
1725 1937 1837 2010 esset
1886 1918 2027 2008 susti-

528 2045 718 2134 nendus.
760 2047 817 2130 Eo
855 2045 921 2134 vel
959 2046 1095 2162 magis
1129 2047 1230 2163 quia
1263 2042 1534 2134 cousuetudo
1580 2045 1838 2132 earumdem
1873 2043 2027 2133 lavore

526 2169 702 2270 militat,
743 2197 855 2286 quae
893 2185 999 2257 teste
1035 2169 1197 2254 Mouetu
1234 2169 1312 2256 loc.
1351 2170 1424 2257 011.
1455 2185 1610 2284 000001.
1641 2168 1698 2254 12
1732 2169 1934 2254 000013
1967 2167 2025 2254 el·

529 2291 662 2381 licere
699 2293 812 2378 valet
864 2308 909 2380 ut
958 2292 1287 2380 distributiones
1322 2293 1595 2410 assignentur
1630 2291 1917 2411 inaequaliter
1950 2291 2031 2378 bo-

530 2417 587 2504 ris
620 2415 855 2516 canonicis,
893 2433 935 2504 et
969 2415 1261 2533 quianullum
1287 2415 1781 2530 exbaceomputatione
1809 2415 2025 2504 damnum

529 2540 739 2657 persentit
775 2539 894 2626 chori
930 2541 1173 2644 servitium,
1195 2571 1293 2627 eum
1330 2541 1571 2630 Canouiros
1605 2537 1896 2654 promptiores
1930 2535 2030 2624 red-

528 2661 604 2750 dat
637 2661 691 2749 ad
726 2661 857 2750 cltoro
891 2661 1274 2751 interveniendum
1313 2662 1354 2750 in
1390 2661 1618 2779 principio,
1658 2692 1712 2748 ne
1747 2693 1824 2778 pro
1860 2663 2027 2778 integro

533 2787 648 2872 Hora
676 2803 898 2902 tamqnam
923 2787 1125 2874 absentes
1149 2788 1404 2874 multentur.
1491 2835 1497 2848 ·

655 2908 806 2996 liciata
840 2925 988 2998 autem
1025 2911 1079 3000 ad
1118 2911 1161 3000 id
1196 2911 1315 3027 quod
1364 2911 1601 3028 Episcopus
1640 2907 1819 3028 exponit
1855 2910 1896 2992 io
1944 2937 2021 2992 sno

530 3033 685 3134 dubio,
728 3063 813 3118 uua
850 3030 958 3122 idest
994 3049 1254 3152 punctatura
1282 3035 1475 3135 multari,
1504 3031 1580 3152 qui
1605 3033 1729 3120 abest
1759 3060 1784 3116 a
1819 3029 2023 3118 11150001-

529 3154 659 3274 gillae
693 3155 761 3240 vel
798 3155 945 3260 leriae,
996 3157 1064 3246 vel
1098 3157 1154 3243 ab
1189 3189 1237 3244 eu
1273 3189 1442 3274 quaea
1484 3156 1763 3246 testatoribus
1809 3153 2023 3270 praescri·

530 3295 603 3396 pta
621 3279 691 3380 sit,
729 3275 949 3396 simulque
972 3280 1030 3368 ab
1053 3283 1168 3366 Hora
1194 3281 1257 3368 bis
1283 3281 1416 3372 Missis
1446 3281 1753 3398 praecedente,
1793 3277 1837 3365 id
1870 3275 2024 3396 peragi

529 3432 656 3520 posse.
677 3431 732 3488 ex
754 3403 1071 3494 consuetudine
1095 3403 1284 3490 videtur.
1306 3405 1478 3492 Etenim
1516 3404 1548 3492 si
1584 3435 1634 3492 ea
1668 3403 1780 3492 duee
1816 3398 1909 3488 lieri
1946 3431 2025 3518 po-

533 3541 630 3626 test,
671 3527 790 3612 iuxta
823 3557 872 3613 ea
906 3557 1020 3644 qnae
1054 3525 1188 3613 tradit
1215 3527 1377 3614 Moneta
1411 3527 1487 3616 100.
1516 3529 1590 3614 011.
1608 3557 1711 3644 por.
1743 3526 1773 3612 E
1813 3525 2023 3640 quaest.3

528 3679 647 3747 1000.
671 3649 730 3736 15
758 3663 803 3736 01
826 3653 991 3764 possint
1031 3649 1212 3767 quidem
1247 3650 1452 3768 assignari
1497 3683 1649 3738 orarucs
1684 3648 2024 3737 distributiones

533 3772 662 3859 totius
701 3771 788 3858 diei
826 3772 1048 3889 aliquibus
1072 3773 1213 3874 Horis,
1235 3774 1397 3890 quibus
1421 3773 1453 3860 si
1478 3776 1574 3891 quis
1604 3772 1855 3862 interloerit
1872 3799 2027 3858 omues

532 3895 646 3981 illius
682 3895 767 3982 diei
805 3895 1014 4013 acquirat,
1052 3895 1216 4014 ambigi
1261 3927 1345 3985 nou
1399 3929 1519 4014 posse
1569 3899 1763 4000 videtur,
1784 3894 2024 4014 quominus

531 4051 584 4107 cx
611 4049 659 4104 ea
686 4017 780 4104 fiori
816 4037 1020 4139 nequeat,
1040 4039 1083 4106 ot
1110 4049 1195 4106 uno
1231 4037 1389 4135 puncto
1409 4021 1618 4110 multetur
1641 4022 1714 4140 qui
1739 4035 1783 4106 et
1809 4017 2023 4106 nutrciatis

540 4140 678 4230 Missis
713 4143 917 4229 otH0rac
957 4144 1234 4260 praecedeuti
1277 4144 1458 4232 minime
1501 4177 1705 4260 praesens
1745 4142 1889 4241 luerit;
1926 4168 2025 4228 cum

531 4263 623 4381 ipsa
636 4258 701 4350 'sit
726 4293 879 4380 parom
903 4267 1227 4384 praeindieinlis
1251 4269 1480 4372 Ecclesiae,
1499 4268 1614 4356 baud
1638 4281 1715 4356 suo
1734 4264 1925 4354 subinde
1946 4263 2021 4354 de·

530 4387 680 4476 stituta
728 4389 884 4477 robore
934 4391 1079 4507 prouti
1129 4408 1222 4508 post
1276 4408 1442 4480 textum
1495 4391 1539 4478 iu
1591 4394 1698 4509 Cup.
1741 4392 1840 4476 Cum
1887 4419 2025 4474 omues

533 4509 584 4598 de
619 4509 797 4598 Coustr't.
850 4515 975 4601 tradit
1001 4513 1112 4601 Alb.
1146 4514 1188 4602 in
1226 4515 1369 4630 Capit.
1416 4519 1432 4600 1
1489 4517 1531 4602 10
1564 4517 1753 4631 princip.
1794 4531 1831 4598 et
1868 4514 1910 4596 1η
1940 4511 2024 4632 fiae

533 4635 583 4722 dc
621 4634 873 4723 Consuetud.
916 4637 1103 4725 Foderr'c.
1148 4639 1210 4722 De
1247 4638 1364 4725 Seut's
1397 4671 1507 4726 cous.
1547 4640 1654 4728 l85.
1693 4637 1877 4727 llaxlme
1915 4661 2022 4722 vero

539 4761 641 4878 quia
675 4791 727 4844 ex
763 4759 841 4846 boc
883 4789 983 4846 com
1035 4761 1202 4848 nullum
1250 4769 1387 4882 nsque
1430 4764 1573 4853 adbuc
1617 4779 1847 4880 exprcrtum
1896 4757 2026 4846 luerit

534 4881 863 4983 inconveniens,
904 4883 1020 4972 nulla
1056 4885 1165 4971 ratio
1211 4885 1419 4973 suaderet
1461 4891 1947 5001 immutationem,quae
1980 4895 2024 4968 et

539 5004 827 5094 dissentiones
861 5021 904 5092 et
937 5005 1075 5125 iurgia
1112 5007 1151 5093 iu
1189 5009 1387 5126 Capitulo
1422 5041 1579 5129 parcre
1617 5027 1807 5128 possent.

656 5131 743 5218 Nec
776 5159 896 5218 secus
931 5129 1167 5220 dicendum
1202 5133 1443 5228 dc,altero
1494 5134 1678 5222 articulo
1711 5135 1794 5222 sub
1828 5159 1951 5220 nom.
1990 5129 2018 5216 7

531 5252 574 5342 iu
610 5265 708 5370 000
732 5253 820 5338 (100
853 5270 1011 5342 statuta
1047 5257 1342 5376 reperiuntur:
1368 5255 1411 5343 1ο
1445 5257 1567 5375 quod
1600 5257 1804 5346 Canonici
1846 5285 1924 5371 per
1956 5250 2025 5340 bi·

530 5393 692 5464 mestre
722 5377 926 5464 absentes
962 5411 984 5465 a
1019 5381 1151 5468 choro
1187 5379 1430 5499 percipiant
1453 5381 1799 5485 distributiones;
1824 5379 1874 5468 2⁰
1896 5371 2017 5496 quod

530 5517 692 5616 puncta
727 5501 960 5618 perHoras
993 5517 1035 5588 et
1085 5503 1265 5592 minime
1300 5535 1380 5620 per
1414 5503 1507 5592 dies
1543 5505 1788 5622 computari
1832 5504 2018 5594 debent.
