4558 6340
476 423 494 479 s
556 352 647 440 l9lt
897 345 899 350 ⁵
1027 352 1108 438 Die
1140 351 1202 438 26
1233 347 1409 466 Aprilis
1442 349 1579 440 l879.
1643 391 1647 398 ·

549 475 725 566 excludi
761 491 899 592 potest
932 477 1251 564 consummatio
1286 475 1571 576 matrimonii,
1613 473 1780 591 quippe
1828 505 1944 592 quoe
1977 509 2051 592 op-

547 599 813 718 portunitate
853 599 1049 714 temporis
1075 611 1206 714 atque
1243 597 1324 683 loci
1357 599 1462 686 alias
1496 598 1757 713 opitulante,
1786 597 1918 686 etiam
1952 601 2051 688 abs-

552 752 640 843 que
673 722 932 812 carumdem
967 721 1397 810 circumstantiarum
1430 721 1767 809 cohabitationis
1789 737 1833 806 et
1864 723 2048 811 condor-

549 845 742 932 mitiouis
775 845 1086 934 commoditate¹
1121 843 1270 962 perlici
1308 861 1466 960 potest.
1493 843 1626 957 Quod
1679 859 1829 932 autem
1865 845 1909 929 in
1943 877 2044 934 casu

552 968 634 1056 ho'c
669 987 815 1056 nostro
840 985 1094 1088 praenotata
1114 967 1418 1084 opportunitas
1439 969 1657 1070 subiisset,
1686 967 1940 1054 nullatenus
1963 999 2053 1056 am·

551 1091 643 1208 bigi
679 1121 822 1208 posse,
849 1092 893 1178 in
931 1091 1160 1208 propatulo
1194 1107 1345 1180 estex
1379 1090 1656 1208 depositione
1706 1090 1885 1178 alterius
1930 1093 2051 1180 testis

553 1216 629 1332 qui
684 1217 804 1300 omni
849 1215 936 1302 lldo
974 1213 1257 1328 dignissimus
1295 1245 1349 1304 ex
1388 1217 1467 1304 hoc
1517 1213 1771 1302 retinendus
1818 1229 1914 1314 cst,
1959 1230 2050 1303 tum

550 1337 741 1455 quiade
774 1337 887 1458 sacto
912 1338 1094 1452 proprio
1133 1331 1334 1454 deponit,
1364 1356 1456 1426 tum
1492 1339 1595 1458 quia
1631 1335 1697 1424 vir
1729 1335 1974 1452 Religiosus
2005 1353 2049 1426 et

551 1461 768 1578 probatae
800 1459 1150 1563 existimationis
1178 1475 1272 1548 tum
1306 1463 1411 1578 quia
1446 1479 1674 1578 praeterea
1698 1492 1722 1547 a
1746 1461 1926 1546 nemine
1948 1491 2046 1548 cou-

556 1581 787 1671 tradictus.

680 1707 757 1794 23.
797 1709 868 1794 Est
902 1707 1020 1794 enim
1054 1705 1206 1793 Rridus
1240 1708 1310 1792 Fr.
1339 1707 1550 1822 Iosephus
1584 1709 1749 1795 llorteo
1783 1737 1837 1794 ex
1876 1705 2051 1793 Minori-

554 1830 641 1917 bus
675 1831 1024 1918 Observantihus
1056 1831 1102 1920 S.
1141 1829 1352 1919 Francisci
1388 1829 1658 1930 Assisieusis,
1680 1829 1757 1950 qui
1792 1829 2048 1918 celebratio·

552 1954 598 2040 ni
635 1953 891 2070 nuptiarum
944 1953 1062 2042 testis
1114 1952 1339 2057 interfuit,
1395 1971 1439 2039 et
1484 1954 1561 2074 qui
1611 1953 1822 2069 deinceps
1858 1985 1881 2038 a
1915 1953 2051 2040 lratre

552 2105 757 2192 sponsae,
794 2076 1027 2167 Sacerdote
1060 2073 1237 2163 hiculao
1272 2076 1517 2179 invitatus,
1558 2077 1765 2192 nuptialis
1801 2073 2050 2162 relectionis

553 2197 874 2314 comparticeps
909 2201 1007 2288 luit.
1047 2201 1107 2284 Ex
1155 2199 1288 2316 ipsius
1339 2231 1469 2316 porro
1521 2201 1791 2301 testimonio,
1830 2213 1963 2314 atque
1997 2229 2052 2284 ex

554 2321 649 2408 aliis
683 2350 830 2409 rerum
864 2323 1215 2424 circumstantiis,
1253 2355 1332 2410 ccu
1369 2351 1471 2410 mox
1504 2322 1773 2424 ostendetur,
1802 2320 2051 2408 luculentis·

554 2443 665 2532 sime
699 2444 932 2548 evincitur,
961 2444 1081 2566 quod
1106 2445 1252 2564 aliquo
1286 2446 1373 2534 diei
1399 2443 1582 2532 notabili
1611 2445 1859 2547 intervallo,
1889 2444 2052 2560 impor-

554 2584 661 2654 tuno
694 2570 850 2686 quovis
887 2587 1009 2670 teste,
1048 2570 1140 2656 sive
1174 2567 1516 2686 consanguineo,
1555 2567 1646 2656 sive
1680 2569 1838 2670 amico,
1876 2565 2049 2654 sivela·

553 2689 715 2778 miliari
750 2707 951 2796 retnoto,
991 2691 1130 2779 libere
1178 2709 1222 2778 et
1274 2690 1589 2807 percommode
1621 2691 1770 2807 spousi
1804 2687 2050 2782 conversati

555 2829 674 2902 sunt.
727 2815 926 2902 lamvero
972 2815 1266 2931 interrogatus
1317 2816 1558 2930 Religiosus
1592 2847 1616 2902 a
1652 2815 1795 2902 iudice
1846 2812 2047 2929 delegato

561 2977 577 3014 ι
618 2936 687 3022 An
723 2955 968 3051 cognoscat,
1006 2969 1186 3054 sponsos
1220 2937 1350 3027 simul
1385 2940 1442 3026 ab
1478 2939 1661 3026 Ecclesia
1697 2936 1880 3027 domum
1902 2964 2049 3021 rever·

560 3099 576 3138 ‹
616 3057 722 3146 sos?
759 3059 1027 3176 llespondet:
1063 3065 1241 3149 -llaec
1275 3063 1446 3177 ignoro.
1485 3061 1707 3150 Recordor
1745 3077 1914 3161 tamen,
1953 3071 2049 3176 post

560 3223 576 3258 ι
616 3181 832 3299 praedicti
870 3185 1136 3272 matrimonii
1171 3185 1514 3273 celebrationem
1539 3186 1734 3274 EODEM
1758 3187 1854 3272 Dll]
1892 3211 1963 3270 me
1986 3181 2050 3266 iu-

562 3345 580 3384 «
619 3305 805 3392 vitatum
842 3305 973 3398 luisse
1008 3341 1032 3396 a
1065 3325 1262 3396 conteste
1309 3309 1441 3396 lratre
1491 3307 1739 3425 praedictae
1775 3304 2051 3396 Violantinae

564 3425 678 3514 «ad
718 3430 923 3546 poculum
975 3433 1062 3519 vini
1104 3431 1351 3520 bibendum
1393 3432 1513 3518 domi
1567 3447 1775 3546 paternae
1827 3456 2048 3518 unacum

562 3588 579 3630 ι
619 3551 804 3665 sponsis,
842 3555 964 3644 llanc
997 3555 1179 3644 domurn
1216 3555 1332 3642 illico
1367 3554 1473 3672 petii
1496 3555 1609 3642 UNA
1645 3556 1758 3644 CUM
1794 3549 2048 3641 lNVlTAN·

562 3713 579 3754 ι
618 3675 690 3760 ΤΕ-
726 3677 777 3762 ll.
815 3677 991 3765 Nicoluo
1027 3678 1247 3770 ,lrduini,
1285 3681 1378 3765 Ulll
1415 3679 1614 3766 REPElll
1646 3677 1915 3778 SPONSOS‚
1956 3673 2049 3759 ΑΒ·

561 3835 578 3875 ι
618 3799 793 3886 SENTE
829 3804 1014 3892 PnTttE
1049 3803 1451 3902 vlotaNTtNrtIn
1491 3802 1735 3919 haustoque
1771 3799 1891 3900 vino,
1929 3795 2047 3884 aliis-

564 3955 581 3994 «
621 3949 708 4035 que
738 3921 930 4011 bellariis
963 3925 1020 4013 de
1052 3925 1393 4025 circumstantia,
1415 3923 1564 4011 audiri
1599 3957 1622 4012 a
1659 3923 1955 4041 praedictoll‘.
1977 3917 2050 4006 Ni-

566 4080 583 4118 «
621 4040 743 4130 colao
766 4044 912 4150 fratre,
940 4077 1148 4165 sponsum
1174 4047 1287 4135 illico
1311 4023 1594 4138 reve'rsururn
1629 4050 1801 4139 Saleam
1835 4064 1878 4134 et
1920 4073 2049 4132 com-

570 4203 586 4240 ·
626 4183 898 4255 moraturum
951 4171 1069 4259 domi
1117 4203 1220 4260 suae
1260 4171 1312 4260 ad
1358 4171 1573 4260 curandas
1611 4172 1885 4260 necessitates
1922 4163 2050 4252 lami·

568 4325 586 4366 c
626 4287 726 4392 liae,
764 4320 907 4410 neque
940 4293 1116 4384 interim
1150 4326 1250 4384 cum
1284 4327 1443 4414 sponsa
1467 4293 1800 4382 matrimonium
1834 4321 1928 4381 esse
1949 4317 2050 4379 con-

570 4447 588 4486 «
627 4433 955 4504 summoturum
992 4459 1031 4502 ι.
2088 4433 2091 4444 ’

689 4537 765 4624 et.
805 4541 934 4630 Haud
981 4541 1162 4660 quidem
1208 4542 1395 4630 arduum
1434 4543 1661 4660 negotium
1704 4561 1769 4630 est
1818 4535 2049 4631 ostendere

564 4685 618 4744 ex
653 4657 734 4748 hoc
767 4664 1033 4767 testimonio,
1071 4665 1194 4786 quod
1238 4694 1319 4782 per
1362 4667 1557 4754 notabile
1592 4666 1801 4782 temporis
1837 4663 2047 4782 spatium,

567 4777 687 4868 nullo
721 4799 845 4890 teste,
891 4789 1101 4908 nullaque
1132 4805 1362 4908 praesente
1412 4817 1612 4906 persona,
1660 4789 1754 4876 sive
1797 4789 2047 4882 coniuncta,
2109 4833 2113 4840 ·

566 4901 658 4990 sive
691 4924 915 5015 extranea,
971 4929 1072 4998 tunc
1118 4915 1242 5004 sott
1292 4915 1440 5030 sponsi
1474 4911 1519 4999 in
1553 4911 1823 5000 habitatione
1855 4903 2051 4998 mulieris
2182 5027 2185 5032 .

566 5034 810 5120 conversati
843 5051 945 5124 suut
980 5052 1076 5153 post
1109 5035 1297 5153 nuptias.
1336 5037 1387 5121 tlt
1419 5065 1467 5122 re
1500 5033 1682 5152 quidem
1718 5065 1846 5138 vera,
1882 5041 2048 5120 constat

567 5148 719 5267 utique
748 5157 867 5274 quod
903 5158 1144 5261 recreatio,
1182 5159 1226 5246 iu
1260 5191 1346 5278 qua
1379 5156 1621 5275 Religiosus
1655 5157 1773 5248 testis
1812 5153 2043 5252 consedit,

565 5295 717 5388 parata
750 5280 832 5368 luit
865 5281 1021 5370 eodem
1054 5283 1146 5387 die,
1183 5313 1270 5402 quo
1306 5281 1633 5370 matrimonium
1666 5282 1938 5371 celebratum
1962 5290 2042 5378 cst3

560 5393 656 5509 ipsa
690 5417 835 5492 tamen
870 5405 1047 5496 relectio
1080 5405 1252 5494 nonnisi
1286 5435 1420 5524 quam
1471 5405 1786 5522 pomeridianis
1836 5401 1953 5491 horis
1987 5397 2048 5484 lo·

564 5545 666 5608 cum
699 5525 872 5633 habuit,
908 5549 952 5618 et
984 5529 1127 5619 lorsau
1159 5531 1244 5620 sub
1275 5529 1549 5648 crepusculo.
1585 5531 1715 5620 Sacro
1738 5555 1933 5648 namque
1966 5519 2053 5610 ritu
