4446 6330
522 310 585 409 El
983 299 1065 406 Die
1096 297 1157 398 25
1191 293 1388 394 Ianuarii
1421 291 1560 388 rste.

506 431 607 528 bori
641 426 785 534 inutili
818 423 1091 528 valedixere,
1130 416 1372 520 celerantes
1405 417 1516 518 hanc
1542 411 1753 509 unionem
1776 441 1872 508 esse
1898 412 2023 512 inter

515 587 590 646 eos
623 550 850 656 moraliter
884 543 1226 664 impossibilem.

610 771 615 782 ,
640 677 689 768 6,
724 674 849 770 Hisce
876 668 1086 765 omnibus
1118 665 1163 758 iu
1186 695 1349 766 vanum
1373 660 1585 780 impensis
1608 657 1845 754 conatibus
1869 659 1934 754 ad
1959 660 2027 752 in-

518 797 794 900 dividualem
838 791 1083 891 maritalem
1117 787 1488 891 coniunctionem,
1526 783 1901 901 vidensbponsua
1924 785 2028 876 nul-

518 923 606 1015 lnm
642 920 682 1010 ei
716 943 941 1036 superesse
973 913 1128 1018 viam,
1165 942 1279 1030 quae
1326 941 1434 1002 snae
1465 905 1716 1010 afflictioni,
1753 906 2022 1002 calamitati·

519 1075 607 1166 qnc
647 1041 867 1134 medelam
890 1035 1049 1128 allerra
1086 1049 1248 1154 posset,
1272 1063 1408 1152 quam
1432 1033 1488 1124 ad
1512 1029 1864 1128 Sacratissimum
1890 1031 2027 1122 Prin·

520 1169 663 1284 ripam
698 1189 924 1261 recursum
957 1159 1140 1250 babere.
1180 1161 1247 1253 Dc
1280 1155 1392 1250 lacto
1424 1155 1498 1248 die
1529 1155 1590 1246 at
1623 1151 1721 1246 llaii
1753 1153 1877 1246 tata
1912 1183 2025 1272 sup·

521 1290 682 1409 plicem
736 1283 954 1374 Libellum
987 1281 1045 1388 ad
1079 1284 1190 1371 Eum
1231 1278 1492 1382 transmisit,
1532 1308 1620 1398 quo
1668 1291 1803 1368 totam
1852 1277 2031 1368 veridi-

521 1443 616 1508 cam
652 1407 738 1529 (l),
774 1408 852 1496 sed
888 1405 1057 1510 tristent
1093 1404 1271 1498 iliadem
1290 1433 1514 1505 enarrans,
1537 1400 1666 1492 enixe
1700 1399 2029 1519 humiliterque

380 1525 382 1532 ’
520 1533 858 1652 deprecabatur,
897 1545 943 1616 ut
986 1527 1208 1648 (praeviis
1240 1525 1641 1645 formalitatibussa
1673 1523 1718 1614 S.
1756 1523 2027 1616 Curionibus

520 1652 775 1775 requisitis)
811 1682 891 1770 pro
922 1681 1003 1742 sua
1035 1649 1311 1770 benignitate
1345 1649 1604 1767 dignaretur
1636 1677 1737 1742 eum
1763 1646 2031 1765 dispensare

522 1780 581 1872 ab
615 1776 725 1867 inito
774 1775 854 1866 boc
887 1773 1003 1876 malo
1038 1775 1231 1864 ominata
1271 1772 1492 1864 connubio
1530 1787 1625 1858 rato
1659 1786 1831 1862 tantum
1865 1787 1906 1860 et
1941 1801 2028 1860 non

522 1915 818 2002 consummato.
852 1899 910 2002 ll.
944 1897 992 1988 S.
1029 1897 1081 1990 E.
1116 1896 1287 2015 scripsit
1336 1896 1549 2015 Episcopo
1584 1925 1663 2015 pro
1707 1892 2027 1982 informatione

556 2052 636 2120 uae
668 2020 899 2123 Francisco
941 2051 1085 2140 aequa
1135 2019 1232 2110 suit.
1279 2019 1455 2111 Deinde
1495 2016 1731 2136 rescripsit,
1780 2016 2029 2108 Instruatur

522 2055 744 2248 d'rocessus
778 2141 836 2232 ud
867 2145 1056 2235 tramites
1088 2145 1328 2234 notissimae
1361 2143 1540 2232 Constit.
1565 2142 1610 2234 S.
1634 2147 1694 2230 M.
1722 2139 1876 2232 Bencd.
1905 2137 2033 2230 XIV

529 2309 546 2358 r
585 2267 670 2356 Dei
704 2265 1013 2356 Miserotione»
1042 2282 1081 2360 et
1101 2269 1224 2354 iuxta
1246 2267 1562 2356 [astructionem
1587 2265 1650 2354 tta·
1672 2295 1891 2352 annexum.
1920 2266 2030 2354 'l'er-

523 2391 584 2479 tio
620 2389 799 2478 tandem
836 2389 957 2480 iussit
988 2390 1274 2505 compleantur
1296 2390 1354 2478 ad
1381 2392 1570 2480 tramites
1604 2403 1806 2503 utsupra
1830 2387 1959 2476 Actu.

526 2498 550 2552 ‘
650 2513 696 2602 7.
735 2513 901 2606 Verum
935 2514 1163 2604 enimvero
1214 2514 1446 2606 tacendum
1479 2513 1549 2602 hic
1582 2511 1767 2602 minime
1801 2527 1903 2613 est,
1942 2507 2023 2598 sed

387 2727 390 2732 .
525 2633 677 2755 potius
704 2636 1042 2753 quammaxime
1080 2635 1357 2734 dolendum!
1408 2637 1661 2728 Eraneiscus
1713 2633 1890 2724 interim
1925 2647 2036 2750 post.

525 2757 794 2855 decennium
829 2789 854 2846 a
889 2758 1171 2846 matrimonio
1205 2762 1248 2848 in
1283 2759 1438 2852 facicm
1475 2758 1689 2850 Ecclesiae
1717 2788 1817 2850 cum
1841 2755 2027 2846 Violan-

524 2878 616 2972 tina
656 2893 895 2984 contracto,
935 2913 1020 2986 naon
1059 2881 1210 2974 valens
1244 2915 1323 3001 pro
1354 2915 1430 2974 sua
1468 2882 1652 2972 florente
1678 2897 1836 2983 aetate,
1858 2910 2027 2970 secon-

524 3002 684 3105 tiuere,
712 3001 1069 3122 adesperatiooe
1101 3007 1328 3124 abreptus,
1368 3025 1415 3096 ut
1449 3007 1511 3098 ait
1544 3006 1780 3124 Episcopus
1816 2999 1902 3124 (2),
1939 3003 2029 3092 ob-

524 3122 699 3214 tinendi
745 3129 836 3216 aS.
864 3129 978 3220 Sede
1012 3129 1292 3245 imploratam
1326 3129 1715 3250 dispensationem,
1753 3155 1853 3216 cnm
1884 3125 2026 3216 altera

523 3245 713 3350 muliere
746 3277 793 3334 se
836 3251 1025 3340 civiliter
1057 3254 1296 3371 copulavit,
1333 3283 1522 3374 quacum
1555 3251 1738 3340 biennio
1779 3249 1917 3339 vixit!

648 3367 766 3460 Nihil
804 3387 950 3463 tamen
985 3375 1132 3468 minus
1165 3377 1374 3468 Summus
1398 3375 1618 3480 Pontifex,
1642 3405 1697 3464 ne
1720 3375 1894 3462 animae
1915 3401 2029 3462 suae

523 3495 968 3599 curmconcresiue
1001 3515 1204 3616 pareant,
1243 3532 1407 3620 anper
1440 3515 1659 3621 quantum
1695 3499 1739 3586 in
1785 3527 1831 3586 se
1853 3510 1918 3586 est
1941 3495 2030 3586 sal-

409 3651 412 3658 ·
523 3647 606 3718 tue
635 3615 740 3722 rint,
777 3651 857 3738 Pro
891 3651 969 3710 sua
1000 3622 1200 3718 bonitate
1232 3625 1316 3718 sub
1350 3625 1423 3714 die
1440 3627 1502 3716 26
1544 3623 1689 3732 llartii
1711 3620 1926 3712 currentis
1949 3649 2026 3707 an·

522 3741 569 3830 ni
596 3739 794 3858 benigno
824 3744 981 3840 annuit
1015 3745 1209 3838 Oratoris
1243 3749 1464 3864 precibus,
1491 3783 1540 3842 ac
1561 3762 1851 3838 concurrente
1886 3741 2037 3860 ipsius.

522 3879 824 3981 paupertate,
880 3884 927 3968 ιιι
973 3870 1114 3960 Causa
1159 3873 1440 3964 oeconomice
1489 3885 1832 3990 pertractaretur
1873 3893 2023 3956 coram

526 3987 580 4072 ll.
615 3987 661 4074 S.
688 3985 758 4088 0.,
806 3985 1016 4079 adhibitis
1055 4009 1201 4081 tamen
1232 3995 1445 4115 Theologi
1479 4011 1522 4086 et
1560 3990 1821 4084 Canonistae
1855 3989 2018 4093 Votis,

525 4135 627 4208 cum
661 4107 1121 4218 animadversionibus
1146 4117 1343 4212 Vindicis
1366 4117 1631 4210 Matrimonii
1663 4147 1718 4206 ax
1741 4111 1907 4203 Officio.
1931 4113 2023 4198 De-

524 4260 615 4328 utto
646 4230 693 4324 S.
722 4231 785 4332 ll.
823 4235 877 4324 0.
915 4237 1129 4353 Episcopo
1154 4242 1384 4360 ⁴rescripsit
1416 4241 1703 4358 compleantur
1732 4237 1842 4326 Acta
1864 4252 1906 4324 et
1931 4235 2019 4349 ipre

523 4369 637 4448 curet
669 4352 887 4458 Oratorem
920 4363 1114 4475 separari
1146 4397 1172 4458 n
1204 4365 1393 4472 muliere,
1420 4397 1592 4485 quacum
1627 4362 1815 4452 ciuiliter
1850 4355 1931 4450 siti
1962 4387 2027 4446 co-

519 4475 675 4593 palare
703 4485 1006 4597 praesumpsit,
1044 4487 1165 4604 quod
1199 4487 1338 4580 ferme
1370 4491 1624 4578 Franciscus
1658 4483 1877 4604 promisit.

649 4599 697 4690 9·
734 4605 900 4698 morem
944 4607 1077 4726 gessit
1107 4610 1162 4700 ll.
1196 4611 1320 4706 S.,C.
1363 4612 1573 4714 Antistes,
1608 4628 1740 4729 atqua
1774 4638 1854 4725 per
1885 4631 2031 4725 quan-⁴

526 4723 697 4808 tamin
732 4755 779 4811 se
813 4743 920 4832 erat,
952 4731 1070 4848 egit:
1106 4746 1299 4824 attamen
1332 4751 1456 4852 pater
1494 4734 1790 4838 Violantinae,
1835 4744 1883 4816 ut
1914 4723 2028 4817 rele-

523 4859 645 4984 runt,
672 4863 865 4964 ιΡιΟιιῑθι
897 4867 1169 4952 sanentutem
1210 4887 1261 4950 aa
1313 4855 1406 4948 lere
1445 4857 1791 4966 imbecillitatem
1830 4853 2026 4960 minime

525 4967 759 5106 'lfttbunali
783 5001 844 5078 ,se
871 4973 1043 5078 sistitit.
1081 4977 1252 5097 Sponsa
1285 4995 1382 5097 post
1416 4981 1559 5074 varias
1590 4973 1797 5099 repetitas
1830 4975 2018 5066 intima·-

527 5101 667 5187 llfflles
701 5091 878 5202 landent
912 5099 1174 5218 comparuit.
1211 5103 1289 5200 sed
1337 5104 1500 5198 deinde
1533 5103 1846 5197 uadimonium
1895 5097 2027 5189 desc·

650 5336 717 5458 (l)
744 5342 891 5456 Epist.
932 5346 1010 5441 loc.
1046 5349 1122 5448 cit.

658 5459 873 5582 (statu.
