4460 6332
528 387 620 478 452
952 379 1036 470 Die
1066 383 1128 470 20
1157 377 1407 498 Septembris
1441 375 1577 470 t879.

983 669 986 681 ·
1055 607 1241 696 CAPUT
1274 606 1493 696 PlllllUlll

592 857 907 984 Matrimonium
942 897 967 949 o
998 861 1217 950 Solnotora
1249 860 1409 976 Grippi
1441 891 1530 946 cnm
1565 860 1806 950 Petronillo
1829 862 2048 981 Canopica·
2178 954 2182 963 ,

718 985 798 1074 lori
830 985 1076 1074 celebratum
1110 982 1270 1070 nnllam
1310 983 1396 1103 soit
1431 999 1608 1098 propter
1629 985 1851 1072 ‘dirimens
1888 993 2046 1102 impe-
2177 1018 2182 1059 ε

716 1109 941 1196 elimentum
975 1103 1195 1316 “ld'lll“ll⁸
1228 1103 1397 1192 monadi
1427 1103 1586 1222 proclus
1619 1139 1669 1193 mr
1702 1108 1853 1224 copulo
1890 1112 2036 1197 licita

717 1234 759 1318 in
796 1232 906 1320 lineo
943 1263 987 1318 ro
1011 1229 1185 1318 loteroli
1218 1227 1401 1346 nepotuli.

656 1478 987 1576 Matrimonium
1021 1505 1121 1566 enm
1155 1473 1210 1562 sit
1242 1473 1505 1564 foecundum
1540 1475 1768 1566 universae
1801 1479 2039 1567 societatis

534 1607 814 1732 principium,
854 1615 1004 1718 utpote
1036 1629 1115 1716 per
1163 1597 1303 1714 ipsum
1347 1597 1538 1687 humana
1571 1597 1738 1717 species
1769 1601 2023 1706 evolvitur,

536 1735 737 1828 homines
771 1722 1133 1840 multiplicantur,
1170 1751 1279 1836 opus
1312 1738 1376 1810 est
1410 1734 1455 1806 nt
1491 1721 1546 1808 ab
1571 1753 1621 1809 ea
1647 1740 1874 1838 potestate,
1901 1757 2030 1844 quae

533 1854 977 1966 divinitussuproma
1011 1861 1054 1932 ot
1088 1843 1346 1963 universalis
1379 1844 1611 1934 constituta
1646 1861 1725 1951 est,
1765 1847 1817 1934 iis
1848 1847 2033 1964 legibus

537 1979 775 2073 mamistan
812 1969 972 2090 quibus
1005 1965 1195 2085 dignitas
1228 1965 1388 2086 inqua
1423 1983 1591 2056 creator
1616 1971 1735 2056 Deus
1759 1970 1944 2058 instituit
1970 1969 2027 2056 il-

537 2101 630 2205 lud,
667 2123 888 2216 quamquo
921 2091 1099 2180 divinus
1138 2085 1411 2208 Redemptor
1455 2093 1844 2206 supernaturaliter
1878 2093 2031 2180 eleva·

539 2227 615 2329 vit,
655 2219 862 2308 inviolata
894 2229 1110 2304 servetur.
1159 2213 1196 2300 A
1243 2223 1359 2299 tanta
1400 2213 1673 2314 aemunitate,
1724 2215 1792 2304 cni
1827 2216 2029 2306 Christus

536 2339 732 2438 solvendi
781 2357 912 2456 atque
946 2335 1106 2454 ligandi
1141 2334 1265 2422 dedit
1297 2333 1568 2438 facultatem,
1607 2335 1821 2451 providae
1853 2337 2027 2428 consti-

541 2469 730 2558 tutiones
765 2495 842 2580 pro
876 2457 1261 2559 Christilrdclibus,
1299 2487 1408 2576 quos
1445 2458 1535 2573 ipsa
1567 2461 1678 2576 regit
1700 2476 1836 2578 atque¹
1865 2459 2026 2578 guber-

541 2609 629 2690 nat,
667 2599 943 2683 emanarunt,
982 2583 1142 2700 quibus
1191 2579 1384 2668 sancitae
1416 2595 1526 2669 serrat.
1558 2579 1830 2674 conditiones
1865 2584 2024 2670 obser-

541 2711 709 2802 vandae
745 2723 792 2796 ut
825 2707 972 2795 valide
1019 2702 1214 2818 contrahi
1266 2702 1399 2819 possit
1441 2705 1709 2821 coniugium,
1739 2703 2023 2793 sterilissima

540 2834 683 2928 carnis
716 2831 895 2920 libertas
930 2827 1247 2916 introducatur.

663 2957 780 3042 later
813 2949 1061 3042 huiusmodi
1087 2951 1342 3068 praecipuus
1360 2949 1631 3040 cerarditiones
1655 2949 1727 3040 illa
1751 2951 1794 3040 in
1821 2951 1903 3058 hoc
1923 2983 2020 3040 casu

546 3077 817 3200 respicienda
860 3093 939 3178 est,
976 3105 1090 3194 quae
1124 3072 1330 3188 prohihet
1365 3073 1691 3162 ruratrimonium
1741 3073 1952 3164 celebrari
1986 3091 2028 3160 et

544 3203 714 3296 dirimit
746 3199 1016 3288 celebratum
1050 3195 1164 3284 inter
1195 3193 1340 3284 affines
1377 3198 1588 3314 usquead
1613 3214 1815 3316 quartum
1841 3197 2025 3314 gradum

546 3328 619 3450 lex
655 3325 769 3412 licita
801 3320 975 3442 copula)
1012 3321 1055 3408 in
1089 3319 1203 3408 linea
1237 3319 1491 3408 collaterali.

668 3450 714 3536 ln
750 3445 1030 3534 Later·nnensi
1065 3442 1183 3532 enim
1217 3442 1398 3532 concilio
1430 3443 1514 3530 sub
1559 3443 1813 3532 lnnoccntio
1851 3445 1906 3530 ΙΙΙ
1941 3456 2023 3529 sta·

548 3590 690 3664 tutum
724 3585 788 3657 est
821 3565 939 3688 quod
980 3607 995 3642 ι
1035 3565 1404 3682 impedimentum
1440 3565 1826 3684 consanguinitatis
1857 3583 1904 3652 et
1936 3563 2028 3652 atti-

551 3739 567 3776 «
609 3694 755 3782 nitatis
797 3708 1004 3810 quartum
1038 3688 1223 3806 gradum
1265 3715 1348 3774 nort
1377 3687 1575 3777 excedat.
1602 3731 1617 3766 ι
1643 3685 2029 3804 lnlr'agradusigi-

545 3835 616 3916 tur
649 3813 865 3903 affinitatis
897 3812 1004 3901 citra
1038 3809 1224 3898 limitem
1259 3809 1572 3928 praescriptum
1605 3809 1871 3904 celebranda
1908 3825 2024 3896 vetat

548 3935 840 4038 rnatrimonia,
885 3953 927 4021 ot
960 3931 1130 4021 dirimit
1162 3947 1401 4028 contracta.
1439 3933 1502 4024 lta
1534 3935 1654 4023 enim
1678 3932 1876 4049 sequitur
1900 3934 1945 4020 in
1966 3962 2029 4020 co·

547 4063 639 4180 pite
681 4059 807 4148 8De
854 4084 1047 4172 cortsnnp.
1084 4071 1121 4142 et
1152 4051 1270 4178 affin.
1332 4097 1347 4134 ι
1388 4057 1497 4145 Cum
1539 4088 1642 4174 ergo
1676 4057 1761 4142 iam
1808 4053 2027 4174 usquead

444 4209 448 4216 ⁴
553 4223 570 4262 ι
612 4199 816 4304 quartum
850 4179 1033 4300 gradum
1072 4178 1307 4295 prohibitio
1330 4179 1566 4295 coniugalis
1584 4177 1779 4296 copulae¹
1799 4177 1854 4266 sit
1888 4176 2030 4266 restri-

426 4408 430 4416 ,
554 4349 571 4385 ι
612 4323 696 4409 eta,
734 4333 830 4394 eam
867 4305 926 4392 ita
961 4302 1160 4391 volumus
1194 4331 1287 4390 esse
1333 4317 1589 4418 perpetuam
1635 4367 1645 4390 .
1688 4368 1699 4388 .
1739 4367 1749 4388 .
1789 4319 1834 4388 ut
1866 4301 1900 4390 si
1935 4299 2030 4418 quis

555 4471 571 4508 r
611 4445 764 4527 contra
798 4425 1140 4542 prohibitionem
1166 4423 1415 4512 huiusmodi
1444 4424 1786 4542 praesumpserit
1813 4421 2027 4540 copulari,

555 4593 571 4630 ι
613 4551 733 4638 nulla
767 4548 1084 4667 longinquitate
1117 4545 1380 4649 delendalur
1414 4577 1644 4648 annorum,
1687 4575 1784 4635 cum
1815 4543 2029 4639 diuturni·

560 4715 582 4770 ι,
616 4689 680 4762 tas
712 4669 964 4792 temporum
998 4698 1085 4775 uon
1129 4668 1286 4758 minuit
1324 4686 1565 4787 peccatum,
1603 4669 1677 4760 sed
1717 4687 1865 4786 auget:
1902 4684 2033 4756 tanto·

558 4819 711 4915 «que
733 4809 833 4884 sunt
853 4795 1030 4916 gaviora
1051 4793 1249 4894 crimina,
1287 4809 1449 4912 querno
1482 4793 1646 4904 diutius
1696 4791 1911 4886 infelicem
1947 4791 2031 4880 aui·

558 4962 575 5018 ι,
613 4915 970 5034 mamdetinent
1002 4917 1224 5035 alligatam
1255 4957 1294 5004 ι.
1331 4917 1382 5004 Et
1417 4917 1460 5002 in
1493 4915 1697 5033 capitel⁰
1721 4914 1815 5002 eod.
1854 4913 2026 5032 legitur:

560 5035 1248 5160 r'inquisita'vero'diligentius
1281 5037 1467 5152 ueritate
1498 5037 1533 5136 sl
1569 5068 1657 5155 per,
1682 5053 1811 5126 testes
1843 5035 2036 5136 circum-

559 5207 576 5276 q
616 5157 934 5282 s‘pectosomni
970 5163 1235 5282 exceptione
1252 5159 1696 5282 maiores-inveneris,
1723 5159 1843 5279 quod
1866 5159 2034 5277 primus

555 5311 586 5402 ¹.ss
617 5283 974 5406 rirsuperstitem
993 5282 1150 5406 quarto
1169 5284 1711 5410 gradugconsaagutnirais
1724 5283 1924 5400 attingit,
1945 5281 2036 5370 nou

563 5451 578 5487 ι
616 5409 797 5520 differas]
830 5407 1307 5526 divortiis‘sententi'am'
1336 5409 1643 5534 promulgares
1677 5423 1800 5523 acque
1833 5396 2034 5541 rainald}

559 5557 581 5612 a
621 5532 780 5636 dieunt
809 5527 1432 5668 canones),‘obstincnclnn‘rcst
1471 5537 1503 5631 α’
1537 5529 1866 5660 consnn'pn'inpml
1890 5553 2037 5652 nappis
