4446 6330
541 340 604 430 32
996 332 1078 420 Dic
1107 329 1168 418 25
1201 327 1398 418 Ianuarii
1430 327 1567 420 4879.
2187 427 2188 430 Ν

542 501 570 542 «-
597 455 888 578 poocrissimo,
924 453 980 542 ad
1004 452 1288 570 olloggiarla:
1325 449 1467 572 questi
1499 463 1699 570 portanto
1729 449 1768 540 si
1793 449 1919 540 ritiri)
1939 455 2026 546 solo
2187 531 2188 552 ,

543 625 562 666 ι
599 617 627 671 a
658 567 801 681 Solea,
823 577 925 695 ogni
956 590 1240 694 susseguente
1267 573 1480 664 tentativo
1501 573 1545 664 di
1569 572 1772 662 riunione
1794 573 1902 662 lalli.
1928 575 2032 666 Sen—

544 746 563 788 ‹
598 736 648 793 na
693 717 823 790 avere
865 696 1027 788 abitato
1076 697 1259 786 insieme
1306 729 1362 784 oo
1401 711 1601 785 merneolo
1642 695 1768 798 solo;
1817 696 1914 786 anzi
1964 715 2026 790 tra
2187 711 2188 750 ³

544 870 562 908 ι
603 824 723 915 mille
757 821 1016 942 pentimcnti
1049 821 1146 944 luipo
1179 819 1277 908 inde
1308 819 1343 907 si
1376 820 1541 940 depose
1587 819 1687 937 ogni
1734 849 1950 936 speranza
1985 821 2028 912 di
2187 881 2188 900 ,

546 992 563 1030 ι
603 945 801 1038 accordo.
839 943 872 1032 ll
906 943 1029 1032 Pizno
1062 974 1108 1032 se
1144 973 1197 1032 ne
1230 941 1348 1060 luggi
1383 973 1406 1032 a
1439 971 1589 1032 carcar
1620 941 1799 1032 fortuna
1833 945 1879 1030 in
1904 945 2030 1032 Ame-

546 1114 566 1158 ι.
605 1101 710 1160 rrca.
753 1109 769 1145 ι

567 1273 571 1287 ,
666 1191 746 1280 32.
781 1187 1025 1308 propositio
1061 1187 1102 1276 in
1139 1219 1239 1280 casu
1274 1207 1335 1278 tot
1369 1189 1518 1279 fulcita
1540 1187 1741 1292 testibuS,
1769 1203 1816 1276 et
1850 1187 2031 1308 quidem

541 1315 663 1407 omni
688 1311 945 1430 exceptione
963 1311 1223 1413 maioribus,
1240 1313 1335 1403 luce
1352 1311 1598 1404 meridiana
1621 1309 1783 1400 clarius
1806 1327 1934 1430 patet
1952 1342 2037 1405 nra·

542 1435 802 1526 trimoniutn
820 1435 862 1522 in
878 1434 1187 1539 controversia,
1209 1433 1458 1524 deficientia
1476 1433 1686 1552 temporis
1697 1431 2028 1554 commodique,

543 1587 792 1676 numquam
822 1570 1171 1646 consummatum
1200 1558 1347 1646 luisse.
1385 1556 1630 1676 Requidem
1663 1586 1785 1649 vera.
1826 1557 1863 1643 si
1891 1557 2035 1650 italas

540 1685 595 1773 sit
628 1679 896 1786 ratiocinari,
927 1680 1079 1768 Omnia
1111 1713 1199 1768 oum
1234 1697 1429 1798 tempore,
1466 1695 1504 1768 et
1535 1678 1624 1766 siue
1661 1693 1847 1795 tempore
1882 1680 1997 1768 nc'lril
2012 1717 2027 1782 ;

540 1803 662 1922 atqui
698 1802 742 1890 in
778 1801 970 1891 themate
1005 1818 1177 1921 tempus
1210 1804 1502 1894 necessarium
1535 1799 1802 1918 coniugibus
1848 1800 1908 1890 ad
1943 1835 2031 1892 rem

541 1924 816 2045 coniugalem
849 1925 1159 2044 praestandam
1208 1955 1382 2046 semper
1415 1923 1584 2029 deluit3
1620 1953 1725 2042 ergo
1763 1923 2031 2014 concluden-

538 2050 666 2152 dum,
704 2077 927 2166 nunquam
961 2045 1091 2138 fnisse
1122 2067 1490 2138 consummatum.
1517 2049 1631 2138 Sane
1653 2076 1774 2153 vero,
1806 2077 1899 2136 non
1923 2065 2022 2138 ante

540 2169 870 2260 matrimonium
905 2169 1057 2292 (qnod
1100 2185 1245 2258 tamen
1294 2171 1402 2260 nihil
1444 2169 1560 2260 casui
1602 2167 1823 2294 officeret)
1860 2200 1943 2260 een
1976 2203 2029 2260 ex

540 2293 658 2382 detis
691 2292 1039 2411 prooessualibus
1086 2323 1216 2410 supra
1261 2294 1407 2384 relatis
1448 2292 1550 2382 satis
1595 2292 1776 2380 abunde
1825 2293 2024 2402 resultat,

535 2447 624 2504 non
657 2429 855 2532 tempore
899 2415 993 2503 initi
1028 2414 1309 2520 Matrimonii,
1346 2415 1454 2536 quia
1491 2447 1546 2505 ex
1582 2415 1669 2506 iam
1693 2414 1839 2522 dictis,
1863 2432 2029 2505 constat

537 2540 692 2658 probe,
730 2539 1012 2628 matrimonio
1045 2539 1245 2628 sollemni
1284 2539 1374 2628 ritu
1401 2553 1596 2660 peracto,
1636 2567 1723 2626 non
1756 2537 1913 2642 simul,
1949 2539 2029 2630 sed

534 2659 716 2752 seorsim
750 2661 907 2778 Sponsi
936 2660 1123 2750 domurn
1166 2677 1438 2768 remearunt,
1471 2662 1514 2750 in
1549 2691 1637 2780 qua
1658 2689 1836 2778 parum,
1870 2675 1946 2750 aut
1968 2661 2027 2750 ni·

536 2781 597 2870 hil
635 2801 1000 2900 permanserunt,
1047 2813 1223 2902 semper
1256 2783 1456 2874 adstante
1492 2787 1688 2900 Sponsae
1729 2782 1886 2872 lratre.
1940 2787 2023 2872 De·

536 2905 672 3025 nique
697 2936 785 2994 non
829 2925 995 3024 postea,
1030 2907 1133 3025 quia
1155 2908 1380 2998 Francisco
1409 2936 1638 3026 nunquam
1662 2935 1919 2996 concessum
1944 2907 2026 2996 luit

538 3028 668 3117 uxori
703 3028 891 3148 alloqui3
923 3030 1059 3146 igitur
1097 3044 1189 3118 tuto
1243 3031 1357 3149 pede
1395 3031 1501 3120 milri
1537 3029 1716 3120 videtur·
1755 3031 2023 3122 concludere

535 3181 679 3269 posse,
718 3150 1067 3258 matrimonium,
1104 3151 1160 3242 de
1197 3185 1287 3275 quo
1327 3154 1527 3274 quaestio
1560 3166 1655 3256 est,
1707 3150 1844 3239 odlruc
1886 3169 2025 3242 ratum

533 3301 836 3392 perseverare.

659 3397 735 3486 33.
773 3397 897 3486 Haud
941 3425 1012 3488 me
1050 3397 1160 3518 lngit
1200 3399 1419 3519 praesenti
1461 3398 1507 3486 in
1541 3427 1701 3502 cansa,
1745 3423 1884 3486 unam
1916 3395 2022 3488 deli·

532 3545 632 3610 cere
663 3517 976 3640 probationem
1026 3537 1119 3608 tum
1165 3521 1266 3612 aS.
1302 3521 1587 3626 Canonihus,
1642 3536 1735 3607 tum
1767 3551 1792 3608 a
1825 3520 2016 3610 Constit.

531 3643 703 3732 Bened.
739 3645 844 3732 XlV
882 3685 900 3722 ι
938 3642 1022 3730 Dei
1053 3643 1318 3734 miseratione
1346 3684 1386 3742 ι.
1412 3661 1508 3732 tum
1536 3642 1734 3761 denique
1766 3643 1825 3730 ab
1858 3645 2023 3734 lnstru·

531 3765 677 3853 ctione
710 3764 769 3853 ab
797 3767 854 3852 Ἠ.
890 3767 938 3856 S.
975 3767 1026 3856 G.
1063 3764 1144 3854 hac
1183 3797 1315 3886 super
1352 3797 1399 3856 re
1432 3767 1581 3880 edita,
1622 3795 1787 3884 nempe
1828 3766 2017 3857 ocularis

535 3885 747 4003 inmeritis
780 3885 1042 4008 virginitatis
1085 3888 1283 3978 mulieris
1314 3887 1512 3978 formiter
1543 3891 1714 4009 riteque
1746 3888 2015 4008 peragenda.

529 4009 700 4098 Verum
742 4009 967 4099 enimvero
994 4010 1251 4106 liuiusnodi
1302 4013 1502 4131 probatio
1552 4010 1791 4132 requiritur
1843 4027 2019 4102 tantum

531 4128 879 4220 adminiculatione
904 4157 998 4222 ‘non
1031 4133 1267 4248 copulative
1299 4135 1487 4254 ideoque
1519 4165 1620 4224 curn
1653 4150 1848 4224 caeterae
1871 4136 2020 4224 abun-

534 4250 658 4359 dant,
687 4269 840 4371 utpote
876 4254 1006 4346 lallax
1038 4255 1220 4346 minime
1250 4274 1322 4348 est
1349 4257 1729 4372 adh-ilrendadlop.
1766 4258 1945 4348 Garatom
1971 4256 2023 4346 de

525 4373 696 4490 probol.
730 4377 884 4466 Zocclc.
910 4393 1065 4496 quaest.
1102 4377 1254 4469 Medic.
1284 4379 1429 4498 depol.
1455 4381 1550 4470 nit.
1591 4381 1621 4470 Is
1658 4381 1724 4470 tit.
1752 4383 1961 4498 2qunest.
1991 4381 2009 4466 l
2142 4484 2146 4494 Ι

528 4529 644 4586 Μ.
681 4500 757 4589 ld.
794 4502 834 4590 Α
866 4503 914 4596 S.
938 4503 1194 4593 ¹[lenonibus
1226 4502 1420 4623 rigorose
1451 4504 1639 4623 exigitur
1667 4503 2018 4623 quandoagitur

526 4619 585 4709 de
617 4623 848 4738 probando
879 4625 1140 4746 impotentia
1172 4624 1234 4714 ad
1264 4625 1531 4732 coeundum,
1574 4640 1619 4714 et
1640 4657 1731 4716 «una
1763 4625 1893 4714 simul
1917 4656 2020 4716 oon-

531 4742 654 4862 iuges
699 4746 1072 4851 condor-mierint,
1109 4763 1155 4836 et
1187 4749 1231 4836 in
1271 4748 1617 4840 contradictione
1665 4749 2015 4838 iuramentorum

526 4865 718 4958 Mulieris
751 4869 963 4986 negantis,
995 4887 1044 4960 et
1066 4861 1161 4958 tsir'i
1181 4867 1435 4962 affirmantis
1455 4871 1897 4963 consummationem.
1922 4869 2014 4964 Sed

527 4989 706 5105 qnando
736 4991 1029 5083 condormitio
1058 4991 1176 5113 locu
1209 4993 1255 5082 in
1277 4995 1407 5117 casu)
1433 5025 1517 5084 non
1543 4993 1798 5098 intercessit,
1836 5010 1881 5082 et
1904 4997 2016 5082 nter·

530 5138 619 5226 que
652 5115 811 5204 coniux
854 5114 1127 5207 concorditer
1173 5115 1594 5207 consummationem
1627 5133 1772 5238 negat,
1801 5143 2010 5206 unacum

526 5227 774 5327 iuramento
807 5239 1021 5359 septimae
1045 5270 1198 5330 manus
1235 5239 1679 5360 consanguineorum,
1703 5241 1889 5362 aliisque
1909 5269 2012 5328 con·

525 5359 803 5450 currentibus
828 5361 1123 5468 adminiculis,
1164 5365 1454 5483 argumentis,
1491 5377 1534 5456 et
1559 5361 1817 5482 suppletivis
1847 5361 2009 5480 proba·

523 5473 734 5585 tionibus,
761 5485 964 5574 camdem
996 5485 1309 5602 inspectionem
1341 5517 1428 5578 non
1446 5517 1551 5578 esse
1570 5485 1888 5592 necessariam,
1908 5499 2007 5606 post
