4516 6318
682 293 765 382 Die
798 293 856 382 15
889 293 1117 388 Februarii
1151 297 1289 386 1879.
1651 303 1744 393 117

245 415 428 506 cationis
461 447 541 534 pro
574 417 927 508 benefactoribus
959 419 1002 506 in
1020 451 1180 538 genere
1196 422 1429 539 absqueeo
1447 421 1566 542 quod
1584 441 1736 544 petere

250 539 448 627 valerent
465 541 789 660 eleemosynam
809 543 1077 634 aCanonicis
1110 545 1427 662 antiquioribus
1445 546 1486 632 iu
1506 553 1744 654 casu-;die

249 664 309 752 27
327 665 442 778 Aug.
462 663 657 753 eiusdem
682 666 802 767 anni,
824 668 904 754 etsi
929 683 1097 754 veteres
1118 665 1325 757 Canonici
1349 687 1523 785 pactum
1549 703 1745 762 conven-

249 803 339 874 tum
367 805 588 903 urgerent,
607 805 750 876 tamen
765 789 861 882 ent
880 792 1028 878 Patres
1052 789 1165 905 pacti
1184 791 1410 907 iniquitate
1428 795 1599 908 cognita
1617 795 1739 913 prius

247 909 484 998 rescribere
517 929 782 1000 censuerunt
802 965 831 982 -
855 911 1068 1027 Nepatiue.
1108 915 1395 1030 Repropasita
1429 933 1577 1004 autem
1600 947 1736 1008 causa

250 1031 320 1123 die
354 1032 414 1120 11
446 1033 632 1122 lanuarii
667 1035 788 1124 1717
823 1034 1148 1151 responderunt
1168 1083 1196 1100 -
1218 1037 1401 1124 Praevia
1435 1069 1590 1127 recessa
1612 1073 1638 1128 a
1662 1042 1736 1131 de·

250 1156 348 1242 aisis
379 1151 656 1278 affirmative,
710 1157 846 1245 soluta
894 1172 1029 1244 tamen
1075 1190 1100 1244 a
1150 1159 1374 1247 (latronicia
1423 1165 1737 1278 antiquioribus

254 1279 503 1396 eleemosyna
539 1280 688 1368 Missae
721 1280 1018 1368 Conventualis
1047 1297 1246 1396 prorata
1288 1285 1457 1372 seruitii
1504 1284 1636 1374 debiti
1681 1287 1733 1375 ab

253 1399 420 1512 iisdem,
440 1403 664 1490 Canonicis
700 1402 1026 1521 antiquioribus.
1061 1453 1092 1468 -

375 1528 490 1614 llaec
522 1525 579 1614 de
613 1527 723 1628 iure,
761 1544 1068 1614 verumtamen
1102 1527 1494 1645 Capellanosriam
1544 1533 1739 1648 aequita-

253 1651 305 1740 tis
327 1649 625 1768 ingredientes
645 1679 736 1738 rem
756 1679 958 1766 usqueeo
974 1649 1217 1767 perducere
1236 1651 1352 1739 haud
1371 1653 1500 1758 velie,
1528 1655 1605 1741 sed
1626 1651 1742 1744 desi·

253 1774 451 1863 derantcs
467 1772 510 1858 in
530 1771 663 1860 domo
681 1771 862 1860 Domini
881 1772 1165 1861 deambulare
1182 1805 1283 1863 cum
1296 1806 1509 1864 consensu
1528 1794 1572 1864 et
1602 1776 1740 1866 consi-

247 1899 315 1986 liis
337 1897 502 2015 proprii
524 1895 724 2013 Episcopi
753 1924 919 1983 rnorem
943 1927 1110 2011 gerere,
1141 1897 1359 2014 inquiens,
1394 1901 1497 1986 satis
1529 1901 1614 1986 sibi
1645 1929 1740 1990 esse

248 2021 495 2109 existimare
528 2020 762 2119 subsumit,
789 2019 823 2106 si
846 2019 1053 2109 Canonici
1087 2021 1436 2109 conciliationem
1459 2023 1516 2110 ab
1540 2023 1733 2114 Ordina-

250 2145 314 2232 rio
349 2141 616 2262 propositam
651 2142 984 2260 amplectantur.
1013 2143 1149 2259 ldque
1182 2175 1234 2231 eo
1270 2145 1338 2232 vel
1361 2146 1500 2262 magis
1526 2148 1635 2264 quia
1658 2149 1739 2238 Ba.

250 2267 550 2356 aeficiatorum
590 2268 724 2352 blassa
776 2266 886 2381 potis
931 2265 1044 2354 baud
1095 2267 1246 2354 estad
1297 2266 1624 2386 eleemosynam
1659 2299 1738 2384 pro

248 2390 379 2478 sacris
412 2389 788 2480 Conventualibus
835 2386 1166 2478 retribuendam
1202 2405 1245 2477 et
1266 2389 1466 2479 redditus
1499 2391 1739 2479 benelicio-

247 2545 345 2602 rum
364 2543 543 2601 suorum
560 2513 615 2600 ad
629 2513 852 2600 honestam
882 2511 1274 2600 substentationem
1288 2513 1651 2616 baudsuilicinnt,
1672 2513 1738 2600 uti

251 2635 369 2754 apud
387 2653 481 2724 acta
499 2635 599 2724 satis
612 2634 791 2722 abunde
805 2635 1037 2751 probatum
1052 2635 1290 2751 reperitur.
1305 2637 1404 2748 Quo
1426 2638 1471 2724 in
1497 2667 1596 2725 casu
1611 2636 1738 2724 elec·

250 2787 529 2877 mosynarum
563 2787 781 2871 summum
816 2791 840 2846 a
866 2760 999 2846 blassa
1020 2759 1384 2847 distributionum
1405 2760 1738 2850 Canonicalium

245 2881 562 2971 desumendum
588 2912 682 2970 esse
726 2880 981 2998 saepissime
1015 2885 1059 2973 S.
1102 2883 1157 2968 H.
1184 2883 1477 3000 Congregatio
1498 2881 1666 2985 docuit,
1695 2898 1740 2970 et

245 3006 503 3124 praesertim
525 3005 582 3091 -in
616 3006 859 3092 Ferrariea.
888 3004 947 3092 18
983 3005 1135 3090 Martii
1154 3005 1275 3092 1719
1301 3007 1375 3094 ubi
1404 3005 1640 3124 propositis
1659 3005 1738 3094 du·

243 3129 329 3218 biis
344 3177 375 3194 -
390 3129 459 3216 An
482 3129 739 3244 Diqnitates,
772 3123 1001 3224 'Cananici
1022 3127 1302 3216 tllansioaarii
1334 3145 1371 3214 et
1409 3129 1635 3244 Capellani
1652 3130 1736 3216 Ca·

238 3253 377 3368 pituli
409 3252 482 3368 qui
518 3283 655 3338 omnes
689 3285 739 3338 ea
770 3283 845 3338 sisu
878 3265 916 3337 et
948 3250 1239 3338 consuetudine
1261 3267 1447 3338 tenentur
1464 3251 1671 3340 celebrare
1691 3253 1737 3339 in

245 3374 498 3464 Galleedrali
529 3372 715 3461 Ecclesia
748 3375 897 3462 Missas
929 3373 1242 3470 Conventuales,
1262 3390 1476 3462 teneantur
1498 3375 1556 3463 ad
1573 3373 1736 3463 easdem

244 3496 522 3614 applicandas
552 3530 633 3613 pro
667 3495 1006 3617 Benesuetoribus
1028 3498 1245 3612 inponere.
1272 3501 1324 3585 Et
1354 3513 1572 3616 quatenus
1611 3495 1739 3586 affir-

245 3622 426 3710 mative.
484 3623 553 3708 An
600 3621 898 3708 celebrantibus
939 3637 978 3708 et
1008 3619 1319 3736 applicantibus
1360 3622 1506 3708 Missas
1549 3620 1737 3708 Cotiaen-

249 3745 378 3832 taales
409 3743 609 3832 soluenda
640 3746 695 3830 sit
728 3744 1026 3859 eleemosyuna
1059 3743 1277 3859 Capitnlo.
1313 3799 1343 3816 -
1374 3745 1486 3835 S.C.
1523 3744 1580 3833 ud
1604 3744 1658 3828 lm
1689 3759 1734 3832 et

246 3869 303 3956 11Ει
330 3867 555 3987 respondit
587 3915 617 3932 -
649 3865 934 3989 Affirmutiue.
970 3921 1000 3938 -

371 3993 433 4080 Ex
468 3991 653 4080 advorso
689 4021 792 4079 vero
825 3990 1144 4082 Cernonicorum
1181 4005 1389 4106 patronus
1427 3989 1481 4078 ad
1533 3989 1739 4080 validita-

243 4130 331 4206 tem
357 4113 656 4203 transactionis
679 4115 781 4202 anni
808 4116 928 4217 1706
950 4113 1316 4232 propugnandam
1344 4113 1526 4202 minime
1556 4117 1735 4204 obstare

244 4238 470 4339 contendit
508 4237 746 4357 Apostoliei
795 4238 1063 4354 beneplaciti
1107 4236 1343 4339 delectum,
1380 4238 1450 4326 cni
1486 4239 1731 4326 innituntur

243 4361 498 4451 adversarii.
538 4365 699 4450 Notum
732 4362 851 4450 enim
886 4363 928 4448 in
964 4361 1058 4448 iure
1093 4360 1311 4478 estquod
1353 4361 1605 4448 huiusmodi
1655 4363 1735 4449 be-

243 4487 507 4602 neplacitum
542 4485 870 4604 requiruntSS.
906 4485 1123 4587 Canones,
1160 4483 1338 4602 quando
1360 4486 1505 4600 agitur
1536 4483 1593 4572 de
1633 4483 1737 4573 alie·

244 4609 515 4711 nationibus,
553 4609 623 4696 vel
662 4607 1021 4698 distractionibus
1054 4609 1274 4695 bonorum
1308 4605 1398 4694 sive
1448 4607 1610 4694 iuriam
1653 4610 1732 4694 Ec-

244 4732 418 4834 clesiae,
468 4731 653 4820 minimo
705 4761 807 4820 vero
855 4732 1036 4851 quaudo
1084 4729 1227 4818 dictae
1260 4729 1564 4848 obligationes,
1615 4757 1731 4847 quae

244 4855 340 4943 iura
373 4853 590 4943 Ecclesiae
625 4856 875 4942 nullatenus
925 4855 1120 4958 laedunt,
1172 4853 1287 4971 ipsos
1336 4854 1592 4972 pertingunt
1624 4853 1734 4943 Cle-

244 4977 360 5068 ricus
396 4979 464 5066 vel
485 4978 772 5068 Beneficiatos
805 4978 1075 5097 quicumque
1107 4977 1210 5078 sint,
1237 4977 1359 5065 iuxta
1393 4993 1493 5064 text.
1519 4977 1563 5063 in
1587 5007 1680 5093 cap.
1707 4974 1726 5060 1

244 5115 283 5190 et
331 5105 359 5190 3
402 5103 467 5188 De
518 5103 659 5190 Paetis
693 5103 737 5188 in
771 5102 816 5201 6,
865 5101 1000 5189 Card.
1052 5103 1116 5188 Dc
1149 5099 1258 5186 Letoa
1293 5103 1353 5187 De
1396 5101 1558 5190 Canon.
1592 5100 1735 5189 etCa·

245 5225 335 5344 ptr.
389 5225 494 5314 disc.
542 5227 602 5314 30
634 5257 746 5313 utrm.
789 5226 843 5311 17
876 5242 1011 5341 etseq.
1048 5225 1156 5312 Rota
1187 5225 1230 5310 in
1273 5222 1532 5310 Sarsinaten.
1582 5226 1599 5310 l
1657 5223 1732 5310 Fe

246 5347 418 5437 bruerii
470 5350 591 5439 l822
640 5347 686 5470 S.
728 5349 758 5435 1
795 5379 933 5435 coram
975 5347 1120 5464 Spatia
1150 5401 1180 5418 -
1212 5344 1273 5432 ibi
1305 5395 1335 5411 -
1372 5385 1389 5426 a
1434 5346 1630 5459 Quoties.
1670 5413 1681 5433 .
1721 5413 1732 5436 .

254 5509 272 5552 ι
311 5503 401 5561 non
434 5475 576 5591 agitur
608 5473 664 5562 de
696 5471 823 5562 bonis
852 5473 1072 5562 Ecclesiae
1092 5469 1333 5561 alienandis
1356 5485 1400 5558 et
1420 5471 1733 5576 distrahendis,

258 5633 276 5676 ι
313 5597 393 5688 sed
425 5599 569 5686 solum
602 5597 659 5687 de
692 5596 901 5686 interesse
933 5597 1087 5687 Clerici
1119 5597 1269 5685 eiusne
1300 5593 1618 5702 emolumenta,
1664 5623 1743 5685 ne·
