4460 6332
651 398 732 486 Dic
764 399 825 488 20
856 397 1105 516 Septembris
1138 398 1277 486 1879.
1620 402 1711 492 157

524 651 826 770 VOTUM
875 645 1395 775 CANONISTAE
1515 696 1522 722 *

760 861 1119 916 dvm*-

470 1093 804 1177 Eminentissimi
837 1123 884 1177 oc
917 1089 1267 1178 Reuereudissimi
1298 1089 1447 1176 Patres

353 1383 517 1584 Binis
550 1495 778 1584 sententiis
811 1494 1005 1586 iudicum
1056 1495 1448 1584 ecclesiasticorum
1489 1493 1714 1588 declarata

223 1617 310 1704 iam
346 1617 524 1706 nullitas
558 1618 827 1708 matrimonii
863 1617 956 1706 initi
994 1619 1049 1706 ab
1084 1617 1207 1706 annis
1241 1648 1379 1736 prope
1413 1617 1585 1736 viginti,
1626 1635 1711 1708 ter·

222 1739 284 1834 tio
318 1737 374 1826 ad
407 1740 522 1830 hunc
554 1744 599 1831 S.
637 1743 690 1832 0.
729 1739 1010 1830 diiudicanda
1043 1739 1258 1830 delertur:
1295 1757 1338 1830 et
1373 1739 1482 1828 lorte
1516 1771 1602 1830 uon
1639 1741 1715 1830 im·

223 1861 401 1950 merito.

351 2232 552 2322 Salvator
598 2231 752 2348 Grippi
794 2247 837 2319 et
881 2230 1116 2319 Petronilla
1164 2229 1435 2350 Cangialosi,
1474 2233 1712 2349 populares

230 2357 407 2474 utrique
440 2353 521 2442 loci
556 2357 812 2470 Burgettum
849 2353 1102 2471 nuncupati,
1141 2351 1280 2441 dioec.
1318 2353 1634 2472 Montisregalis
1670 2359 1712 2448 iu

225 2477 389 2580 Sicilia,
411 2477 738 2563 matrimonium
764 2475 955 2564 inierunt
974 2475 1049 2564 die
1072 2473 1270 2561 1110011
1292 2508 1390 2563 ona.
1416 2477 1612 2580 1860,10
1635 2481 1712 2570 Ec-

225 2599 357 2688 clesia
390 2599 623 2716 parochiali
659 2599 858 2688 ciusdem
896 2599 991 2686 loci.
1029 2601 1089 2684 Ea
1123 2615 1384 2714 tempestate
1427 2600 1710 2690 turbulentis·

224 2723 353 2825 sima,
391 2752 489 2808 cum
525 2721 671 2810 omnia
705 2722 746 2807 in
781 2751 831 2810 33
865 2721 1044 2840 regione
1087 2723 1470 2834 permiscerentur,
1511 2723 1711 2844 plerique

224 2845 422 2947 iuvenes,
461 2873 516 2932 ne
562 2845 780 2959 stipendia
831 2843 973 2932 lacere
1022 2861 1313 2964 cogerentur,
1351 2875 1509 2932 uxores
1548 2844 1710 2936 ducere

223 2965 507 3054 festinabant.
547 2967 656 3053 lliuc
681 2968 824 3086 legum
850 2967 1089 3084 neglectus.
1116 2965 1251 3084 Igitur
1271 2966 1587 3082 septemdecim
1612 2985 1712 3084 post

227 3119 381 3194 annae,
420 3088 608 3176 instante
641 3089 752 3192 vire,
789 3089 919 3179 Curia
967 3090 1174 3206 Archiep.
1212 3087 1527 3206 lllontisregalis
1562 3091 1709 3179 metri-

223 3211 422 3299 mouium
459 3211 631 3300 irritum
667 3211 921 3316 declaravit,
958 3213 1048 3300 scil.
1087 3211 1158 3299 die
1192 3213 1221 3298 5
1254 3210 1438 3327 Aupusti
1472 3213 1609 3318 1876,
1648 3215 1706 3301 ob

223 3335 457 3453 probatum
492 3333 862 3450 impedimentum
897 3333 1115 3423 affinitatis
1151 3333 1192 3420 in
1234 3335 1424 3422 secundo
1458 3337 1616 3452 gradu,
1653 3337 1710 3424 ab

225 3455 478 3573 Apostolica
501 3457 617 3547 Sede
639 3457 821 3547 minime
844 3457 1087 3546 relaxatum
1107 3457 1193 3578 (1)
1216 3455 1435 3545 Defensor
1451 3457 1643 3577 appellat
1661 3488 1715 3547 ex

225 3577 362 3668 officio
396 3579 452 3668 ad
487 3581 748 3697 Episcopum
771 3579 1242 3681 Calatanisiadensem,
1280 3578 1493 3666 seniorem
1530 3581 1711 3668 Provin-

225 3703 317 3790 ciae
353 3702 426 3822 (ex
461 3703 733 3794 0003111Ρί1
768 3705 853 3792 PP.
890 3707 951 3790 lX
978 3703 1124 3790 Multis
1161 3700 1461 3820 pravissimis),
1489 3703 1609 3820 qnod
1634 3734 1713 3792 nec

224 3839 387 3914 asserta
424 3823 605 3914 affinitas
638 3827 742 3916 satis
775 3827 963 3944 probata
1007 3825 1261 3920 videretur,
1300 3851 1379 3910 nec
1413 3823 1602 3913 deluisse
1635 3826 1713 3914 Se·

227 3947 294 4036 dis
328 3949 608 4066 Apostolicac
650 3949 964 4036 relaxationem
1011 3949 1115 4034 satis
1158 3963 1275 4034 certo
1315 3961 1546 4034 constaret.
1598 3947 1713 4035 llaec

227 4087 372 4159 tamen
406 4102 431 4158 3
464 4072 702 4162 Defensore
737 4071 864 4159 allate
898 4083 1013 4173 sunt,
1050 4087 1095 4157 ut
1129 4069 1284 4186 lapibus
1317 4067 1526 4156 Ecclesiae
1558 4068 1710 4157 obtem·

220 4211 406 4308 percret,
445 4212 491 4282 01
527 4197 619 4312 ipse
644 4195 852 4313 loquitur,
891 4225 977 4281 uon
1012 4223 1064 4280 cx
1098 4191 1234 4280 animi
1267 4191 1497 4299 sententiae
1536 4223 1634 4281 cum
1661 4222 1709 4278 re

226 4345 330 4404 vere
363 4316 468 4403 nilril
503 4319 712 4420 attulerit,
750 4347 837 4434 quo
870 4316 1119 4405 huiusmodi
1152 4314 1351 4434 exceptio
1385 4311 1557 4402 firmata
1583 4314 1706 4401 vide-

228 4453 362 4526 retur.
399 4441 550 4558 ltaque
583 4443 818 4558 Episcopus
860 4437 1167 4530 Calataoisiad.
1205 4439 1395 4557 primam
1443 4436 1705 4524 sententiam

227 4579 364 4648 ratam
391 4561 631 4651 lrebuit'dic
671 4567 701 4652 8
739 4561 929 4650 Octobris
962 4563 1082 4651 1877
1108 4559 1194 4682 (2).
1229 4613 1292 4628 -
1314 4558 1630 4647 AtPetronilla
1657 4555 1711 4647 ad

226 4685 337 4773 hanc
358 4685 404 4775 S.
430 4688 479 4775 C.
506 4685 761 4804 provocavit
783 4685 852 4774 dic
885 4687 945 4774 10
981 4685 1220 4774 Nouembris
1243 4679 1381 4775 eiusd.
1409 4681 1532 4768 anni.
1694 4754 1699 4763 .

350 4809 553 4927 Denique
585 4809 821 4927 Episcopus
854 4809 962 4928 ipse,
1001 4811 1057 4896 ab
1091 4811 1186 4894 Effi.
1224 4803 1355 4895 Card.
1394 4804 1536 4892 Prael.
1574 4804 1709 4890 inter*

227 4947 420 5049 rogatus,
456 4935 715 5020 sententiam
760 4963 883 5022 suum
924 4932 989 5020 his
1025 4931 1170 5019 verbis
1211 4926 1431 5047 exposuit:
1474 4969 1490 5004 ι
1531 4923 1707 5014 Extitis·

233 5095 249 5133 «
289 5083 334 5142 se
368 5053 732 5172 impedimentum
767 5055 944 5146 secundi
978 5051 1139 5172 gradus
1172 5052 1289 5170 paris
1323 5047 1539 5137 affinitatis
1562 5079 1616 5136 ex
1639 5077 1712 5134 co·
1788 5151 1793 5160 Ι

232 5219 248 5250 «ι
289 5177 391 5294 pula
426 5178 555 5282 licita,
593 5179 705 5267 inter
738 5177 896 5296 Grippi
930 5194 974 5266 et
1006 5175 1266 5294 Gangialosi,
1307 5185 1353 5259 ut
1386 5171 1502 5260 clare
1538 5172 1711 5289 proba·
1746 5183 1775 5283 '1ss
1815 5175 1818 5182 ’

353 5421 551 5544 (paroc.
587 5423 669 5545 pr.
707 5425 783 5514 re.
1130 5389 1141 5449 ⁹

352 5547 418 5667 (2)
454 5547 565 5636 lbid.
597 5547 909 5669 [01210333.
