4558 6340
683 361 766 447 Die
797 361 858 448 26
892 357 1066 478 Aprilis
1101 361 1237 448 1879.
1326 399 1332 408 ·
1617 361 1707 450 195

218 488 419 576 absoluto
455 485 498 572 iu
549 484 683 572 rurali
734 484 921 572 Ecclesia
972 485 1290 602 Religiesorum
1343 483 1702 584 Observandum,

215 637 374 726 sponsa
410 637 514 694 mox
564 607 791 724 propriam
834 611 1050 695 remcavit
1101 605 1419 696 habitationem
1455 637 1541 693 una
1586 609 1703 699 CUM

212 734 443 821 FRATRE
476 730 713 822 Sacerdote
745 731 937 833 Nicolao,
976 733 1161 820 NULLO
1209 763 1385 848 prorsus
1420 731 1504 816 alio
1539 733 1705 822 SOCtO

215 857 486 957 comitante,
530 895 545 932 ι
585 885 672 940 essu
718 853 864 972 sacena
902 857 1150 970 compapria
1198 855 1243 940 ul
1288 853 1465 973 [rotoilo
1501 853 1624 940 Prata
1664 893 1703 962 ις

216 992 400 1098 sponsus
434 977 650 1093 quidem,
688 1006 740 1065 eo
776 977 1050 1092 potissimum
1101 977 1221 1094 quod
1257 976 1589 1064 matrimonium
1626 1010 1706 1094 pu·

213 1103 367 1190 btirari
412 1131 498 1186 non
531 1099 764 1200 debuerat,
802 1101 1008 1200 eamdem
1044 1131 1227 1219 sponsae
1275 1101 1589 1187 habitationem
1627 1103 1709 1190 aha

214 1227 287 1314 via
320 1223 436 1312 sotus
469 1241 511 1308 et
546 1224 666 1310 nutto
699 1227 859 1311 comite
907 1223 1069 1310 adscito
1103 1225 1234 1310 otiam
1264 1225 1355 1339 ipse
1391 1223 1564 1341 repetiit
1586 1264 1601 1300 ι
1627 1241 1712 1310 tor-

214 1353 288 1436 nai
324 1351 368 1434 in
402 1345 596 1461 Athenpu
631 1343 687 1432 da
720 1346 808 1433 soto
847 1387 887 1432 ι.
921 1349 1192 1463 ReligiosuS,
1230 1379 1308 1434 ceu
1349 1365 1483 1462 patet,
1524 1347 1565 1431 in
1601 1349 1708 1435 Coe·

214 1471 353 1560 nobio
389 1467 647 1586 permansit.
677 1471 754 1556 Est
792 1501 924 1585 porro
975 1472 1092 1558 idem
1127 1502 1327 1587 sponsus,
1366 1469 1443 1586 qui
1478 1469 1536 1554 ita
1571 1470 1711 1584 depo·

216 1597 314 1684 nit:
342 1637 358 1672 s
384 1597 656 1708 interrogata
679 1637 708 1655 -
730 1595 801 1694 Se,
824 1593 1045 1682 celebrato
1081 1594 1107 1679 it
1145 1593 1424 1681 matrimonio
1450 1591 1564 1678 netta
1583 1593 1707 1681 Chie·

220 1759 238 1799 ι
277 1748 340 1819 sa,
380 1716 516 1804 abbia
550 1713 637 1802 mai
673 1732 851 1803 trattato
886 1748 1010 1805 corne
1044 1719 1201 1805 marito
1234 1718 1344 1804 colla
1378 1714 1645 1818 Violanrina,
1686 1745 1710 1802 e

221 1885 238 1924 ι
278 1841 379 1930 siasi
412 1839 650 1956 congiunta
671 1841 1023 1953 corporahnente
1048 1842 1156 1928 cotta
1181 1841 1421 1928 medesima
1440 1839 1503 1926 2-
1526 1839 1710 1952 Rispan-

221 2007 238 2046 «
277 1965 334 2054 de
365 2017 395 2032 -
427 1964 611 2078 Appena
647 1963 868 2052 celebrato
903 1965 930 2050 n
968 1964 1247 2050 matrimonio
1285 1964 1386 2050 uscii
1432 1962 1548 2050 daha
1583 1963 1708 2050 Chic·

220 2131 238 2172 ι
277 2119 323 2175 sa
355 2087 412 2176 da
447 2086 560 2173 dove
594 2103 795 2202 separato
843 2086 991 2175 ahatto
1041 2088 1158 2175 dalla
1206 2086 1480 2188 medesima,
1519 2115 1703 2174 csenza

220 2253 238 2292 ι
278 2240 479 2326 neppure
513 2209 661 2296 averia
694 2239 717 2296 a
752 2211 974 2299 braccetto
1008 2214 1149 2299 tornai
1191 2213 1234 2295 in
1267 2207 1459 2324 Athrnpc
1509 2206 1565 2294 da
1599 2209 1704 2306 soto,

222 2378 239 2414 ι
282 2332 521 2420 MENTRE
576 2331 715 2419 ESSA
769 2334 1013 2423 FACEVA
1064 2333 1413 2422 cortracum
1471 2332 1547 2417 At
1599 2330 1706 2418 SUO

222 2501 240 2536 ι
280 2454 586 2542 FRATELLO
617 2455 812 2542 PRETE
831 2491 847 2556 ;
883 2457 1024 2546 sieche
1073 2488 1278 2546 eravamo
1312 2457 1460 2544 attauo
1496 2455 1708 2542 laritanis·

221 2625 237 2659 .
277 2578 376 2667 simi
413 2579 533 2666 l'uno
567 2577 787 2668 dah'ahro
807 2613 817 2684 3
841 2613 865 2667 e
892 2565 1044 2698 questo
1083 2583 1240 2698 perche
1276 2583 1389 2668 aetla
1419 2577 1711 2695 fanugtiahr-

219 2745 236 2782 ι
277 2702 405 2790 duini
441 2732 637 2789 avevano
672 2703 895 2822 impegno,
933 2706 1012 2793 che
1052 2707 1106 2792 nb
1140 2707 1168 2793 it
1206 2703 1430 2822 puhbtitu,
1461 2703 1524 2788 'ne
1560 2703 1586 2788 11
1624 2732 1710 2816 pa-

221 2869 236 2906 «
277 2826 358 2914 dre
393 2826 615 2913 venissem
664 2859 687 2912 a
735 2828 986 2944 cognizione
1020 2829 1091 2918 dat
1135 2829 1356 2916 celebrato
1403 2825 1701 2912 matrimonio.

220 2989 236 3028 ι
277 2951 530 3038 ’1011111111
567 2951 619 3036 ΙΝ
654 2952 831 3060 casa,
880 2983 1005 3042 come
1053 2955 1123 3069 gia
1171 2953 1225 3038 ho
1259 2953 1398 3048 detto,
1436 2948 1639 3065 separati,
1677 2945 1712 3034 il

219 3113 236 3152 ι
275 3075 406 3160 Prete
443 3071 612 3159 fratello
648 3075 709 3160 mi
743 3072 873 3172 disse,
894 3078 991 3182 ebe,
1012 3076 1232 3168 Svnn'vn
1263 3075 1561 3163 b'ASSENZA
1598 3070 1708 3157 DEL

219 3235 236 3274 ι
280 3195 490 3298 Panna,
530 3195 587 3282 mi
626 3195 861 3286 ritirassia
903 3202 1058 3301 Satea,
1090 3199 1146 3288 da
1196 3197 1312 3286 dove
1348 3195 1487 3313 potrei
1530 3213 1705 3282 tornare

220 3359 238 3400 ι
280 3319 396 3406 neha
430 3320 640 3434 prossima
673 3321 916 3410 Domenica
950 3356 1029 3442 per
1051 3323 1308 3409 combinare
1333 3321 1362 3406 il
1390 3317 1589 3406 medodi
1615 3317 1706 3402 tare

223 3481 251 3522 «-
283 3442 311 3528 a
347 3457 558 3529 contr-atto
591 3443 736 3546 civite,
774 3465 947 3534 mentre
983 3447 1073 3560 aga
1124 3445 1196 3532 net
1245 3444 1478 3559 trattempo
1513 3439 1709 3528 avrebbe

224 3605 241 3644 ι
283 3580 477 3653 ottenuto
514 3565 540 3651 a
576 3597 786 3656 consenso
819 3569 892 3658 det
927 3570 1129 3686 padre».

339 3688 416 3774 25.
454 3691 563 3778 Tres
598 3721 727 3806 porro
764 3691 1069 3781 tantummodo
1102 3722 1317 3812 personae
1350 3721 1404 3777 ex
1442 3689 1522 3776 hac
1554 3715 1705 3774 narra·

217 3811 335 3898 tione
369 3828 583 3931 apparent
615 3814 673 3904 ad
705 3817 1022 3904 habitationem
1058 3845 1241 3932 sponsae
1275 3815 1603 3929 Albingaunum
1642 3837 1709 3894 re·

217 3963 424 4052 grassae:
460 3967 616 4051 sponsa
650 3939 848 4056 ipsamet,
890 3971 1091 4055 sponsus,
1135 3957 1177 4028 et
1208 3940 1341 4026 irater
1364 3938 1493 4024 illius.
1524 3939 1588 4020 De
1626 3934 1699 4018 vr.

216 4058 400 4173 losepho
433 4063 598 4149 Mortco
645 4063 813 4150 nullum
858 4063 900 4150 in
945 4065 1101 4152 eudem
1150 4063 1307 4150 itinere
1353 4073 1537 4178 apparet
1570 4053 1710 4142 vesti-

216 4182 355 4297 gium.
388 4183 666 4272 Conveniunt
702 4187 965 4273 examussim
996 4189 1038 4273 in
1075 4187 1154 4275 hac
1188 4185 1392 4301 Religiosi
1413 4181 1608 4269 absentia
1631 4177 1708 4266 de·

215 4301 458 4420 positiones
481 4320 573 4395 tum
592 4308 792 4398 eiusdem
818 4311 1032 4418 mulieris,
1061 4327 1150 4398 tum
1187 4310 1333 4397 fratris
1358 4306 1506 4426 ipsios;
1534 4317 1710 4391 enarrat

219 4427 337 4514 enim
377 4427 557 4518 Violans
595 4471 613 4510 ι
652 4465 760 4522 sono
794 4434 956 4522 andata
990 4435 1079 4522 sota
1115 4468 1139 4520 a
1172 4437 1218 4521 S.
1256 4429 1527 4534 Berrrardino
1561 4459 1581 4511 e
1614 4423 1706 4511 sota

224 4589 240 4628 ι
280 4561 464 4638 tornata.
500 4555 652 4645 Pescia
688 4557 714 4644 n
749 4557 872 4647 detto
907 4559 1028 4647 Piuzo
1066 4559 1091 4645 ὸ
1126 4572 1286 4646 venato
1320 4553 1364 4638 iu
1399 4582 1495 4640 casa
1528 4547 1644 4652 mia,
1681 4577 1706 4632 θ

223 4713 240 4752 ι
282 4671 323 4760 vi
357 4673 391 4760 si
420 4689 647 4774 trattenne
680 4682 805 4798 pochi
838 4679 1012 4785 minuti,
1053 4680 1206 4799 quindi
1240 4709 1286 4766 se
1321 4672 1599 4764 neeandato
1634 4667 1707 4788 pei

222 4835 239 4873 ι
280 4794 504 4906 tatastat,
523 4804 681 4919 perche
700 4835 785 4918 non
814 4823 939 4922 putea
960 4806 1172 4921 portarmi
1194 4803 1234 4889 in
1253 4829 1349 4889 casa
1366 4831 1444 4887 sua
1470 4799 1511 4882 in
1531 4794 1703 4884 Salea».

217 4919 403 5008 Enarrut
426 4924 559 5012 etiam
592 4928 805 5018 Sacerdos
838 4928 1028 5017 Arduini
1069 4969 1084 5007 ι
1113 4943 1210 5046 post
1232 4921 1577 5014 celebrationem
1607 4947 1700 5004 ma·

224 5081 242 5118 ι
284 5040 479 5134 trimonii
514 5080 709 5168 quemque
739 5083 931 5168 sponsum
976 5052 1127 5140 abiisse
1174 5051 1219 5136 in
1258 5045 1620 5144 domumsuam,
1658 5052 1701 5126 et

225 5203 242 5242 ι
281 5195 524 5285 numquam
558 5173 718 5262 exinde
752 5174 882 5262 simul
916 5173 1254 5292 cohabitasse».

344 5292 422 5378 26.
459 5293 588 5384 Sacra
622 5297 814 5417 alioquin
857 5297 1135 5387 caeremonia
1179 5323 1339 5383 nonam
1385 5309 1431 5380 et
1479 5289 1590 5377 ultra
1622 5286 1710 5373 ho-

220 5441 314 5500 ram
350 5431 452 5504 ante
484 5419 715 5509 meridiem
739 5425 985 5540 occupavit,
1007 5422 1053 5512 id
1076 5421 1321 5510 obtestante
1355 5415 1509 5505 eodem
1529 5407 1706 5501 Franci-

217 5565 349 5626 sco.·
387 5539 672 5660 Interrogata,
709 5575 756 5636 se
788 5547 923 5636 abbia
954 5548 1176 5662 celebrata
1198 5544 1227 5632 il
1250 5538 1531 5632 matrimonio
1563 5535 1701 5626 eccle-
