4516 6318
690 341 773 432 Die
805 339 824 426 l
836 341 866 428 5
899 339 1124 429 Februarii
1157 342 1296 431 4879.
1654 346 1735 435 ‘l3l

242 464 366 556 dium
406 493 552 583 neque
595 481 749 581 quarta
792 463 1055 552 luneralium
1103 465 1250 555 eidem
1295 465 1501 555 debetur.
1543 467 1775 570 Proiecto,

244 589 281 678 si
313 587 432 676 iuxta
466 588 538 676 cit.
577 588 685 703 Gap.
714 587 732 672 l
770 588 1167 707 Parochusdignus
1199 605 1264 678 est
1296 591 1497 680 mercede
1520 622 1612 695 sua,
1637 594 1741 710 quia

243 712 471 831 operarius
504 729 595 813 est,
633 741 687 798 ex
721 710 801 798 hoc
842 713 1127 830 consequitur
1170 713 1291 830 quod
1336 714 1502 802 nullam
1545 733 1744 804 meretur

243 833 499 926 mercedem
533 835 569 920 si
603 833 772 922 nullam
807 865 987 950 operam
1022 838 1245 952 praebuit,
1283 867 1364 926 nec
1385 838 1521 926 ullam
1566 838 1742 926 iurisdi-

246 960 436 1050 ctionem
473 957 542 1044 vel
577 973 836 1074 potestatem
862 959 904 1045 in
923 958 1115 1046 deluncti
1142 991 1374 1078 porsonam
1394 961 1487 1076 ipse
1522 964 1752 1074 exercuit.

369 1085 431 1168 Ex
476 1081 612 1169 altera
646 1081 722 1168 sed
758 1112 861 1168 vero
885 1101 1011 1200 parte
1044 1084 1258 1172 parochus
1307 1085 1589 1202 quantumvis
1624 1085 1741 1174 haud

245 1204 465 1296 inficiatur
513 1203 888 1320 exemptionema
920 1205 1156 1324 parochiali
1195 1207 1492 1296 iurisdictione
1512 1208 1581 1295 vel
1615 1223 1743 1327 pote·

247 1347 357 1420 state
378 1327 643 1445 quibusdam
671 1327 866 1415 virorum
891 1329 1102 1447 religiosis
1127 1329 1302 1419 lamiliis
1336 1330 1552 1438 indultam
1589 1330 1736 1436 luisse,

248 1482 439 1569 eamque
462 1449 729 1569 quibusdam
756 1452 1008 1540 lllonialium
1035 1451 1210 1541 familiis
1235 1455 1366 1542 etiam
1393 1471 1636 1556 extensam,
1666 1485 1743 1544 ve·

246 1593 494 1665 rumtamen
534 1573 633 1660 totis
667 1573 834 1662 viribus
864 1574 1095 1694 impugnat
1129 1575 1169 1662 in
1198 1578 1279 1666 hoc
1301 1607 1485 1664 numero
1505 1577 1744 1694 Religiosas

247 1702 293 1792 S.
309 1698 464 1840 loseph
489 1697 780 1786 Virduneosis
804 1699 998 1786 Civitatis
1015 1700 1347 1817 comprehendi;
1371 1701 1562 1820 ideoque
1579 1731 1651 1788 eas
1676 1732 1744 1787 rc·

246 1820 355 1912 ctori
378 1821 607 1939 paroeciae
629 1820 742 1908 intra
772 1823 893 1910 cuius
928 1822 1088 1912 limites
1113 1825 1313 1912 habitant
1336 1823 1507 1911 subiici.
1535 1822 1745 1912 Edisserit

247 1946 363 2034 enim
419 1945 511 2061 ipse
564 1943 682 2060 quod
737 1944 985 2032 huiusmodi
1032 1948 1325 2066 exemptionis
1380 1946 1609 2064 privilegio
1644 1946 1745 2034 illae

246 2067 443 2159 familiae
486 2067 624 2154 solum
670 2065 756 2155 lrui
791 2085 986 2184 possunt,
1029 2101 1142 2188 quae
1189 2073 1228 2158 in
1275 2085 1388 2157 statu
1430 2071 1619 2188 regulari
1638 2100 1744 2157 vere

246 2191 504 2282 constitutae
536 2205 651 2293 sunt3
677 2221 829 2278 verum
865 2193 920 2282 ad
956 2193 1035 2280 hoc
1070 2210 1115 2280 ut
1148 2193 1348 2282 familia
1338 2225 1379 2280 m
1415 2192 1742 2311 staturegulari

246 2316 484 2404 constituta
517 2313 717 2416 dicatur,
755 2345 842 2400 non
892 2313 1047 2404 sufficit
1096 2333 1141 2404 ut
1175 2347 1387 2438 personae
1437 2315 1612 2404 insimul
1663 2317 1748 2404 sub

247 2438 476 2528 commmi
519 2437 671 2554 regula
714 2437 903 2543 vivant,
945 2440 1024 2531 sed
1067 2458 1242 2558 oportet
1276 2458 1323 2528 ut
1365 2470 1580 2557 personae
1629 2469 1745 2557 qnae

246 2563 539 2651 honestatum
564 2560 908 2676 amplectuntur,
936 2563 1140 2650 emittant
1163 2565 1245 2652 tria
1275 2581 1373 2652 vota
1397 2563 1637 2652 solemma
1625 2579 1746 2649 mxta

250 2689 359 2801 Cap.
390 2683 461 2769 Ad
485 2684 775 2799 Apostolrcam
797 2687 861 2772 De
894 2686 1043 2802 Repal.
1070 2704 1114 2774 ct
1143 2688 1291 2776 vivant
1321 2687 1453 2776 etiam
1478 2687 1560 2774 suh
1594 2685 1744 2800 regula

247 2840 361 2932 quae
396 2839 420 2894 a
454 2809 570 2898 Sede
592 2809 842 2924 Apostolica
877 2811 1121 2926 approbata
1154 2811 1223 2914 sit,
1247 2825 1389 2928 prout·
1412 2811 1455 2896 in
1490 2811 1596 2895 Cau.
1635 2809 1741 2894 Per-

246 2933 530 3020 niciosamlS
564 2945 720 3048 palaest.
758 2934 803 3020 2.
853 2935 990 3020 Hisce·
1025 2933 1147 3022 addit
1195 2937 1500 3022 auctoritatem
1547 2931 1747 3020 Benedi-

120 3087 129 3100 ·
245 3057 301 3148 cti
336 3057 438 3142 xlv
473 3055 548 3173 qui
584 3053 627 3139 in
652 3055 837 3146 Constit.
874 3087 1007 3175 super
1029 3058 1372 3146 Conservatoriis
1398 3056 1626 3175 virginum
1655 3059 1746 3144 An-

244 3181 514 3299 glicanarum
539 3193 910 3294 nuncupaturum,
948 3179 1035 3267 dici
1061 3181 1121 3268 30
1145 3181 1309 3298 Aprilis
1337 3179 1471 3280 1749,
1501 3195 1737 3296 postquam

198 3411 204 3422 Ι
246 3303 505 3403 declaravit,
527 3301 647 3418 quod
673 3303 872 3418 Virgines
905 3302 1171 3420 Anglicanae
1206 3302 1468 3392 institutioni
1485 3303 1739 3418 puellarum

246 3457 399 3516 curam
435 3425 741 3544 impendentes
767 3456 852 3511 non
880 3458 960 3543 pro
979 3429 1095 3515 veris
1116 3427 1345 3544 Religiosis
1369 3423 1601 3514 habendae
1634 3424 1741 3527 sint,

254 3593 271 3630 ι
309 3549 412 3668 quia
447 3567 547 3638 vota
584 3550 867 3666 paupertatis
920 3550 1200 3639 obedientiae
1234 3567 1278 3638 et
1308 3550 1515 3638 castitatis
1549 3550 1606 3636 ab
1641 3547 1746 3667 ipsis

252 3715 269 3753 ι
312 3673 468 3762 emissa
502 3675 732 3760 coniuncta
766 3671 853 3761 dici
888 3674 1133 3791 nequibant
1176 3704 1276 3761 cum
1323 3703 1529 3790 expressa
1568 3687 1642 3759 aut
1680 3687 1745 3758 ta-

255 3839 271 3876 ι
311 3797 395 3884 cita
432 3794 701 3913 professione
734 3796 778 3883 in
814 3795 961 3914 aliquo
985 3796 1154 3885 Ordine
1198 3827 1276 3914 per
1314 3797 1493 3890 Sedem‘
1521 3794 1745 3913 Apostoli-

253 3963 285 4001 ιΧ
310 3949 403 4010 cam
442 3920 484 4006 in
519 3931 630 4006 statu
656 3949 786 4009 verae
811 3920 1047 4037 Religionis
1072 3922 1333 4038 approbato,
1360 3951 1410 4008 ac
1432 3918 1617 4036 proinde
1642 3933 1742 4006 vota

253 4085 270 4122 ι
311 4045 371 4132 sic
409 4043 565 4132 emissa
603 4043 818 4159 simplicia
852 4045 907 4132 ad
931 4073 1157 4132 summum
1195 4060 1306 4145 vota,
1336 4073 1421 4135 non
1449 4072 1553 4130 vcro
1587 4041 1744 4130 solem·

255 4209 271 4246 ι
311 4167 382 4254 nia
416 4166 580 4254 censeri
615 4166 856 4267 debebant,
891 4209 906 4244 ι
936 4167 1182 4284 praedictas
1212 4169 1417 4286 virgines,
1456 4196 1542 4253 non
1566 4164 1746 4253 obstan-

249 4307 292 4380 te
332 4292 582 4408 regularum
619 4291 939 4408 approbatione
960 4305 1004 4379 et
1036 4289 1395 4392 confirmatione,
1423 4289 1559 4376 voluit
1583 4287 1740 4375 subiici

248 4414 492 4502 auctoritati
532 4413 790 4518 Ordinarii,
840 4413 1067 4556 ipsisque,
1087 4413 1324 4531 quamdiu
1370 4413 1452 4500 suh
1487 4409 1744 4498 obedientia

247 4538 469 4664 Ordioarii
511 4536 736 4641 vixissent,
774 4540 980 4626 concessit
1014 4537 1233 4626 licentiam
1270 4534 1590 4625 conservandi
1581 4563 1624 4620 m
1648 4563 1746 4648 pro·

247 4655 342 4780 pria
375 4661 560 4750 Ecclesia
584 4663 915 4783 Sacramentum
949 4661 1258 4766 Eucharistiae,
1315 4659 1483 4775 absque
1519 4654 1740 4772 praeiudi-

247 4785 314 4873 cio
359 4801 504 4874 tamen
546 4783 709 4871 iuriam
743 4785 954 4874 Ecclesiae
991 4783 1266 4902 parochialis
1287 4781 1416 4896 Quod
1435 4781 1610 4868 tandem
1631 4781 1741 4866 Con·

217 4909 526 5026 .gregatiorres
558 4908 811 4996 Monialium
847 4939 870 4994 a
903 4911 1018 5000 Sede
1053 4906 1300 5026 lpostolica
1336 4937 1422 4994 non
1465 4903 1755 5020 approbatae·
1855 4953 1870 4976 =

246 5029 537 5120 subiicientur
571 5033 728 5120 rectori
758 5032 1005 5174 ‘parochiae
1043 5033 1157 5119 intra
1191 5031 1312 5120 cuius
1345 5029 1508 5118 limites
1531 5027 1739 5126 existunt,

248 5155 522 5247 ‹lecrevitS
568 5157 619 5246 C.
666 5157 766 5244 C.
757 5187 802 5241 ιιι
828 5154 1098 5241 Salernitana
1144 5154 1236 5242 lar.
1281 5152 1457 5269 paroch.
1499 5150 1560 5238 28
1600 5153 1747 5264 dapa-

247 5281 304 5366 sti
338 5279 478 5382 l702‚
518 5281 690 5369 testoS.
718 5279 837 5368 (Lm
865 5273 1746 5394 RcroualurtuatPoroclualtura201a

252 5405 401 5490 aerarii
429 5401 638 5524 l873g.
677 5401 898 5489 Moaiales.

365 5531 421 5614 At
447 5559 547 5616 vero
564 5527 834 5614 llonialesS.
849 5525 1002 5644 loseph
1018 5523 1204 5613 Virduni
1224 5525 1460 5613 existentes
1478 5553 1620 5641 neque
1645 5513 1748 5609 vota
1796 5607 1798 5610 ,
