4516 6318
644 313 728 404 Dic
760 313 820 402 l5
850 314 1075 404 Februarii
1109 317 1247 406 1879.
1605 323 1696 414 113

323 439 409 530 Sed
427 437 592 528 nedum
611 440 805 555 primum
826 453 871 528 et
890 439 1133 530 secundum
1158 439 1381 559 legitimae
1399 444 1699 537 transactionis

184 563 516 680 requisitumin
536 563 954 663 themateexulavit,
979 594 1135 652 verum
1175 565 1308 652 etiam
1335 567 1511 656 tertium
1539 599 1588 657 ac
1620 601 1696 687 po·

184 701 414 774 strcmum
437 686 616 774 omnino
638 685 848 776 defecisse
869 687 1112 804 subjungit.
1139 689 1253 778 Sane
1273 687 1484 776 notissimi
1505 690 1611 780 iuris
1628 709 1695 781 est

185 810 541 898 transactionem
559 809 653 896 lieri
675 809 790 897 haud
813 839 939 925 posse
978 810 1057 898 nisi
1082 811 1229 927 aliquo
1248 810 1347 899 hino
1376 812 1480 902 inde
1504 813 1608 902 dato
1644 833 1692 904 ct

183 951 384 1030 retento,
407 931 623 1048 promisso
643 933 711 1019 vel
734 933 913 1020 remisso
934 932 1013 1048 lep.
1033 934 1093 1022 38
1111 933 1218 1021 Cod.
1237 934 1302 1020 De
1322 951 1523 1024 transcat.
1547 941 1687 1027 Porro

183 1055 234 1143 in
281 1056 572 1144 transactione
589 1087 661 1144 an.
685 1057 807 1144 1706
823 1055 992 1142 miseris
1005 1057 1269 1172 Capellanis,
1283 1089 1470 1174 quorum
1492 1058 1588 1150 iura
1606 1062 1696 1150 cla-

184 1178 368 1266 rissima
389 1193 528 1281 crant,
552 1209 733 1280 novum,
749 1177 1073 1296 gravissimum,
1095 1197 1355 1297 perpetuum
1392 1199 1437 1267 et
1462 1212 1692 1300 nunquam

184 1301 443 1390 reducibile
476 1332 585 1390 onus
619 1303 872 1416 impositum
908 1301 1003 1402 luit,
1041 1303 1291 1392 celebrandi
1341 1305 1505 1392 scilicet
1539 1337 1692 1396 omncs

183 1426 347 1514 Missas
380 1425 703 1514 Conventualcs
738 1425 780 1510 in
815 1425 1021 1512 omnibus
1069 1423 1295 1516 lrrialibus
1344 1427 1504 1516 diebus
1556 1431 1691 1518 totius

185 1548 318 1652 anni,
356 1577 469 1668 quac
505 1548 595 1663 ipso
630 1547 796 1636 latente.
829 1547 1372 1664 CapituloCanooicorum
1396 1551 1452 1637 ad
1476 1551 1558 1638 331
1592 1553 1693 1642 lllis-

185 1699 260 1757 sas
298 1669 554 1772 ascendunt,
592 1703 778 1787 quarum
827 1671 1105 1788 eleemosyna
1148 1672 1301 1759 saltem
1339 1673 1465 1760 unius
1499 1673 1595 1760 lolii
1632 1704 1687 1762 eo

186 1807 399 1910 tempore
431 1810 541 1880 erat.
580 1796 612 1880 E
644 1813 795 1883 contra
828 1795 1058 1885 Canoaicis
1092 1796 1204 1885 adeo
1237 1795 1334 1882 leve
1380 1811 1424 1884 et
1466 1795 1692 1884 seducibi-

185 1917 229 2004 le
266 1947 379 2004 onus
411 1915 613 2003 additum
639 1933 718 2020 est,
747 1933 794 2004 ut
817 1947 897 2032 pro
922 1918 1057 2004 nihilo
1090 1917 1281 2036 reputari
1316 1921 1465 2034 possit,
1496 1919 1688 2038 implen-

186 2039 235 2128 11
271 2040 435 2127 scilieet
468 2040 662 2157 legatum
705 2043 894 2128 lannotti
945 2040 1168 2128 Missarum
1212 2041 1424 2129 lectarum
1457 2043 1534 2146 tte,
1573 2073 1692 2160 qua·

187 2193 294 2250 rum
328 2162 612 2278 eleemosyna
645 2181 737 2252 erat
776 2203 792 2242 r
835 2163 876 2249 lo
914 2180 1065 2281 qttorta
1115 2179 1239 2279 parte
1287 2163 1336 2250 di
1373 2197 1426 2250 ua
1458 2165 1598 2281 piulio
1639 2205 1680 2272 s,

187 2285 291 2402 ipso
313 2285 531 2372 referente
556 2285 783 2404 Episcopo,
801 2287 861 2374 ita
880 2305 927 2373 ut
945 2287 1025 2374 lroe
1041 2317 1152 2374 onus
1170 2286 1295 2374 dictis
1313 2317 1439 2375 causa
1458 2287 1684 2376 adlectum

188 2408 325 2496 luisse
346 2408 550 2496 sustineri
576 2409 698 2497 lacile
736 2409 885 2527 possit.
907 2413 997 2498 lloe
1019 2411 1256 2528 praeiacto,
1280 2411 1616 2498 transactionem
1642 2411 1687 2498 in

188 2533 389 2619 themate
422 2562 603 2620 onerose
647 2532 901 2648 processisse
949 2531 1134 2621 delendi
1174 2563 1260 2619 non
1306 2563 1432 2651 posse
1466 2533 1686 2637 edisserit,

187 2653 282 2741 imo
316 2654 360 2741 in
397 2654 476 2741 hoc
509 2654 733 2773 reciproco
766 2655 1031 2743 celebrando
1075 2673 1296 2744 contractu
1340 2657 1507 2744 nedum
1551 2687 1689 2744 enor-

188 2807 330 2880 mem,
368 2777 817 2866 sed'enormissimam
841 2777 1094 2882 laesionem,
1133 2779 1321 2897 ideoque
1355 2795 1399 2866 et
1432 2775 1583 2866 dolum
1620 2779 1684 2866 in·

190 2899 440 2988 tercessisse
462 2916 627 2989 tuetur.
664 2903 729 2989 tte
762 2932 866 2990 sane
901 2932 1002 2989 vera
1036 2933 1114 3017 pro
1134 2905 1360 2990 llissarum
1405 2903 1688 2990 Conventus·

186 3023 299 3110 lium
337 3024 419 3110 334
461 3023 706 3140 stipendio,
733 3025 971 3142 antiquitus
998 3027 1255 3112 occurrebat
1288 3053 1459 3113 summa
1498 3041 1685 3114 scutato·

189 3177 293 3234 rum
326 3149 386 3234 33
419 3160 462 3233 61
494 3149 617 3234 obul.
655 3151 714 3235 10
748 3149 1022 3236 considerata
1044 3147 1325 3266 eleemosyna
1348 3148 1503 3238 llissae
1528 3149 1679 3238 unius-

188 3269 401 3388 cuiusque
434 3270 590 3357 saltem
626 3271 756 3359 unius
788 3270 922 3374 lulii;
965 3270 1097 3358 hodie
1150 3302 1253 3358 vcro
1288 3270 1474 3360 occurrit
1504 3301 1678 3362 summa

189 3392 329 3480 libell.
367 3394 460 3480 500
492 3393 840 3498 circiter,habita
872 3393 1149 3511 eleemosyna
1184 3395 1333 3483 Missae
1373 3396 1676 3483 conventualis

189 3516 321 3603 unius
353 3516 531 3604 libellas
568 3548 666 3605 cum
717 3517 921 3623 dimidio,
959 3516 1070 3606 dum
1118 3533 1293 3607 econtra
1327 3547 1407 3634 pro
1457 3517 1679 3632 stipendio

188 3639 416 3727 llissarum
450 3641 510 3726 45
543 3640 672 3757 legati
705 3639 895 3730 lannotti
934 3641 1174 3758 antiquitus
1216 3641 1472 3730 occurrebat
1502 3667 1679 3729 summe

191 3763 325 3850 unius
358 3762 512 3852 scutati
555 3765 742 3868 circiter,
778 3765 909 3854 hodie
952 3796 1059 3852 vero
1092 3763 1148 3852 ad
1181 3793 1402 3852 sunrmum
1438 3778 1686 3852 occurreret

190 3915 365 3974 summa
389 3885 527 3974 libell.
545 3887 622 3974 15.
659 3891 792 3975 Porro
827 3917 941 4006 quae
964 3887 1044 3976 hoc
1067 3889 1202 3975 modo
1227 3885 1455 3981 transactio
1489 3887 1682 3976 celebra·

190 4022 277 4112 tur,
317 4009 482 4096 nedum
517 4039 779 4117 enormem,
816 4011 893 4098 sed
920 4011 1267 4100 enormissimam
1300 4011 1537 4099 laesionem
1581 4040 1686 4097 con-

191 4131 300 4219 tinet
334 4131 389 4220 ad
441 4132 601 4220 tradita
635 4165 714 4250 pcr
760 4133 1043 4222 Reillcnstuel
1079 4133 1154 4221 lib.
1198 4133 1469 4221 3Decrctal.
1515 4134 1581 4220 tit.
1621 4135 1678 4221 17

188 4285 230 4342 a.
269 4255 376 4358 358,
414 4253 503 4342 imo
538 4271 583 4342 et
615 4255 784 4360 dolum,
811 4257 1031 4375 siquidem
1056 4256 1296 4344 laesionem
1327 4255 1680 4344 enormissimam

191 4375 292 4466 dolo
314 4378 594 4496 aequiparari
617 4379 746 4468 docet
781 4381 907 4468 16165
940 4379 1048 4469 Coo.
1087 4383 1148 4466 Do
1186 4379 1285 4466 dolo
1314 4379 1440 4480 molo,
1480 4378 1682 4468 11611161-

195 4502 304 4589 stuel
339 4504 412 4588 cit.
454 4502 532 4590 loc.

310 4622 1670 4742 Nayuehitumheiciuvarettotusaoeitoesionemimminue-

189 4777 234 4834 re
267 4746 341 4834 inv
374 4747 510 4836 cando
549 4763 592 4836 et
629 4747 929 4864 praedicando
969 4749 1246 4838 reductiones
1270 4747 1495 4838 llissarum
1520 4745 1671 4832 lavore

189 4871 319 4986 Capcl
342 4901 523 4959 anorum
553 4872 753 4960 obtentas
785 4872 946 4960 intuitu
969 4874 1203 4963 Sacrorum
1229 4868 1596 4960 Conventualium
1613 4865 1677 4954 ab

100 5083 104 5092 ⁸
190 4987 293 5108 ipsis
306 4992 691 5084 celebrandorum.
708 4998 818 5082 lstae
831 4985 1239 5084 enimredirctiones
1260 4993 1329 5082 vel
1358 4993 1675 5092 noncxistunt,

189 5117 255 5203 vol
288 5117 415 5206 datae
434 5147 519 5204 non
539 5115 716 5205 luerunt
733 5117 775 5202 in
795 5119 1198 5235 compensationem
1214 5117 1358 5204 oneris
1385 5117 1679 5208 Conventus·-

188 5236 313 5342 lium,
346 5269 429 5328 ceu
463 5241 653 5356 ipsemet
670 5244 804 5329 licitus
822 5243 1056 5358 Episcopus
1074 5241 1220 5328 retulit
1238 5240 1281 5326 in
1306 5239 1443 5327 literis
1467 5237 1677 5326 informa·

190 5362 323 5466 toriis,
361 5365 430 5453 vel
463 5365 499 5451 si
531 5396 619 5482 qua
653 5363 765 5454 lorte
795 5363 990 5454 reductio
1024 5365 1203 5451 obtenta
1250 5361 1380 5450 luerit
1429 5361 1594 5450 intuitu
1636 5376 1680 5450 et

190 5487 555 5607 contemplatione
578 5488 786 5607 ipsarum,
813 5488 855 5577 11
879 5487 1107 5605 contigisse
1150 5487 1208 5576 ait
1230 5517 1284 5575 ex
1307 5517 1358 5574 co
1380 5484 1680 5696 (1116119961-
