4460 6332
636 339 719 427 Dic
749 337 811 425 20
842 337 1088 456 Septembris
1124 339 1260 429 l879.
1606 343 1697 431 465

213 455 322 550 lonti
355 473 399 550 et
443 459 676 578 magistrae
710 461 1078 580 proximioribus,
1115 463 1398 552 sanctissimis
1432 493 1480 551 ac
1511 465 1706 582 providis

216 584 472 675 Sanctorum
517 583 778 672 Pontificum
812 584 1197 674 constitutionibus
1230 585 1461 703 neglectis,
1499 587 1610 676 adeo
1643 587 1706 676 le-

214 708 359 810 viter,
395 725 527 824 atque
575 707 687 798 adeo
720 706 938 796 desidiosa
972 708 1136 795 incuria
1169 707 1512 797 matrimoniales
1549 741 1705 800 causae

211 843 566 950 pertractantur,
604 847 651 916 ut
699 847 876 946 praeter
922 829 1240 947 superficialem
1285 830 1546 919 iudiciorum
1593 831 1703 921 ritus

215 950 553 1052 observantiam,
571 951 677 1038 nihil
709 951 915 1056 solidum,
937 954 1044 1042 nihil
1079 971 1328 1042 accuratum
1354 969 1565 1058 occurrat,
1584 955 1705 1072 quod

212 1073 344 1162 etad
380 1076 609 1162 veritatem
640 1073 683 1160 in
714 1075 860 1190 aprico
894 1075 1213 1193 reponendam,
1240 1091 1283 1165 et
1317 1075 1373 1162 ad
1408 1076 1702 1190 promendam

211 1194 405 1285 conserat
436 1195 708 1286 Sacramenti
742 1196 1017 1314 religionem.

336 1317 381 1406 2.
419 1319 752 1433 Deplorandum
786 1319 997 1409 eiusmodi
1050 1320 1242 1410 incuriae
1286 1319 1540 1434 exemplum
1582 1321 1703 1408 exbi-

210 1441 289 1526 bet
323 1439 428 1530 baec
460 1469 603 1546 causa,
639 1441 746 1534 dum
781 1443 875 1560 pari
892 1442 1089 1532 fatuitate
1123 1442 1166 1528 in
1211 1441 1375 1560 duplici
1408 1440 1513 1528 sede
1548 1440 1699 1531 iudicii

212 1562 426 1678 exagitata
458 1579 537 1665 est,
575 1564 619 1652 in
654 1564 1022 1683 Archiepiscopali
1046 1565 1255 1654 nimirum
1276 1563 1409 1654 Curia
1434 1562 1590 1650 Montis
1613 1567 1697 1653 lle·

213 1684 345 1801 galis,
384 1699 427 1772 et
459 1685 504 1772 in
536 1685 665 1776 Curia
698 1688 1101 1790 Calatanisiadcnsi,
1127 1717 1241 1806 quae
1264 1687 1321 1774 ob
1344 1713 1478 1772 unam
1497 1684 1703 1774 deficien-

211 1823 299 1893 tem
333 1805 669 1923 dispensationis
690 1839 821 1926 super
842 1809 1165 1928 impedimento
1189 1807 1357 1896 secundi
1377 1805 1537 1922 prades
1572 1810 1697 1923 poris

209 1923 430 2050 affinitatis
464 1931 793 2045 probationem,
833 1935 962 2022 nullis
994 1931 1153 2022 auditis
1186 1931 1400 2047 septimae
1436 1957 1593 2038 manus
1629 1947 1696 2020 te-

207 2051 520 2155 stibus‘nullo
554 2083 632 2141 nee
666 2085 690 2142 a
722 2055 981 2174 coniugibus
1014 2055 1218 2176 praestito
1261 2053 1525 2154 iuramento,
1564 2053 1699 2140 exin-

207 2168 354 2290 deque
387 2177 644 2294 exceptione
673 2175 1013 2294 dispensatiouis
1046 2177 1188 2266 lorsan
1226 2176 1388 2264 relatae
1424 2173 1695 2292 posthabita,

169 2296 416 2398 ,concordi
465 2328 593 2386 sensu
644 2299 700 2386 de
751 2301 1018 2389 matrimonii
1078 2300 1278 2387 nullitate
1324 2295 1693 2414 pronunciarunt.

208 2419 380 2521 Fateor,
399 2417 499 2505 emi
530 2453 578 2508 uc
613 2419 708 2508 tter·
740 2421 906 2528 Patres,
944 2424 1114 2541 ingrato
1143 2451 1275 2510 sensu
1328 2449 1399 2505 me
1431 2421 1698 2535 persensisse

211 2543 461 2656 correptum
497 2543 604 2630 dum
639 2559 834 2632 cesorum
859 2571 1107 2662 processum
1133 2567 1431 2663 [sareanen-em
1465 2567 1603 2657 quum
1640 2543 1700 2632 ita

208 2660 506 2802 perfunctorie
536 2667 808 2754 Sacramenti
843 2697 1016 2756 causam
1041 2667 1248 2756 vidissem
1272 2675 1582 2783 pertractatam
1601 2693 1701 2780 per-

208 2780 320 2870 mde.
347 2815 397 2872 ae
427 2787 461 2873 si
490 2787 547 2876 de
576 2790 799 2877 triobolari
823 2807 1028 2906 ageretur
1050 2789 1348 2879 contentione.
1371 2785 1459 2877 Sed
1494 2785 1538 2871 in
1573 2804 1693 2874 tanta

149 2953 151 2956 ·
209 2903 388 2993 illorum
424 2907 618 3000 iudicum
665 2911 893 3000 oscitantia
931 2929 976 3000 et
1020 2913 1197 3000 levitate
1230 2941 1301 2999 me
1336 2939 1450 2996 nunc
1483 2905 1622 2996 reficit
1646 2941 1695 2998 ac

210 3044 377 3116 recreat
397 3029 611 3149 sapientia
635 3049 677 3124 et
697 3033 936 3150 prudentia
960 3052 1116 3140 vestra,
1154 3051 1202 3122 ut
1233 3034 1288 3122 ad
1328 3031 1516 3120 salutare
1548 3060 1699 3119 exem-

204 3147 330 3264 plum
364 3149 550 3240 aliorum
584 3155 802 3244 desidiam
853 3158 923 3245 vel
964 3157 1180 3266 inscitiam
1227 3156 1463 3244 Curiarum
1515 3153 1694 3243 illarum

208 3272 449 3364 emendare
481 3273 727 3366 decernatis
759 3279 1020 3368 sententiam
1044 3281 1304 3368 earumdem
1329 3277 1632 3364 obliterantes.

334 3395 378 3482 3.
416 3399 735 3489 Testimonium
769 3403 839 3490 vel
874 3401 1090 3521 imprimis
1124 3403 1277 3489 invoco
1311 3397 1563 3519 peritissimi
1586 3395 1700 3488 Con-

207 3513 385 3604 sultoris
416 3522 680 3610 Canonistuc
712 3523 756 3610 in
792 3525 869 3614 bac
902 3555 1031 3613 causa
1066 3523 1269 3625 adhibiti,
1305 3521 1476 3610 llxiail'.
1503 3520 1690 3626 Stellati,

205 3635 283 3752 qui
312 3653 556 3760 utcumque
606 3642 857 3734 affinitatem
902 3646 1021 3734 inter
1064 3647 1268 3763 coniuges
1308 3645 1570 3761 impugnare
1605 3673 1693 3732 non
1728 3659 1730 3666 '

209 3775 494 3866 autumasset,
543 3766 826 3857 nihilominus
880 3768 1221 3886 dispensationis
1266 3767 1505 3868 indultum,
1543 3766 1694 3854 multi-

203 3879 392 3994 plicibus
425 3887 681 3976 coniecturis
715 3891 759 3978 in
792 3891 1037 3980 subsidium
1087 3890 1304 3993 adductis
1346 3890 1415 3976 vel
1461 3887 1696 4005 elargitum

204 4008 453 4115 percenseri
487 4013 713 4100 contendit
745 4013 885 4135 3111
918 4014 978 4102 in*
998 4014 1138 4130 princ.
1173 4059 1202 4078 ·
1224 4013 1285 4100 ibi
1308 4063 1338 4080 -
1365 4053 1381 4086 α
1407 4011 1523 4099 Cum
1557 4011 1694 4130 igitur

210 4161 228 4198 ι
268 4123 325 4212 de
357 4125 562 4220 affinitate
595 4151 779 4240 constet,
818 4163 992 4226 omnem
1014 4136 1118 4222 item
1145 4135 1460 4226 relaxationem
1482 4131 1690 4238 doluisse,

211 4247 373 4334 «mihi
410 4249 586 4342 videtur
617 4257 877 4348 incredibile
917 4301 956 4362 ι,
996 4259 1080 4360 vel,
1132 4259 1175 4344 in
1219 4259 1415 4377 pessima
1450 4256 1582 4344 etiam
1618 4255 1693 4373 hy·

208 4368 468 4484 pothesi,ex
500 4379 766 4496 gravissimis
800 4411 945 4470 rerum
980 4380 1191 4470 adiunctis
1213 4382 1258 4468 in
1292 4403 1498 4501 praesens
1531 4405 1696 4495 urgen-

203 4488 325 4578 tibus
359 4493 416 4582 ad
450 4501 777 4590 matrimonium
812 4505 854 4590 in
891 4504 1035 4594 radice
1054 4502 1306 4592 sanandum
1332 4500 1566 4620 implorari
1603 4499 1699 4588 de-

205 4609 313 4698 here
344 4617 428 4703 sub
461 4617 548 4710 fine
581 4624 776 4712 ciusdem
810 4629 911 4716 Voti
940 4627 1117 4716 suadet.

323 4737 373 4824 l.
410 4739 525 4830 Nihil
557 4745 626 4835 laic
658 4747 814 4836 melius
848 4749 905 4838 ad
932 4747 1027 4840 rem
1062 4749 1203 4836 lacere
1224 4763 1331 4865 puto
1354 4745 1684 4865 qaam-elegan-

206 4867 294 4944 tem
328 4857 564 4952 doctissimi
596 4870 865 4961 Consultoris
907 4871 1284 4960 elucubrationem
1332 4865 1381 4956 'in
1433 4867 1512 4956 hae
1550 4883 1684 4985 parte
1789 4956 1790 4960 Ν

205 4999 259 5063 ex
286 4979 462 5102 integro
504 4991 685 5078 recitare
724 4993 872 5110 prouti
922 4995 1040 5084 iacet
1066 4995 1108 5080 in
1142 4993 1341 5084 eiusdem
1375 4989 1531 5082 VOTO
1565 4989 1594 5114 3
1627 4993 1680 5082 V.
1774 5089 1782 5110 ,

198 5135 232 5164 ²—
262 5101 324 5189 ibi
352 5149 385 5176 ι
406 5109 570 5198 Verum
604 5133 645 5201 et
677 5115 714 5202 si
747 5117 854 5205 haec
886 5133 929 5204 et
954 5117 1120 5206 similia
1151 5115 1325 5205 veritati
1362 5111 1543 5201 minime
1572 5141 1688 5202 con*

196 5223 390 5314 sentiant
444 5233 535 5321 sive
582 5237 820 5347 accedant3
861 5239 895 5328 si
944 5241 1068 5328 novis
1125 5235 1267 5327 adhuc
1315 5235 1584 5356 argumentis
1631 5233 1690 5326 de

201 5343 428 5439 validitate
471 5359 742 5448 matrimonii
801 5362 939 5482 magis
985 5360 1287 5452 ‘dubitandum
1338 5362 1431 5464 sit;
1487 5373 1690 5448 statues·-

197 5466 311 5556 dum
351 5497 411 5560 'ac
455 5497 693 5597 propterca
734 5483 861 5590 erit,
895 5503 948 5573 ut
995 5485 1243 5603 coniugium
1282 5483 1343 5572 ab
1390 5482 1705 5693 annis59pr'upe..
